4298 5980
546 462 639 554 ομ·
909 448 1018 532 or
1063 447 1272 532 nunus
1312 443 1533 531 orestis

502 586 739 726 „consilio
773 619 830 688 ne
863 576 966 686 licet
1001 580 1187 725 quidem
1223 575 1354 680 nobis
1390 578 1644 697 discedere,
1686 572 1724 678 si
1764 575 1980 711 velimus,

506 817 537 864 „
551 776 603 841 ut
636 732 748 838 velle
782 727 1025 848 debemus,
1060 725 1183 862 jussis
1218 723 1370 827 Caroli
1403 721 1597 827 Caesaris
1634 717 1977 868 obtemperare,

505 882 633 1026 „qui
669 877 849 1019 cognita
885 871 1053 975 hostilis
1098 867 1305 974 exercitus
1351 867 1706 1013 magnitudine,
1735 872 1975 1013 proxime,

511 1063 607 1154 „ut
648 1021 823 1142 nostis,
862 1021 924 1120 ad
963 1057 1045 1120 nos
1086 1015 1291 1161 scripsit,
1326 1051 1377 1117 ut
1419 1053 1557 1156 quarn
1608 1015 1972 1124 commodissime

505 1249 538 1299 „
553 1166 798 1315 possimus,
833 1161 1033 1284 bellum,
1068 1165 1179 1265 dum
1215 1157 1308 1304 ipse
1342 1160 1482 1300 copiis
1524 1159 1684 1262 nostris
1725 1159 1975 1266 imminutis

505 1313 911 1459 „supplementum
945 1308 1113 1429 mittit,
1150 1306 1394 1424 ducamus,
1438 1302 1691 1447 praesertim
1739 1343 1847 1408 curn
1893 1349 1976 1412 coa

507 1462 651 1605 „piae
686 1493 858 1580 nostrae
893 1454 1096 1558 nondum
1132 1457 1286 1553 omnes
1321 1449 1639 1571 convenerint,
1670 1448 1815 1552 adhuc
1851 1455 1973 1560 enirn

507 1597 703 1730 „italica
738 1645 811 1705 sex
845 1600 1013 1702 circiter
1048 1597 1241 1702 millium
1275 1594 1478 1739 peditum
1512 1631 1702 1717 manus,
1728 1635 1866 1740 quarn
1896 1599 1973 1702 du-

508 1827 540 1876 „
556 1749 618 1853 cit
652 1745 869 1852 Fabricius
904 1743 1232 1863 Mararnaldus,
1267 1773 1559 1883 exspectatur.
1580 1756 1614 1801 “

510 1891 514 1898 ’
581 1903 659 1998 ΧΙ.
732 1903 865 1991 Hanc
899 1889 1157 1990 sententiam
1191 1884 1451 1988 Philibertus
1486 1921 1538 1986 ut
1572 1883 1762 1987 maxime
1797 1887 1969 2030 proba·⁴

509 2071 594 2157 ret,
631 2070 676 2136 et
710 2033 863 2137 ceteris
897 2030 1103 2134 omnibus
1137 2025 1407 2152 anteferret,
1441 2023 1547 2130 fecit
1581 2068 1677 2132 non
1712 2029 1858 2132 solum
1894 2071 1971 2133 au-

511 2180 643 2283 ctoris
677 2177 866 2320 gravitas
907 2212 952 2278 et
991 2176 1149 2316 opinio
1185 2173 1358 2276 virturis
1402 2213 1453 2275 ac
1494 2212 1596 2276 usus
1637 2174 1701 2276 rei
1743 2175 1971 2297 militaris,

512 2327 588 2426 sed
622 2323 694 2426 illa
731 2359 914 2465 quoque
948 2320 1091 2441 tatio,
1127 2320 1253 2464 quod
1289 2318 1473 2422 Carolus
1506 2330 1701 2439 Caesar,
1738 2358 1844 2424 cunr
1879 2319 1971 2422 Phi·

509 2468 672 2571 liberto
707 2504 928 2568 summam
961 2464 1140 2604 imperii
1175 2503 1226 2564 ac
1261 2460 1365 2564 belli
1399 2463 1581 2604 gerendi
1616 2465 1832 2586 traderet,
1866 2462 1973 2568 illud

511 2613 643 2714 simul
679 2647 757 2750 per
791 2609 955 2708 litteras
991 2609 1305 2729 mandaverat,
1340 2644 1392 2710 ut
1426 2608 1476 2711 in
1512 2607 1630 2712 bello
1665 2608 1966 2710 administran-

428 2782 431 2792 ’
512 2758 613 2876 do,
653 2788 698 2853 et
741 2751 933 2854 consiliis
977 2753 1201 2893 capiendis
1237 2753 1507 2855 Fernandum
1548 2753 1816 2856 Alarconem
1843 2833 1859 2876 ,
1891 2793 1970 2856 cu-

510 2909 579 3033 jus
619 2933 841 3041 perspecta
882 2934 990 3000 esset
1032 2897 1165 3001 virtus
1207 2934 1252 3000 et
1295 2897 1568 3040 prudentia,
1613 2932 1659 2999 et
1705 2898 1865 3042 longus
1911 2896 1973 3001 rei

511 3041 711 3143 militaris
747 3081 880 3165 usus,
914 3039 1166 3145 adhiberet.
1204 3053 1359 3186 Itaque
1394 3044 1540 3146 castris
1575 3040 1761 3144 munitis
1805 3042 1972 3148 bellurn

511 3188 670 3288 ducere
714 3221 758 3285 et
803 3224 881 3327 per
922 3187 1155 3329 quaesitas.
1172 3226 1247 3291 aut
1281 3185 1447 3289 oblatas
1484 3184 1737 3288 occasiones
1771 3225 1865 3290 ttm
1898 3226 1971 3330 ge«.

417 3359 420 3366 “
511 3367 602 3433 rere
636 3329 885 3434 constituit.
924 3331 1038 3433 Galli
1072 3370 1178 3434 vero
1215 3373 1239 3432 e
1274 3331 1455 3473 regione
1491 3367 1734 3436 castromm
1769 3369 1973 3476 progres-

511 3475 547 3576 si
581 3511 734 3619 aperto
758 3507 815 3575 vet
850 3514 993 3617 aequo
1027 3476 1129 3577 loco
1172 3476 1500 3597 constiterunt,
1540 3511 1634 3598 ut,
1671 3476 1708 3578 si
1754 3476 1973 3616 praelium

511 3619 762 3722 Caesariani
795 3619 1073 3722 committere
1110 3620 1298 3741 vellent,
1323 3619 1502 3730 liceret;
1531 3621 1605 3722 sed
1641 3621 1801 3722 nostris
1847 3622 1975 3765 quie-

510 3762 758 3888 scentibus,
788 3763 904 3866 intra
927 3761 1197 3866 bombardae
1223 3766 1298 3866 teli
1327 3774 1492 3896 jactum
1517 3801 1655 3866 castra
1681 3765 1828 3867 castris
1865 3807 1973 3870 con-

509 3909 732 4011 tulerunt.
770 3909 985 4012 Postridie
1020 3909 1108 4011 levi
1143 3909 1331 4052 equestri
1365 3908 1527 4051 praelio
1562 3909 1836 4030 commisso,
1860 3925 1973 4015 Cae.

509 4053 666 4154 sariani
709 4053 878 4195 equites
917 4093 1029 4158 'cum
1070 4055 1205 4157 totius
1248 4053 1470 4198 equitatus
1517 4051 1738 4198 praefecto
1781 4067 1975 4160 Fernan„

425 4315 428 4321 ¹
508 4197 570 4300 do
614 4207 828 4342 Gonzaga
870 4200 982 4302 male
1025 4237 1372 4344 pugnaverunt3
1419 4239 1524 4304 nam
1568 4199 1730 4304 vexillo
1773 4200 1976 4320 amisso,

507 4343 679 4482 quique
715 4342 926 4446 vexillum
973 4339 1169 4468 fetebat,
1208 4343 1545 4448 bartholomaeo
1588 4343 1842 4487 Campegio
1884 4359 1972 4450 na

505 4485 711 4586 noniensi
760 4487 856 4588 viro
906 4483 1016 4590 forti
1062 4490 1307 4594 desiderato
1355 4484 1442 4594 fissi
1485 4499 1644 4634 patum
1669 4487 1869 4592 ‘honeste
1902 4529 1971 4592 se-

360 4701 365 4736 t
504 4666 550 4728 se
586 4630 634 4730 in
669 4663 805 4732 castra
842 4666 1130 4773 receperunt3
1172 4635 1244 4734 sed
1280 4635 1420 4738 iidem
1447 4635 1600 4738 altero,
1621 4635 1817 4781 praelio,
1831 4629 1974 4774 quod

425 4835 427 4842 ‚
501 4775 745 4882 secundum
784 4775 935 4919 paucis
971 4773 1130 4884 diebus
1170 4777 1430 4917 interjectis
1456 4775 1631 4902 fecere,
1680 4779 1796 4889 illius
1819 4775 1978 4922 ⁴fugae

1882 4957 1978 5024 tuf-u
