4292 5984
616 475 861 594 cnrtori
898 511 950 594 ν.
995 515 1117 593 tro.
1155 516 1217 592 rr.
1526 527 1580 613 5¹

156 664 243 773 bus
274 676 424 770 autem
461 659 742 807 potissimum
780 665 1035 770 consiliariis
1068 703 1291 789 uteretur,
1329 710 1406 772 eos
1440 664 1528 774 fere
1563 717 1622 777 o-

150 855 278 918 mncs
301 850 345 915 et
368 846 566 914 externos
602 847 690 911 esse
727 844 1066 956 nostrorumque
1108 851 1285 916 morum
1327 814 1535 957 ignaros,
1577 855 1620 923 et

146 957 197 1062 in
236 998 335 1060 eam
362 953 639 1099 potissimum
674 991 830 1056 euram
865 954 1153 1080 incumbere,
1189 962 1424 1100 quomodo
1459 965 1530 1063 vel
1564 1002 1619 1068 err

144 1102 308 1206 nostris
342 1101 515 1235 jacturis
551 1099 791 1220 ditescant,
828 1135 871 1200 et
906 1141 1016 1204 auto
1051 1137 1325 1246 argentoque
1361 1106 1509 1206 onusti
1544 1108 1618 1209 do·

144 1286 279 1348 mum
321 1280 613 1348 revertantur.
656 1251 781 1342 Nam
822 1241 858 1343 si
899 1247 980 1388 qui
1022 1285 1161 1350 essent
1202 1284 1254 1348 ex
1295 1247 1452 1351 nostris
1497 1252 1618 1392 apud

143 1401 355 1534 Regem,
378 1388 459 1530 qui
493 1388 543 1489 in
578 1387 814 1487 consilium
843 1386 1066 1494 interdum
1090 1389 1428 1516 adhiberentur,
1464 1392 1516 1496 iis
1553 1429 1619 1496 er-

146 1533 244 1638 iam
285 1533 476 1636 eundem
517 1527 730 1635 morbum
771 1530 1022 1656 incessisse,
1071 1573 1152 1638 nec
1193 1539 1536 1662 auctoritatem,
1579 1541 1616 1642 si

145 1676 344 1780 maxime
378 1676 563 1797 vellent,
598 1669 941 1820 facultatemque
982 1719 1212 1822 suppetere
1254 1684 1311 1784 ad
1351 1693 1527 1826 Regem
1568 1682 1616 1784 in

144 1823 378 1925 meliorem
405 1818 690 1943 sententiam,
725 1821 875 1923 ceteris
900 1821 1248 1946 retrahentibus,
1279 1825 1612 1929 adducendum.

144 1969 288 2093 Quod
322 1967 359 2068 si
393 2008 445 2067 ea
480 2004 584 2066 cura
619 1966 722 2066 alias
765 2006 949 2108 quoque
990 1968 1188 2070 civitates
1231 1967 1500 2112 attingeret,
1542 2003 1614 2068 ta*

143 2148 252 2214 men
287 2110 471 2213 stultum
505 2147 581 2212 aut
616 2108 752 2210 ctiam
779 2111 993 2252 ignavum
1022 2151 1139 2230 esse,
1174 2113 1357 2232 ceteris,
1394 2115 1505 2214 dum
1540 2112 1616 2214 alii

148 2253 262 2357 alios
296 2288 572 2395 exspectant,
595 2253 898 2357 cunctantibus
939 2290 1014 2356 aut
1046 2251 1244 2354 obtusius
1273 2255 1494 2357 venientia
1521 2296 1617 2355 ma-

144 2397 192 2496 la
234 2397 584 2542 negligentiusve
630 2394 1023 2540 prospicientibus,
1064 2435 1160 2500 rem
1202 2434 1491 2498 communem
1533 2434 1621 2536 pe*

151 2577 241 2641 rrte
280 2577 402 2683 patr.
637 2568 642 2576 ’

202 2692 317 2790 ΧΙΠ.
358 2693 485 2788 Haec
519 2684 599 2788 diu
633 2721 796 2830 magna
831 2681 1115 2790 contentione
1150 2681 1201 2786 in
1240 2718 1473 2826 utramque
1514 2718 1617 2824 par⁴

149 2861 244 2932 tens
279 2866 385 2930 cum
419 2824 601 2936 fuissent
635 2831 883 2973 disputata,
919 2829 1067 2972 paucis
1104 2829 1278 2934 illisne
1314 2828 1511 2930 civitates
1554 2826 1617 2926 lit·

149 2970 250 3074 teris
284 2973 614 3080 sollicitarentur
649 2970 999 3096 obtestantibus,
1040 3010 1086 3076 et
1118 2971 1355 3092 Praesidis,
1393 2971 1474 3114 qui
1509 2970 1617 3069 ade-

153 3150 252 3241 rat,
288 3115 425 3222 fidem
441 3245 444 3250 Ι
461 3159 506 3224 et
548 3115 780 3242 officium,
826 3157 884 3220 ne
930 3119 1041 3262 quid
1082 3117 1167 3220 talc
1209 3113 1389 3218 admitti
1435 3114 1588 3216 sineret
1602 3161 1639 3233 ,-

152 3258 528 3403 implorantibus,
573 3279 750 3370 Senatus
793 3263 1060 3368 dimittitur.
1103 3271 1301 3364 Praeerat
1348 3259 1396 3361 id
1444 3293 1618 3398 tempus

154 3400 308 3507 Toleti
343 3448 521 3510 summo
569 3406 872 3552 magistratui,
908 3448 1044 3553 quem
1079 3412 1334 3508 correctorem
1371 3403 1621 3546 appellant,

155 3550 406 3654 Ludovicus
442 3563 773 3655 Portucarrerus
809 3554 983 3654 Palmae
1019 3567 1219 3672 Comes,
1256 3548 1337 3690 qui
1370 3584 1421 3652 ut
1456 3547 1504 3649 in
1541 3583 1622 3644 eo<

155 3729 288 3817 rum,
325 3695 406 3841 qui
441 3694 568 3798 rebus
603 3695 732 3799 novis
769 3693 1034 3830 studebant,
1071 3694 1331 3798 sententiam
1362 3685 1621 3802 inclinabat,

155 3835 267 3942 dum
303 3881 353 3942 ea
390 3878 454 3940 res
489 3840 719 3945 inSenatu
756 3837 1031 3984 agitabatur,
1065 3876 1235 3978 semper
1271 3875 1315 3936 se
1349 3833 1463 3936 intra
1498 3830 1622 3932 silen-

156 3979 275 4082 tium
316 3983 602 4106 continebat,
643 4025 701 4090 nc
746 4022 824 4087 aut
872 3985 998 4126 quod
1048 3981 1267 4125 probabat
1317 4006 1623 4115 oppugnaret,

157 4157 235 4222 aut
269 4127 438 4268 Regiae
473 4130 520 4229 di
583 4129 683 4230 irati
719 4168 960 4273 causaeque
998 4127 1201 4228 adversus
1246 4157 1334 4219 esse
1376 4117 1622 4220 videretur.

159 4274 286 4368 Haec
321 4270 473 4373 omnia
509 4169 582 4372 iii
609 4273 741 4412 pauci
779 4287 1034 4390 Senatores,
1069 4262 1354 4406 Tribunique
1395 4257 1534 4402 plebis
1569 4255 1624 4356 ad

161 4411 432 4515 chandum
458 4413 653 4536 Silvam,
696 4413 825 4545 hujus
854 4409 1056 4517 factionis
1090 4409 1298 4554 principis
1326 4402 1514 4544 Joannis
1540 4399 1626 4502 Ri-

161 4549 289 4657 berae
324 4549 539 4682 fratrem,
574 4597 678 4660 eum
714 4556 992 4679 retulissent,
1029 4554 1191 4699 placuit
1227 4547 1458 4653 communi
1491 4544 1626 4646 consi·

163 4695 262 4822 lio,
297 4737 347 4803 ut
382 4700 438 4802 de
475 4703 687 4806 seditiosis
731 4700 1077 4805 adversariorum
1113 4694 1384 4813 conatibus,
1418 4729 1461 4792 et
1497 4699 1629 4789 Prae·

165 4840 266 4946 sidis
314 4846 372 4947 ad
412 4847 568 4953 omnia
616 4845 889 4950 contriventis
938 4842 1205 4986 negligentia
1237 4853 1413 4981 Regem
1445 4828 1631 4942 facerent

1140 4995 1221 5088 Ga
1537 5009 1635 5074 cet·-
