4326 5986
554 424 642 540 416
963 442 1049 524 DE
1091 439 1289 522 REBUS
1325 435 1548 522 GESTIS

513 603 871 707 misemnt.1ta
911 605 1131 745 oppidum
1173 604 1437 764 direptum,
1486 587 1799 740 mortalesque
1819 636 1965 707 omnes

513 789 700 850 numero
737 749 793 846 ad
831 746 949 847 mille
985 745 1212 846 ducenti
1199 784 1246 846 m
1282 744 1536 845 servitutem
1571 740 1812 862 abstracti,
1847 782 1889 844 et
1919 748 1960 849 in

515 933 644 992 naves
680 891 910 1051 impositi,
944 927 1112 1052 praeter
1149 928 1219 988 sex
1255 886 1353 987 illos
1389 886 1688 1004 miserandae,
1726 922 1770 986 et
1796 887 1961 991 calami·

517 1073 636 1136 rosae
680 1033 970 1135 deditionis
958 1032 1127 1195 impios
1164 1068 1208 1132 et
1251 1023 1493 1131 nefarios
1482 1065 1775 1169 interpretes,
1809 1032 1967 1194 quibus

514 1178 615 1316 ipsis
650 1174 821 1295 hostes,
889 1213 1021 1276 taeter
1069 1177 1270 1276 miseram
1305 1211 1349 1274 et
1395 1168 1608 1273 infamem
1643 1211 1863 1294 ammam,
1901 1177 1975 1274 ni-.

515 1318 609 1440 hil,
643 1322 767 1462 quod
804 1216 971 1419 aulerre
1008 1355 1219 1462 possent,
1257 1317 1415 1456 reliqui
1461 1311 1643 1434 fecere,
1681 1355 1775 1416 non
1816 1318 1966 1418 uxori-

516 1461 629 1581 bus,
667 1503 760 1564 non
796 1459 983 1582 libetis,
1017 1503 1108 1564 non
1143 1461 1428 1622 suppellectili
1472 1494 1816 1600 pepercerunt,
1801 1462 1965 1564 solam

471 1704 476 1713 .
515 1609 686 1769 vitam,
722 1646 837 1747 quae
873 1538 1005 1746 paulo
1043 1641 1143 1749 post
1178 1603 1393 1706 damnatis
1427 1640 1533 1704 cum
1568 1602 1787 1743 supplicio
1824 1640 1868 1705 et
1896 1606 1964 1748 ig·

517 1750 717 1854 nominia
752 1785 900 1889 erepta
936 1786 1027 1870 est,
1064 1750 1387 1889 relinquentes.

587 1904 700 1995 VIII.
775 1893 927 1991 Hoc
916 1893 1053 2033 igitur
1090 1891 1244 1993 dolote
1279 1888 1532 1990 stimulante
1567 1889 1778 2009 Carolus,
1813 1923 1855 1990 et
1878 1891 1963 1991 tol

516 2037 602 2135 lere
636 2031 859 2174 cupiens
850 2073 1005 2134 omnes
1042 2033 1299 2164 hujusmodi
1335 2035 1556 2134 malorum
1583 2033 1968 2194 occasiones,bel

515 2179 609 2281 lum
648 2161 859 2278 Africum
895 2178 1040 2318 ptimo
1083 2217 1266 2318 quoque
1308 2212 1506 2318 tempore
1546 2215 1758 2278 renovare
1797 2177 1966 2319 cogita-

515 2318 618 2442 bat,
655 2357 699 2420 et
740 2330 830 2454 jam
866 2318 971 2421 huic
1007 2319 1071 2422 rei
1114 2317 1357 2483 officioque
1395 2314 1691 2461 praefecerat,
1729 2320 1811 2460 qui
1844 2359 1967 2420 com·

512 2500 677 2565 meatus
720 2500 765 2564 et
805 2462 1019 2604 reliqua,
1028 2502 1180 2624 quae
1224 2464 1321 2564 usui
1361 2461 1474 2566 bello
1521 2461 1963 2626 navigationibusque

514 2643 645 2726 sunt,
683 2607 731 2705 in
766 2605 908 2706 Sicilia
944 2603 1223 2769 potissimum
1259 2641 1390 2749 atque
1425 2607 1601 2706 Baetica
1647 2643 1725 2748 per
1761 2604 1961 2768 hyemem

511 2781 842 2911 compararent,
881 2784 929 2849 ut
963 2787 1067 2849 cum
1103 2752 1299 2892 primum
1334 2787 1412 2891 pet
1446 2750 1550 2852 anni
1585 2783 1755 2892 tempus
1792 2750 1964 2891 naviga-

511 2931 558 2993 re
594 2890 918 3033 exercitumque
954 2892 1146 3026 trajicere
1182 2894 1358 3012 liceret,
1387 2892 1499 2996 nihil
1535 2930 1670 3013 esset,
1707 2894 1833 3034 quod
1875 2930 1968 3055 pto·

512 3032 751 3138 fectionem
786 3071 1060 3144 moraretur.
1098 3034 1330 3139 Talibus
1317 3035 1450 3179 igitur
1485 3035 1705 3199 tantisque
1732 3035 1943 3136 malis
1884 3075 1966 3175 prr

511 3215 590 3279 mo
627 3216 809 3318 quoque
840 3214 1071 3341 tempore
1094 3181 1279 3282 Carolus
1315 3179 1554 3280 obviam
1542 3217 1607 3282 rre
1642 3217 1745 3280 cum
1795 3179 1964 3280 statuis-

513 3355 604 3441 set,
642 3361 770 3421 suum
809 3320 937 3460 pium
972 3320 1227 3424 institutum
1262 3321 1432 3454 injustis
1465 3323 1604 3464 Regis
1623 3324 1849 3425 Gallorum
1878 3361 1968 3423 mo-

510 3396 626 3566 tibris
662 3464 870 3634 impediri
916 3465 1214 3569 molestissime
1259 3461 1460 3586 ferebat,
1498 3476 1621 3599 cujus
1663 3467 1821 3608 copiae
1871 3505 1971 3568 cum

510 3604 746 3747 Alpibus
730 3646 824 3737 Jam
858 3608 1218 3753 appropinquate
1252 3610 1592 3730 nuntiarentur,
1629 3611 1687 3734 ad
1722 3649 1792 3714 eas
1827 3610 1972 3751 repri-

509 3751 728 3869 mendas,
767 3790 824 3851 ne
861 3789 962 3893 post
1003 3751 1304 3895 Allobroges,
1353 3791 1397 3855 et
1437 3753 1702 3874 Taurinos,
1745 3751 1975 3874 Insubres,

510 3827 949 4055 Mediolairensesque
984 3894 1090 3998 fines
1128 3897 1419 4019 invaderent,
1456 3895 1505 3998 in
1537 3830 1741 4040 Belgiuin
1782 3909 1976 4000 Germa·

510 4075 722 4180 mamque
757 4038 943 4159 scribit,
967 4076 1018 4141 ut
1053 4040 1240 4142 dimissis
1268 3976 1677 4184 conquisitoribus,
1706 4040 1871 4144 auxilia
1902 4080 1979 4141 ce-

401 4317 405 4322 ·
509 4178 700 4284 leriter
688 4221 738 4283 tn
772 4114 1044 4345 Cisalpinam
1080 4185 1272 4287 Galliam
1306 4185 1509 4287 Antonio
1551 4185 1712 4288 Leivae
1749 4185 1977 4286 mitteren-

511 4360 615 4427 tur
666 4324 788 4427 Huic
834 4326 953 4428 enim
996 4367 1168 4432 summa
1211 4326 1317 4430 belli
1373 4328 1705 4434 administrandi
1761 4329 1976 4491 permissa

510 4503 599 4587 erat
633 4469 866 4571 communi
901 4472 1242 4574 Foederatorum
1277 4475 1462 4576 nomine
1507 4509 1551 4576 et
1587 4475 1849 4596 voluntate,
1894 4510 1973 4615 qur

506 4611 751 4750 amicitiam
800 4613 1024 4713 Bononiae
1081 4617 1418 4757 societatemque
1468 4657 1568 4720 cum
1628 4619 1795 4724 Carolo
1853 4638 1969 4720 co'r'e·

505 4791 633 4878 rant,
672 4757 729 4862 ad
768 4753 938 4862 Italiam
980 4759 1213 4867 tutandam
1254 4760 1566 4872 communibus
1602 4765 1771 4887 armis,
1807 4797 1853 4868 et
1899 4760 1973 4863 in

688 4965 697 4976 ,
1896 4913 1973 5046 ju«
