4298 5980
571 484 651 598 198
752 451 754 456 ’
971 484 1054 567 ou
1097 479 1309 562 nunus
1356 470 1581 556 oustrs

518 644 714 750 tionibus
751 639 886 760 facit,
923 673 974 738 ut
1008 632 1126 752 sibi,
1162 668 1207 734 et
1243 629 1516 772 quicumque
1559 659 1685 739 arce,
1727 657 1818 760 quo
1838 678 1844 692 ·
1862 613 1994 721 bona

519 831 615 933 pars
652 789 876 891 nobilium
913 776 1199 920 confugerat,
1227 772 1589 888 continebantur,
1624 761 1812 864 liberum
1847 799 1995 883 esset,

519 975 613 1034 arce
663 921 858 1045 tradita,
901 963 1006 1024 cum
1048 920 1172 1023 rebus
1215 919 1299 1018 suis
1344 912 1587 1032 omnibus,
1638 949 1731 1050 quo
1774 916 1995 1047 cujusque

518 1079 689 1177 animus
725 1069 873 1191 ferret,
903 1069 1138 1172 discederet
1175 1060 1261 1164 sibi
1296 1071 1497 1160 Comum
1530 1056 1707 1172 urbem,
1745 1087 1861 1192 quae
1898 1051 1991 1151 Hi-

521 1255 756 1359 spanorum
794 1213 1007 1356 praesidio
1044 1206 1307 1324 tenebatur,
1343 1203 1398 1303 ad
1434 1197 1725 1299 habitandum
1763 1233 1869 1294 curn
1906 1234 1990 1295 an-

518 1403 612 1460 nuo
649 1360 831 1501 triginta
866 1357 1058 1456 millium
1095 1356 1351 1454 ducatorum
1387 1342 1594 1487 vectigali
1638 1339 1987 1484 permitteretur,

520 1509 661 1606 donec
696 1504 788 1643 ipse
829 1500 1086 1603 criminibus
1122 1496 1270 1598 dilutis
1305 1527 1428 1593 suam
1459 1525 1636 1590 causam
1673 1483 1839 1586 Carolo
1875 1497 1985 1591 Cae,

523 1647 607 1746 sari
644 1644 943 1784 probavisset.

457 1777 462 1786 ⁴
579 1799 788 1888 XXXIII.
849 1797 962 1888 Arce
998 1784 1191 1904 tradita,
1226 1778 1386 1883 Sfortia
1418 1817 1523 1880 cum
1563 1772 1649 1875 suis
1687 1771 1894 1875 omnibus
1922 1773 1989 1874 di*

523 1970 685 2073 gressus
732 1967 774 2031 et
808 1929 865 2030 ab
905 1931 1110 2030 Antonio
1148 1926 1284 2024 Leiva
1331 1955 1450 2020 extra
1501 1925 1657 2020 urbem
1694 1956 1738 2017 et
1779 1917 1987 2020 munitio·

523 2112 600 2172 nes
643 2073 851 2171 deductus
899 2072 946 2168 in
980 2106 1117 2168 castra
1154 2066 1491 2166 Foederatorum
1529 2061 1783 2179 contendit,
1821 2101 1847 2159 a
1887 2059 1985 2200 qui-

523 2213 604 2314 bus
644 2249 707 2314 est
740 2212 890 2312 amicis
926 2212 1113 2353 quidem
1150 2209 1340 2318 animis,
1381 2207 1454 2306 sed
1499 2245 1603 2306 cum
1643 2203 1848 2305 omnium
1892 2243 1983 2304 ma-

524 2397 617 2500 gno
666 2358 853 2473 dolore,
879 2393 1102 2495 receptus.
1143 2352 1263 2451 Hinc
1299 2343 1539 2451 Sfortinum
1575 2345 1846 2490 praefectum
1886 2387 1982 2448 curn

525 2500 719 2601 militum
767 2499 982 2638 praesidio
1019 2495 1182 2612 mittit,
1209 2495 1290 2633 qui
1321 2506 1519 2593 Comum
1554 2531 1580 2590 a
1612 2492 1904 2610 Caesarianis,
1936 2525 1982 2590 ut

526 2675 821 2756 convenerat,
861 2637 1065 2740 traditam
1085 2693 1089 2700 ⁷
1109 2638 1356 2777 reciperetr
1399 2634 1472 2736 sed
1511 2635 1727 2777 Hispani,
1770 2635 1851 2775 qui
1889 2643 1981 2732 Co-

524 2821 652 2884 mum
697 2777 930 2899 tenebant,
965 2775 1171 2879 Sfortiam
1213 2779 1360 2917 ipsum
1400 2778 1618 2918 recipere,
1665 2814 1708 2878 et
1747 2776 1902 2878 urbem
1942 2775 1981 2876 ei

523 2926 692 3027 tradere
729 2963 817 3023 sese
851 2960 1023 3064 paratos
1059 2961 1168 3041 esse,
1198 2955 1248 3020 ut
1283 2921 1388 3053 jussi
1421 2915 1614 3042 fuerant,
1643 2923 1977 3061 responderunt3

419 3181 420 3184 Ν
523 3106 617 3170 non
653 3066 712 3166 sic
748 3101 931 3185 tamen,
964 3067 1141 3165 ursino
1185 3103 1367 3166 suorum
1411 3065 1625 3206 praesidio
1671 3064 1979 3166 incustoditam

523 3207 723 3312 hostibus
758 3245 848 3311 tarn
883 3209 1166 3350 propinquis,
1204 3249 1230 3309 a
1266 3208 1427 3350 quibus
1465 3208 1671 3349 occupari
1708 3246 1869 3350 posset,
1904 3243 1972 3306 re-

522 3355 800 3493 linquerent.
852 3364 957 3452 Hoe
1006 3353 1062 3456 ab
1104 3346 1297 3455 Sfortino
1340 3354 1628 3472 renuntiato,
1677 3365 1781 3453 Dux
1829 3345 1983 3453 Sfortia

523 3536 614 3599 non
648 3496 823 3637 putavit
847 3536 871 3595 e
899 3533 945 3598 tc
971 3497 1276 3640 dignitateque
1312 3537 1388 3597 sua
1422 3493 1549 3612 fore,
1573 3534 1623 3598 ut
1658 3538 1700 3598 se
1736 3528 1977 3636 suspectum

524 3638 729 3783 suspectis
764 3641 1087 3744 committeret.
1125 3656 1274 3785 Itaque
1310 3651 1403 3773 jam
1445 3642 1589 3783 palam
1631 3681 1734 3743 cum
1771 3640 1979 3743 Foedera·

523 3787 579 3886 tis
616 3783 879 3924 paciscitur,
916 3822 960 3886 et
996 3786 1226 3887 incastris
1263 3826 1513 3930 permanere
1549 3785 1810 3885 constituit.

594 3937 806 4032 XXXIV.
879 3941 993 4031 Inter
1028 3927 1136 4029 haec
1171 3930 1481 4032 Helvetiorum
1517 3929 1858 4071 quatuordecim
1896 3921 1981 4026 mil-

524 4069 583 4171 lia
618 4071 926 4210 Melignanum
962 4109 1286 4216 pervenerunt,
1323 4111 1517 4215 quorum
1554 4074 1793 4176 accessione
1828 4071 1983 4171 Foede·

526 4250 724 4315 rarorum
761 4218 970 4318 exercitus
1006 4221 1062 4322 ad
1098 4221 1298 4361 pediturn
1334 4257 1461 4360 supra
1495 4218 1678 4360 triginta
1714 4215 1852 4317 millia
1890 4251 1980 4356 pet-

525 4359 673 4462 venits
710 4358 802 4477 ita,
829 4399 931 4462 cum
967 4399 1107 4464 essent
1144 4365 1343 4504 equitatu
1382 4362 1514 4462 etiam
1550 4364 1685 4504 longe
1721 4360 1974 4501 superiores,

526 4491 652 4594 facile
690 4505 1047 4616 Caesarianorum
1096 4509 1357 4645 paucitatem
1398 4505 1767 4607 contemnebant.
1810 4516 1977 4603 Summa

528 4639 649 4739 enirn
683 4643 1040 4743 Caesarianarum
1076 4649 1337 4788 copiarum,
1375 4687 1488 4788 quae
1524 4650 1742 4790 dispositis
1768 4683 1859 4786 ¹per
1891 4677 1978 4776 op-

528 4815 714 4924 portuna
757 4789 975 4928 quaedam
1016 4791 1112 4892 loca
1161 4791 1379 4933 praesidiis
1429 4794 1733 4896 Mediolanum
1781 4817 1983 4930 princrprs

1914 4959 1981 5022 ug.
