4298 5980
505 470 749 554 canoas
788 467 842 549 v.
892 471 1008 551 un.
1043 449 1152 555 vu.
1483 490 1568 580 231

146 672 388 782 pactusque
424 627 611 750 fisisset,
649 662 698 728 ut
733 623 893 731 rediret
930 627 979 730 in
1013 626 1147 774 ipsius
1191 665 1484 775 potestatem:
1534 640 1617 744 ali-

149 820 217 886 ter
252 815 503 922 numquam
539 813 622 876 nec
663 771 800 874 fidem
836 772 1017 895 datam,
1047 815 1128 876 nec
1165 777 1277 882 filios
1307 781 1615 891 liberaturum.

218 937 365 1031 XXII.
454 932 559 1024 Hoc
600 957 812 1064 responso
855 918 1033 1062 publice
1077 922 1228 1066 legatis
1271 927 1403 1051 datu,
1439 932 1618 1036 Gallum

141 1071 358 1216 privatim
404 1065 465 1171 sic
508 1101 571 1168 est
605 1063 786 1170 affatus:
823 1071 981 1186 Haec,
1007 1064 1194 1210 inquit,
1234 1071 1353 1172 dicito
1384 1075 1490 1211 Regi
1527 1107 1619 1180 tuo:

140 1221 248 1355 quod
271 1219 399 1348 fidem
429 1217 559 1352 fiala
574 1289 589 1335 ,
629 1251 746 1350 quam
776 1216 912 1331 mihi,
943 1244 1025 1316 tum
1065 1217 1213 1350 publice
1260 1221 1496 1356 palamque,
1536 1255 1622 1322 rum

137 1367 333 1502 priuatim
379 1389 418 1460 et
458 1397 623 1478 secreto,
654 1393 740 1456 cum
776 1360 968 1457 Madritii
996 1364 1070 1460 soli
1084 1368 1086 1374 '
1102 1397 1290 1484 essemus,
1326 1367 1461 1483 dedit,
1497 1369 1621 1500 ipsum

142 1543 214 1604 uec
242 1533 345 1604 recte
369 1504 537 1636 facere,
575 1539 641 1602 uec
673 1533 719 1598 ut
747 1502 854 1601 decet
883 1506 1016 1604 uirum
1045 1544 1272 1642 generosum
1302 1536 1342 1608 et
1370 1510 1617 1649 Principem:

142 1650 213 1747 laoc
242 1654 278 1745 si
307 1652 538 1784 stegarerit,
559 1647 750 1790 profiteor
781 1683 842 1746 me
874 1654 995 1745 armis
1031 1656 1215 1787 cumipse
1248 1653 1294 1750 de
1328 1662 1495 1754 ueritate
1532 1656 1619 1753 dis·

143 1819 418 1924 captaturum,
452 1796 716 1928 singularique
747 1795 952 1891 certamine
992 1803 1284 1896 controuersiam
1330 1797 1615 1899 disserturum.

143 1936 355 2072 Sperabat
377 1933 582 2034 videlicet
609 1933 793 2034 Carolus
823 1933 923 2033 viro
955 1931 1062 2036 forti
1089 1946 1249 2067 justam
1281 1975 1457 2040 causam
1487 1975 1620 2044 tuen-

145 2076 181 2174 ti
232 2077 434 2177 divinam
487 2113 624 2217 opem
671 2113 768 2176 non
821 2115 909 2175 esse
963 2073 1238 2179 defuturam.
1293 2091 1418 2200 Haec
1468 2121 1619 2187 autem

144 2230 361 2320 Granatae
391 2255 510 2362 gesta
542 2255 642 2320 sunt
679 2220 793 2318 inter
824 2217 951 2319 initia
974 2219 1078 2320 belli
1113 2221 1489 2347 Mediolanensis,
1525 2267 1618 2370 quo

144 2358 266 2460 bello
317 2359 562 2482 confecto,
608 2374 847 2502 Romaque
897 2361 1067 2504 direpta
1109 2396 1151 2461 et
1192 2366 1406 2467 Pontifice
1451 2404 1620 2510 capto,

144 2505 369 2604 Henricus
416 2507 727 2606 Britannorum
778 2517 918 2624 Rex,
965 2507 1075 2605 dum
1123 2509 1421 2611 contentionis
1473 2551 1619 2612 causas

147 2681 330 2788 propter
368 2650 547 2771 odium,
575 2652 700 2790 quod
737 2688 790 2747 ex
827 2646 941 2748 filiae
977 2649 1142 2791 repulsa
1178 2649 1227 2750 in
1250 2652 1465 2754 Carolum
1496 2694 1620 2798 gere-

102 2799 105 2806 ’
149 2787 250 2912 bat,
290 2794 491 2933 quaerit,
527 2787 641 2892 facta
678 2829 783 2893 cum
806 2802 931 2934 Rege
968 2791 1189 2894 Gallorum
1225 2795 1450 2916 amicitia,
1479 2837 1504 2896 a
1533 2810 1621 2900 Ca·

149 2935 250 3036 rolo
289 2937 421 3037 missa
457 2936 678 3079 legatione
714 2935 849 3077 petit,
886 2971 936 3036 ut
947 3013 962 3056 ‚
1006 2937 1187 3077 quando
1223 2950 1322 3040 Rex
1358 2938 1618 3061 Gallorum,

145 3081 275 3220 quod
323 3080 378 3180 de
425 3081 679 3222 Burgundia
727 3079 948 3222 pollicitus
994 3075 1180 3200 fuerat,
1225 3116 1436 3222 praestare
1492 3085 1620 3186 omni

148 3223 294 3324 Gallia
346 3223 568 3326 resistente
620 3261 713 3327 non
757 3257 961 3366 poterat,
1003 3223 1096 3367 ipse
1138 3264 1220 3365 pro
1271 3266 1345 3327 sua
1395 3229 1618 3369 acquitate

146 3402 381 3469 contentus
414 3369 470 3468 sit
496 3408 575 3488 eo,
599 3405 649 3468 ur
680 3369 806 3510 pueri
832 3369 967 3511 Regii
996 3369 1181 3510 pecunia
1213 3371 1521 3490 redimantur,
1559 3412 1616 3473 ne

117 3508 236 3652 ¹hoc
272 3512 548 3654 pertinaciter
584 3547 745 3653 negato
787 3552 960 3614 causam
997 3513 1120 3616 daret
1154 3511 1358 3655 publicae
1400 3515 1615 3619 Christia-

146 3693 310 3756 norum
347 3653 652 3758 dissensionis.
694 3655 911 3758 adhaec
947 3659 1131 3760 Carolus
1166 3657 1398 3763 liberaliter
1433 3697 1616 3798 respon-

147 3799 251 3918 dit,
289 3840 421 3942 seque
457 3798 600 3921 dixit,
636 3835 687 3902 ut
722 3803 908 3905 Henrici
931 3802 1164 3906 uoluntati
1199 3843 1374 3906 morem
1415 3835 1617 3944 gereret,

150 3979 204 4039 ea
240 3946 498 4049 conditione
535 3979 795 4048 contentum
830 3943 939 4067 fore,
967 3985 1105 4089 quam
1138 3960 1236 4050 Rex
1272 3945 1514 4048 Franciscus
1549 3981 1613 4048 tu·

149 4083 298 4206 lisset,
334 4125 384 4190 ut
418 4129 500 4232 pro
535 4093 790 4232 Burgundia
826 4093 959 4193 vicies
995 4125 1178 4194 centena
1213 4091 1476 4196 ducatorum
1511 4093 1614 4191 mil.

146 4227 206 4328 lia
242 4269 522 4356 numeraret,
557 4237 707 4336 ceteris
742 4232 1108 4354 conditionibus,
1145 4237 1201 4342 de
1237 4235 1396 4381 quibus
1437 4230 1615 4371 foedere¹

149 4375 432 4479 Madritiensi
467 4378 775 4501 convenisset,
811 4380 1195 4521 permanentibus.

154 4560 157 4568 ’
233 4530 395 4624 XXIII.
490 4523 648 4626 Multis
698 4522 850 4627 diebus
897 4525 1166 4660 interjectis,
1215 4523 1438 4670 utriusque
1480 4522 1615 4668 Regis

148 4661 315 4804 legati,
355 4665 435 4808 qui
468 4670 619 4770 Caroli
654 4670 843 4812 Regiam
879 4669 1232 4792 assectabantur,
1270 4673 1390 4772 velut
1432 4706 1613 4810 accepto

149 4811 330 4946 Regum
379 4847 628 4955 responso,
674 4850 870 4958 quorum
912 4817 1217 4916 docendorum
1258 4851 1384 4915 causa
1426 4814 1614 4957 longum

1513 4993 1616 5096 Spa-r
