4298 5980
556 400 648 496 22⁵4
952 392 1037 474 DE
1084 389 1285 472 REBUS
1332 385 1554 468 ‘GESTIS

510 555 703 699 'cepisse3
749 590 845 698 quo
886 541 1056 652 factum
1096 578 1189 664 est,
1213 579 1265 645 ut
1306 585 1333 646 a
1373 537 1680 691 compluribus
1727 539 1997 662 ciuitatibus·

511 701 644 846 legati
693 699 751 802 ad
805 706 1087 802 Lautrecun't:
1105 689 1430 818 mitterentur,
1479 690 1560 836 qui
1608 700 1698 826 ejus
1751 697 1990 842 Regisque

510 847 675 949 Galliae
716 845 906 985 imperio
949 839 1253 979 obtrmperare
1292 839 1618 981 pollicerentur.
1655 847 1811 982 Itaque
1849 840 1986 954 brevi

510 1032 563 1095 ex
600 988 726 1094 omni
761 989 926 1133 Apulia
961 989 1130 1116 nullum
1167 983 1387 1126 oppidum
1422 985 1471 1088 in
1506 983 1660 1090 Caroli
1695 987 1895 1090 Caesaris
1931 991 1986 1096 fi-

513 1137 570 1236 de
607 1135 845 1280 permansit
888 1175 1057 1280 praeter
1088 1123 1481 1252 Manfredoniam‚
1526 1169 1663 1275 quam
1698 1168 1868 1238 veteres
1909 1142 1983 1238 st-

500 1311 626 1419 punta
662 1283 984 1405 nominabant,
1008 1288 1068 1384 ad
1099 1315 1306 1384 montem
1341 1291 1629 1423 Garganum,
1661 1317 1777 1422 quae
1814 1279 1984 1425 Hispa-0¹

503 1463 564 1528 no
601 1426 820 1568 praesidio
854 1427 1119 1547 tenebatur,
1145 1459 1188 1526 et
1223 1421 1461 1568 Melphos,
1485 1424 1540 1527 ad
1584 1425 1711 1567 quod
1756 1423 1980 1569 oppidum

504 1574 719 1675 tuendum
759 1571 964 1716 Princeps
1013 1583 1105 1706 ejus
1145 1609 1246 1673 cum
1282 1569 1502 1713 praesidio
1545 1572 1740 1672 duorum
1785 1571 1977 1678 millium

500 1715 754 1820 Italicorum
795 1761 848 1822 ex
883 1719 1029 1820 castris
1068 1723 1294 1859 Trojaque
1336 1759 1363 1820 a
1405 1711 1646 1818 Philiberto
1683 1713 1836 1816 missus
1873 1711 1973 1818 fue-

503 1895 594 1961 rat:
624 1864 750 2000 quod
783 1863 856 1962 ille
890 1902 1059 2006 magno
1094 1861 1241 1963 studio
1293 1857 1489 2002 fortique
1525 1859 1707 1976 animo,
1730 1859 1804 1957 sed
1838 1859 1975 1964 irrita'

502 2019 636 2144 opera
673 2041 855 2108 conatus
900 2043 993 2116 ests
1037 2043 1143 2108 nam
1179 2003 1268 2108 dies
1303 2004 1478 2146 aliquot
1521 2000 1754 2102 obsidione
1789 2039 1841 2100 ac
1886 2041 1971 2144 op-

501 2148 773 2289 pugnatione
807 2144 984 2252 fortiter
1016 2186 1282 2270 sustentata,
1324 2149 1383 2252 ad
1425 2183 1673 2252 extremum
1714 2170 1971 2289 expugnato

502 2291 674 2432 oppido
717 2294 811 2436 ipse
845 2337 1028 2440 quoque
1064 2333 1214 2438 captus
1252 2327 1345 2396 est.

575 2443 701 2538 XIV.
791 2451 830 2539 Is
867 2439 982 2542 bello
1027 2441 1252 2580 superiore
1295 2435 1600 2578 Neapolitano
1640 2433 1752 2538 inter
1786 2447 1974 2541 Femane

502 2580 612 2680 dum
654 2577 897 2720 Hispaniae
935 2618 981 2683 et
1006 2584 1288 2684 Ludovicum
1317 2579 1482 2681 Galliae
1518 2593 1663 2722 Reges
1702 2612 1826 2724 gesto
1865 2580 1970 2682 Gal-

500 2721 644 2822 lorum
700 2757 844 2864 partes
881 2741 1049 2829 secutus
1084 2721 1256 2846 fiterat,
1292 2721 1430 2827 ethis
1462 2721 1684 2826 debellatis
1728 2727 1821 2868 ipse
1862 2759 1973 2867 quo*

500 2903 587 3007 que
623 2865 919 3010 Melphorum
954 2869 1206 3014 Principatu
1240 2869 1464 3002 dejectura
1491 2871 1566 2970 sed
1602 2863 1716 2970 facta
1742 2869 1856 2971 inter
1885 2879 1972 2972 Re·

499 3047 575 3172 ges
610 3048 746 3151 pace,
775 3013 1035 3118 conditione
1071 3026 1196 3148 eJus,
1223 3048 1274 3114 ut
1309 3013 1442 3116 ceteri
1478 3012 1565 3114 viri
1601 3013 1857 3156 Principes,
1896 3012 1972 3154 qui

499 3191 549 3255 m
585 3153 780 3295 partibus
815 3152 1019 3284 fueraut,
1051 3157 1113 3259 sic
1155 3158 1248 3300 ipse
1289 3159 1348 3260 ad
1391 3194 1520 3260 suum
1554 3157 1855 3302 Principatum
1891 3196 1964 3256 re-

500 3296 673 3400 stitutus
714 3298 763 3400 in
792 3298 880 3400 lide
916 3301 1053 3443 Regis
1090 3302 1335 3442 Hispaniae
1370 3338 1697 3443 permanserat,
1743 3339 1788 3405 et
1816 3339 1899 3442 pro
1933 3299 1969 3400 i·
2119 3341 2120 3418 ι

499 3481 582 3585 pso
618 3478 771 3544 contra
813 3442 960 3543 Gallos
1008 3446 1066 3547 ad
1114 3457 1376 3550 Ravennam
1429 3447 1792 3590 depugnaverat,
1827 3446 1887 3550 ab
1927 3443 1970 3544 i-·

500 3585 677 3730 psisque
712 3621 863 3730 captus
902 3627 989 3689 sese
1022 3591 1292 3700 redemerats
1325 3588 1436 3734 quin
1477 3593 1609 3694 etiarn
1656 3590 1744 3694 lroc
1786 3629 1969 3733 quoque

505 3729 653 3851 bello,
679 3730 748 3866 uti
782 3730 1046 3853 docuimus,
1075 3771 1226 3877 captus
1281 3735 1360 3837 diu
1395 3737 1555 3838 mansit
1588 3736 1637 3838 in
1666 3734 1970 3876 Hispanorum

502 3870 620 3981 fides
644 3875 719 3975 sed
744 3877 800 3978 ad
826 3911 1066 3980 extremum
1116 3916 1220 3980 cum
1245 3912 1392 3980 totum
1413 3919 1551 4021 paene
1580 3891 1821 4024 Regnum,
1850 3918 1972 4023 prae⁴

504 4048 568 4117 ter
605 4017 898 4122 munitissima
939 4056 984 4122 et
1016 4021 1242 4163 praesidio
1284 4021 1457 4126 firmata
1498 4027 1628 4148 loca,
1657 4064 1826 4168 magno
1866 4063 1972 4129 con·

503 4201 628 4265 sensu
663 4197 804 4306 partes
828 4163 1056 4268 Gallorum
1091 4203 1368 4310 sequeretur,
1395 4172 1755 4315 propinquorum
1781 4205 1828 4274 et
1861 4167 1971 4272 ami·

505 4346 665 4410 corum
699 4309 882 4444 monitis
917 4311 1073 4433 cessit,
1099 4311 1180 4456 qui
1215 4314 1519 4459 Hispanorum
1555 4317 1811 4422 inclinatam
1859 4315 1909 4416 in
1940 4319 1970 4414 1·
2040 4357 2049 4370 ·

506 4451 608 4598 talia
643 4491 692 4550 ac
728 4493 865 4594 paene
900 4468 1118 4591 jacentem
1153 4458 1380 4566 Gallorum
1416 4461 1544 4564 stanti
1581 4477 1626 4564 e't
1667 4457 1873 4604 quotidie
1908 4495 1966 4556 se-

509 4631 554 4694 se
589 4593 730 4741 magis
766 4597 980 4702 attollenti
1015 4597 1212 4700 fortunae
1249 4599 1491 4745 praeferte,
1527 4605 1710 4710 stultum
1746 4602 1965 4747 praedica*

508 4732 816 4888 bant.1taque
851 4745 1207 4894 propinquorum
1240 4749 1499 4860 auctoritate
1532 4767 1763 4896 permotus
1805 4747 1862 4850 a'd
1901 4781 1973 4846 ve·
2117 4785 2118 4802 ¹

1908 4925 1971 4994 te*
