4294 5972
532 455 657 542 ·342
747 426 763 433 “
963 443 1045 526 DE
1091 441 1293 526 REBUS
1340 437 1560 523 GESTIS

526 643 816 748 precaturque
860 636 904 704 et
948 638 1139 725 monet,
1184 637 1233 700 ut
1273 638 1377 700 cum
1420 600 1512 740 ipse
1552 633 1645 698 rem
1684 631 1972 704 communem

524 750 710 849 consilio
748 745 1060 889 stipendiisque
1105 754 1310 877 juvaret,
1352 780 1451 842 turn
1494 780 1575 882 pro
1618 779 1697 840 suo
1740 734 1889 840 officio
1924 779 1971 844 et

520 893 778 993 auctoritate
820 889 1005 988 dimissis
1049 887 1340 1029 legationibus
1386 919 1552 986 ceteros
1587 883 1809 1022 Principes
1846 883 1969 986 Chri-

520 1035 678 1134 stianos
714 1031 1046 1153 cohortaretur,
1082 1071 1137 1134 ne
1172 1011 1451 1172 glavarentur
1486 1067 1610 1128 suam
1652 1027 1841 1168 quisque
1873 1067 1967 1170 par-

520 1211 615 1276 tem
663 1175 804 1276 oneris
847 1175 992 1276 subite
1032 1174 1174 1278 inea
1214 1211 1374 1292 causa,
1416 1169 1528 1314 quae
1574 1171 1871 1271 communiter
1916 1173 1971 1272 ad

517 1358 671 1418 omnes
707 1317 975 1420 Christianos
1010 1316 1273 1458 pertineret,
1317 1315 1353 1414 si
1389 1315 1571 1458 quando
1618 1312 1843 1452 placuisset
1877 1315 1971 1416 bel·

517 1461 610 1562 lum
645 1457 802 1562 inferte
836 1463 992 1563 Turcis
1025 1461 1082 1561 ad
1124 1459 1353 1562 Graeciam
1389 1497 1433 1560 et
1474 1457 1712 1558 Thraciam
1758 1456 1970 1595 recipien-

519 1606 651 1722 dam,
689 1606 954 1745 miserosque
987 1603 1162 1703 illarum
1195 1603 1428 1744 regionum
1465 1599 1734 1704 Christianos
1769 1641 1796 1698 a
1825 1600 1971 1700 domi-

517 1781 623 1844 natu
660 1744 948 1846 Barbarorum
993 1745 1271 1852 liberandos3
1329 1746 1453 1884 quod
1490 1783 1585 1844 non
1634 1742 1852 1842 videretur
1895 1735 1970 1840 fu·

523 1921 675 1987 turum
712 1885 917 2003 difficile,
940 1887 978 1984 si
1010 1924 1077 1984 tes
1111 1925 1325 1986 consensu
1348 1886 1696 1987 Christianorum
1728 1885 1970 2012 conjunctis

518 2029 646 2128 armis
690 2065 763 2128 ac*
785 2027 950 2128 vitibus
997 2026 1406 2150 administraretur,
1449 2027 1702 2172 praesertim
1745 2025 1870 2126 aditu
1916 2027 1971 2128 ad

518 2171 747 2272 Graeciam
783 2208 860 2311 per
896 2183 1124 2272 Coronem
1162 2167 1410 2311 patefacto.

597 2323 648 2412 ΙΙ.
689 2327 691 2330 ’
735 2316 808 2413 Ad
856 2311 968 2414 hanc
1016 2314 1287 2456 legationem
1338 2315 1542 2434 Clemens
1586 2312 1773 2456 probato
1823 2311 1972 2414 Caroli

517 2455 710 2558 consilio
738 2457 975 2596 studioque
1008 2455 1058 2554 in
1094 2456 1434 2598 Rempublicam
1469 2456 1772 2560 Christianam
1805 2456 1973 2554 collau·

517 2602 648 2718 dam,
684 2600 809 2738 quod
844 2600 979 2697 adse
1015 2601 1268 2738 pertineret,
1291 2598 1519 2702 liberaliter
1557 2637 1639 2742 pto
1676 2639 1752 2700 sua
1785 2635 1965 2698 consue-

515 2742 668 2840 tudine
703 2741 959 2880 pollicetut.
995 2748 1096 2842 Nec
1128 2781 1269 2843 cetera
1295 2743 1509 2884 postulata
1545 2743 1764 2884 neglexit.
1805 2753 1974 2842 Verum

515 2881 653 2981 missis
693 2884 750 2982 ad
792 2884 1013 3026 Principes
1063 2883 1332 2988 Christianos
1380 2885 1712 3027 legationibus,
1764 2881 1854 2983 hoc
1903 2921 1975 2983 re-

516 3061 725 3164 sponsum
749 3028 932 3128 relatum
957 3060 1018 3126 est
1054 3024 1109 3126 ab
1145 3027 1233 3147 eis,
1268 3029 1478 3170 quirem
1503 3066 1789 3129 communem
1817 3027 1867 3126 in
1897 3026 1974 3167 pri·

514 3166 598 3265 mis
629 3175 778 3295 juvate
816 3205 1046 3310 poterant,
1082 3207 1125 3269 et
1161 3207 1281 3272 erant
1317 3171 1480 3272 Carolo
1525 3173 1735 3272 omnium
1783 3169 1968 3270 maxime

516 3309 730 3448 suspecti:
767 3312 1066 3430 „Consilium
1102 3313 1321 3415 retinendi
1350 3325 1574 3416 Coronem
1601 3314 1890 3416 ambitiosum
1920 3313 1972 3412 si·

461 3571 465 3582 Δ
516 3529 546 3573 ,,
563 3450 611 3554 bi
655 3452 795 3596 magis
836 3454 1021 3577 videri,
1067 3498 1205 3601 quam
1247 3461 1558 3561 necessarium:
1615 3459 1741 3600 quod
1785 3458 1821 3556 si
1865 3451 1972 3557 forte

520 3633 671 3717 „cum
705 3596 829 3698 bono
865 3599 1015 3740 aliquo
1058 3603 1344 3743 Reipublicae
1387 3604 1658 3706 Christianae
1700 3600 1947 3704 succesisstt
1958 3677 1974 3721 ,

519 3739 758 3880 „gloriam
794 3737 889 3843 fore
927 3782 1020 3843 non
1057 3783 1212 3869 suam,
1253 3750 1327 3847 sed
1364 3748 1515 3849 Caroli
1550 3747 1768 3849 Caesaris:
1813 3781 1865 3844 ut
1901 3781 1973 3844 au·

519 3915 659 4000 „tem
696 3887 847 4028 magni
883 3885 1073 4030 celsique
1110 3888 1247 3991 animi
1282 3888 1513 3995 haberetur
1556 3891 1662 3992 nulli
1697 3890 1768 3992 vel
1810 3887 1974 3988 sumtui

518 4057 550 4145 3,
570 4025 641 4124 vel
678 4026 833 4129 labori¹
861 4070 1112 4171 parcentem
1156 4036 1378 4177 egregiam
1415 4034 1500 4137 sibi
1521 4029 1528 4047 ’
1546 4036 1723 4138 laudem
1758 4075 1810 4134 ex
1850 4029 1975 4134 rebus

518 4242 550 4287 ‚,
565 4165 754 4271 honestis
788 4210 832 4273 et
867 4169 1118 4278 difficilibus
1155 4216 1388 4319 quaerere,
1436 4179 1496 4280 sic
1532 4180 1712 4282 stultum
1750 4217 1839 4282 esse
1878 4215 1974 4277 ma·

522 4314 665 4450 „gnis
701 4315 786 4416 suis
823 4316 1058 4458 impendiis
1092 4320 1257 4422 alienae
1292 4321 1458 4464 gloriae
1493 4323 1683 4433 servitor
1723 4323 1908 4426 Carolus
1934 4319 1970 4416 i-

522 4526 554 4571 „
569 4454 715 4592 gitur,
759 4458 831 4558 cui
867 4460 987 4563 laudi
1033 4463 1086 4564 sit
1123 4473 1348 4566 Coronem
1385 4507 1646 4611 expugnasse
1689 4467 1968 4604 eamdemque

521 4669 553 4714 „
567 4597 778 4736 praesidio
813 4602 1026 4721 retinere,
1064 4607 1173 4746 quid
1210 4609 1276 4706 sui
1318 4605 1459 4712 officii
1497 4649 1624 4734 esset,
1652 4611 1972 4723 consideraret,

511 4736 650 4862 ,sibi
685 4744 883 4888 proptiae
919 4747 1057 4855 laudis
1093 4749 1338 4857 occasiones
1352 4826 1382 4878 ‚-
1412 4753 1584 4901 quibus-
1610 4755 1841 4899 sapientius
1873 4785 1978 4850 ute-

1847 4931 1978 5016 „ren-
