4294 5972
590 472 835 556 ennom
877 469 931 556 V.
979 472 1095 552 ΗΒ.
1152 475 1206 552 Χ.
1538 475 1621 568 307

195 627 276 752 lia,
320 641 397 774 p'e't
432 625 597 730 litteras
633 664 678 729 et
712 627 890 729 nuntios
926 624 1075 770 ptimo
1118 665 1299 768 quoque
1341 635 1543 771 tempore
1589 676 1664 736 te-

193 777 404 918 scriptas‚
439 791 595 877 omnes
631 811 763 874 naves
776 850 791 893 ‚
831 811 927 916 quo
964 766 1210 914 praefectus
1246 813 1347 873 suae
1383 772 1527 874 classis
1564 785 1665 884 An-

192 923 316 1024 dreas
351 919 493 1021 Doria
527 916 819 1060 Melphorum
857 916 1061 1058 Princeps
1106 915 1427 1038 constituisset,
1463 956 1507 1020 et
1549 920 1664 1032 item

193 1063 491 1166 onerariarum
527 1100 748 1206 quantum
785 1063 930 1164 eidem
967 1061 1066 1164 satis
1102 1055 1198 1162 fore
1233 1061 1381 1164 visum
1404 1099 1541 1184 esset,
1562 1105 1664 1172 con-

191 1209 345 1312 venite
381 1207 536 1346 jubet,
572 1209 679 1308 dato
715 1205 880 1309 Doriae
928 1204 1075 1310 eidem
1118 1207 1339 1349 negotio,
1382 1242 1432 1307 ut
1477 1246 1661 1353 compa-

190 1388 284 1455 rata
319 1353 474 1473 classe,
512 1349 760 1492 habitoque
796 1351 995 1452 rnilitum
1032 1350 1232 1473 delectu,
1261 1349 1454 1456 Siciliam
1484 1391 1660 1458 conten·

189 1499 343 1618 deret,
378 1536 567 1638 eamque
580 1574 596 1618 ,
642 1531 687 1599 et
721 1493 951 1598 Calabriae
992 1533 1130 1640 atque
1166 1497 1355 1639 Apuliae
1399 1535 1557 1617 oram,
1603 1500 1661 1605 si-

189 1643 302 1783 quid
337 1684 364 1743 a
397 1642 553 1744 Turcis
603 1679 782 1743 motum
817 1676 966 1760 esset,
1012 1679 1097 1783 pto
1134 1681 1207 1744 sua
1245 1641 1482 1783 prudentia
1526 1680 1658 1786 atque

187 1787 353 1890 virtute
389 1821 607 1887 tueretur.
645 1797 683 1887 Is
720 1823 814 1888 tem
851 1785 1087 1928 diligenter
1122 1799 1386 1907 exsecutus,
1433 1782 1658 1894 submissis
1743 1911 1746 1928 Ι

185 1927 244 2032 ab
288 1931 505 2073 Hispania
547 1929 799 2032 triremibus
857 1929 1024 2030 cunctis
1080 1965 1125 2030 et
1175 1928 1384 2032 onerariis
1433 1930 1653 2055 navibus,

187 2115 305 2216 quae
353 2076 459 2218 cogi
505 2075 555 2176 in
606 2115 657 2174 ea
706 2068 989 2176 festinatione
1042 2108 1316 2212 potuerunt,
1369 2072 1418 2174 in
1460 2073 1656 2184 Siciliam

185 2227 505 2361 Messanaeque
541 2251 723 2359 portum
748 2215 980 2359 pervenit.
1018 2225 1086 2316 Eo
1123 2255 1255 2317 naves
1292 2253 1445 2318 ontnes
1469 2218 1653 2364 longae,

186 2400 304 2504 quae
340 2401 467 2466 oram
501 2361 879 2504 Neapolitanam,
915 2399 1117 2504 quaeque
1153 2357 1347 2462 Siciliam
1383 2359 1654 2490 tutabantur,

185 2543 519 2630 convenerunt,
554 2542 599 2608 et
633 2506 742 2608 item
779 2546 885 2650 quas
930 2505 1135 2608 Clemens
1178 2499 1382 2604 Pontifex
1424 2509 1654 2614 Maximus

183 2647 350 2752 auxilio
387 2692 490 2754 cum
525 2645 748 2820 praefecto
784 2649 1023 2752 Laurentio
1048 2645 1239 2751 Salviato
1260 2645 1412 2769 misit,
1447 2685 1490 2753 et
1517 2654 1652 2794 quin-

185 2833 274 2936 que
309 2796 557 2940 Religioms
594 2797 810 2937 equestris
849 2793 994 2897 Sancti
1030 2792 1217 2932 Joannis
1253 2830 1567 2935 nuncupatae,
1605 2835 1650 2901 et
1706 2887 1710 2896 .

185 2978 294 3081 quas
335 2981 427 3042 suas
468 2937 610 3044 Doria
651 2940 887 3060 ductabat,
923 2938 1208 3079 compulsae3
1250 2936 1314 3038 ita
1349 2937 1491 3044 classis
1527 2943 1650 3044 trire-

183 3085 329 3186 mium
365 3085 656 3230 quadraginta
698 3125 805 3187 cum
847 3083 1038 3185 totidem
1078 3079 1267 3184 navibus
1303 3081 1514 3184 onerariis
1545 3127 1647 3190 con·

181 3221 328 3351 fecta,
366 3231 527 3333 milites
563 3265 711 3334 autem
746 3229 880 3335 Italici
916 3262 960 3331 et
993 3227 1185 3371 Hispani
1232 3228 1400 3372 generis
1442 3229 1499 3332 ad
1540 3265 1648 3334 otto

180 3373 322 3476 millia
356 3374 527 3479 coacti.

252 3531 320 3623 III.
394 3532 519 3621 Dum
556 3519 662 3622 haee
695 3517 744 3620 in
778 3518 898 3620 Italia
946 3514 1179 3659 Siciliaque
1215 3554 1470 3662 geruntur,
1514 3517 1646 3659 Soly-

181 3699 371 3784 manus,
414 3665 544 3766 missa
585 3668 714 3768 classe
763 3663 945 3766 navium
993 3662 1226 3806 longarum
1274 3704 1399 3808 supra
1436 3699 1645 3788 centum,

181 3845 297 3948 quae
334 3847 427 3908 non
463 3812 603 3912 modo
647 3811 879 3912 Graeciam
925 3844 1154 3931 tueretur,
1197 3811 1273 3911 sed
1309 3809 1476 3934 ltaliam
1500 3809 1645 3916 'etiam

181 3983 226 4050 et
267 3951 458 4060 Siciliam
507 3951 776 4077 infestaret,
826 3955 918 4097 ipse
959 3995 1012 4053 ex
1061 3949 1254 4054 Thracia
1302 3991 1404 4055 cum
1454 3955 1646 4058 exercitu

178 4093 472 4234 proficiscitur
513 4134 811 4202 trecentorum
857 4097 1044 4238 amplius
1092 4097 1289 4200 millium
1338 4137 1646 4221 armatorum,

178 4246 301 4371 cujus
336 4280 498 4383 magna
533 4284 629 4386 pars
665 4280 755 4345 etat
791 4243 1051 4384 equitatus,
1090 4277 1134 4342 et
1169 4244 1217 4346 in
1252 4244 1529 4346 Pannoniam
1569 4285 1644 4348 su-
1758 4382 1761 4388 ι

176 4381 399 4523 potiorem
441 4387 820 4530 Germaniamque
868 4386 1124 4490 contendit.
1177 4397 1324 4521 Hujus
1365 4388 1470 4492 belli
1513 4427 1644 4491 causa

178 4560 224 4627 et
259 4528 391 4670 origo
427 4523 603 4634 fuerunt
637 4529 850 4636 Fetnandi
887 4530 1089 4634 Austriae
1123 4534 1446 4676 imperitantis,
1480 4568 1524 4633 et
1550 4539 1644 4669 Jo-

177 4669 300 4772 annis
325 4709 361 4794 ‚r
395 4669 479 4814 qui
518 4678 668 4821 vulgo
701 4677 926 4780 Vaivoda·
957 4675 1183 4780 dicebatur
1210 4752 1250 4801 ,-
1278 4679 1335 4780 de
1384 4679 1644 4819 Hungariae

177 4813 507 4966 Bolqetitiaeqtto
529 4811 735 4966 ‘Regnol
755 4820 1071 4926 contentiones
1085 4817 1126 4925 ,ἶ
1154 4829 1279 4922 Nam
1296 4904 1301 4912 .
1319 4817 1425 4928 h'ui'c
1474 4817 1641 4963 Regno

184 5046 188 5054 .
262 4994 299 5046 .¹
1076 4977 1201 5108 Qqa
1546 4999 1640 5068 non
