<?xml version="1.0" encoding="UTF-8"?>
<!DOCTYPE html PUBLIC "-//W3C//DTD XHTML 1.0 Transitional//EN"
    "http://www.w3.org/TR/xhtml1/DTD/xhtml1-transitional.dtd">
<html xmlns="http://www.w3.org/1999/xhtml" xml:lang="en" lang="en">
 <head>
  <title>
</title>
<meta http-equiv="Content-Type" content="text/html;charset=utf-8" />
  <meta name='ocr-system' content='tesseract 3.04.00' />
  <meta name='ocr-capabilities' content='ocr_page ocr_carea ocr_par ocr_line ocrx_word'/>
</head>
<body>
  <div class='ocr_page' id='page_1' title='image "./joannisgenesiis02sepgoog_0619.png"; bbox 0 0 4326 5986; ppageno 0'>
   <div class='ocr_carea' id='block_1_1' title="bbox 65 459 1662 4935">
    <p class='ocr_par' dir='ltr' id='par_1_1' title="bbox 65 459 1662 4935">
     <span class='ocr_line' id='line_1_1' title="bbox 609 459 1611 568; baseline 0.005 -23"><span class='ocrx_word' id='word_1_1' title='bbox 609 460 862 546; x_wconf 77' lang='lat' dir='ltr'>cnuott</span> <span class='ocrx_word' id='word_1_2' title='bbox 903 459 957 547; x_wconf 88' lang='lat' dir='ltr'>v.</span> <span class='ocrx_word' id='word_1_3' title='bbox 997 468 1241 552; x_wconf 85' lang='lat' dir='ltr'>tru.:x11.</span> <span class='ocrx_word' id='word_1_4' title='bbox 1526 477 1611 568; x_wconf 74' lang='lat'>375</span> 
     </span>
     <span class='ocr_line' id='line_1_2' title="bbox 196 619 1657 772; baseline 0 -39"><span class='ocrx_word' id='word_1_5' title='bbox 196 629 299 733; x_wconf 86' lang='lat' dir='ltr'>ditis</span> <span class='ocrx_word' id='word_1_6' title='bbox 337 623 602 772; x_wconf 89' lang='lat' dir='ltr'>equitibus,</span> <span class='ocrx_word' id='word_1_7' title='bbox 641 627 722 769; x_wconf 90' lang='lat' dir='ltr'>qui</span> <span class='ocrx_word' id='word_1_8' title='bbox 759 627 814 726; x_wconf 87' lang='lat' dir='ltr'>ad</span> <span class='ocrx_word' id='word_1_9' title='bbox 851 626 1174 770; x_wconf 85' lang='lat' dir='ltr'>reprimendam</span> <span class='ocrx_word' id='word_1_10' title='bbox 1210 619 1485 770; x_wconf 86' lang='lat' dir='ltr'>eruptionem</span> <span class='ocrx_word' id='word_1_11' title='bbox 1521 629 1657 735; x_wconf 73' lang='lat' dir='ltr'>hosti·</span> 
     </span>
     <span class='ocr_line' id='line_1_3' title="bbox 196 765 1658 914; baseline 0.001 -38"><span class='ocrx_word' id='word_1_12' title='bbox 196 776 248 876; x_wconf 91' lang='lat' dir='ltr'>lis</span> <span class='ocrx_word' id='word_1_13' title='bbox 285 775 505 914; x_wconf 86' lang='lat' dir='ltr'>equitatus</span> <span class='ocrx_word' id='word_1_14' title='bbox 542 812 593 871; x_wconf 86' lang='lat' dir='ltr'>ex</span> <span class='ocrx_word' id='word_1_15' title='bbox 630 771 789 872; x_wconf 89' lang='lat' dir='ltr'>Goleta</span> <span class='ocrx_word' id='word_1_16' title='bbox 825 765 989 872; x_wconf 88' lang='lat' dir='ltr'>factam</span> <span class='ocrx_word' id='word_1_17' title='bbox 1026 772 1173 873; x_wconf 83' lang='lat' dir='ltr'>emissi</span> <span class='ocrx_word' id='word_1_18' title='bbox 1209 768 1415 896; x_wconf 90' lang='lat' dir='ltr'>fuerant,</span> <span class='ocrx_word' id='word_1_19' title='bbox 1449 775 1565 876; x_wconf 89' lang='lat' dir='ltr'>solus</span> <span class='ocrx_word' id='word_1_20' title='bbox 1606 817 1658 878; x_wconf 84' lang='lat' dir='ltr'>ex</span> 
     </span>
     <span class='ocr_line' id='line_1_4' title="bbox 198 914 1662 1057; baseline 0.003 -37"><span class='ocrx_word' id='word_1_21' title='bbox 198 957 349 1020; x_wconf 85' lang='lat' dir='ltr'>turma</span> <span class='ocrx_word' id='word_1_22' title='bbox 386 957 504 1057; x_wconf 90' lang='lat' dir='ltr'>equo</span> <span class='ocrx_word' id='word_1_23' title='bbox 541 914 729 1016; x_wconf 89' lang='lat' dir='ltr'>insidens</span> <span class='ocrx_word' id='word_1_24' title='bbox 765 954 816 1013; x_wconf 87' lang='lat' dir='ltr'>ac</span> <span class='ocrx_word' id='word_1_25' title='bbox 852 916 1055 1017; x_wconf 90' lang='lat' dir='ltr'>loricatus</span> <span class='ocrx_word' id='word_1_26' title='bbox 1090 916 1138 1017; x_wconf 92' lang='lat' dir='ltr'>in</span> <span class='ocrx_word' id='word_1_27' title='bbox 1174 914 1318 1018; x_wconf 89' lang='lat' dir='ltr'>hostes</span> <span class='ocrx_word' id='word_1_28' title='bbox 1355 919 1411 1018; x_wconf 86' lang='lat' dir='ltr'>acl</span> <span class='ocrx_word' id='word_1_29' title='bbox 1447 919 1662 1024; x_wconf 89' lang='lat' dir='ltr'>olivetum</span> 
     </span>
     <span class='ocr_line' id='line_1_5' title="bbox 201 1055 1660 1203; baseline 0.002 -40"><span class='ocrx_word' id='word_1_30' title='bbox 201 1061 514 1203; x_wconf 87' lang='lat' dir='ltr'>obequitantes</span> <span class='ocrx_word' id='word_1_31' title='bbox 564 1057 866 1202; x_wconf 78' lang='lat' dir='ltr'>procedebatt</span> <span class='ocrx_word' id='word_1_32' title='bbox 916 1059 990 1162; x_wconf 90' lang='lat' dir='ltr'>cui</span> <span class='ocrx_word' id='word_1_33' title='bbox 1040 1055 1174 1162; x_wconf 87' lang='lat' dir='ltr'>factus</span> <span class='ocrx_word' id='word_1_34' title='bbox 1222 1059 1400 1162; x_wconf 88' lang='lat' dir='ltr'>obviam</span> <span class='ocrx_word' id='word_1_35' title='bbox 1452 1058 1660 1166; x_wconf 86' lang='lat' dir='ltr'>Alfonsus</span> 
     </span>
     <span class='ocr_line' id='line_1_6' title="bbox 201 1198 1661 1348; baseline 0.002 -42"><span class='ocrx_word' id='word_1_36' title='bbox 201 1218 355 1307; x_wconf 92' lang='lat' dir='ltr'>Cueva</span> <span class='ocrx_word' id='word_1_37' title='bbox 393 1204 700 1345; x_wconf 83' lang='lat' dir='ltr'>expeditorum</span> <span class='ocrx_word' id='word_1_38' title='bbox 746 1203 953 1344; x_wconf 91' lang='lat' dir='ltr'>equitum</span> <span class='ocrx_word' id='word_1_39' title='bbox 998 1198 1270 1346; x_wconf 83' lang='lat' dir='ltr'>praefectus,</span> <span class='ocrx_word' id='word_1_40' title='bbox 1317 1205 1397 1348; x_wconf 91' lang='lat' dir='ltr'>qui</span> <span class='ocrx_word' id='word_1_41' title='bbox 1433 1208 1489 1305; x_wconf 91' lang='lat' dir='ltr'>ad</span> <span class='ocrx_word' id='word_1_42' title='bbox 1529 1211 1661 1309; x_wconf 75' lang='lat' dir='ltr'>redu-</span> 
     </span>
     <span class='ocr_line' id='line_1_7' title="bbox 65 1349 1657 1492; baseline 0.001 -40"><span class='ocrx_word' id='word_1_43' title='bbox 65 1397 68 1402; x_wconf 91' lang='lat'>·</span> <span class='ocrx_word' id='word_1_44' title='bbox 201 1351 395 1452; x_wconf 81' lang='lat' dir='ltr'>cendum</span> <span class='ocrx_word' id='word_1_45' title='bbox 439 1387 601 1488; x_wconf 84' lang='lat' dir='ltr'>paucos</span> <span class='ocrx_word' id='word_1_46' title='bbox 650 1350 869 1489; x_wconf 88' lang='lat' dir='ltr'>quosdam</span> <span class='ocrx_word' id='word_1_47' title='bbox 917 1385 1122 1492; x_wconf 88' lang='lat' dir='ltr'>vagantes</span> <span class='ocrx_word' id='word_1_48' title='bbox 1174 1349 1342 1490; x_wconf 87' lang='lat' dir='ltr'>equites</span> <span class='ocrx_word' id='word_1_49' title='bbox 1385 1349 1657 1454; x_wconf 84' lang='lat' dir='ltr'>discesserat:</span> 
     </span>
     <span class='ocr_line' id='line_1_8' title="bbox 198 1490 1658 1632; baseline 0.001 -40"><span class='ocrx_word' id='word_1_50' title='bbox 198 1497 309 1625; x_wconf 72' lang='lat' dir='ltr'>Quid</span> <span class='ocrx_word' id='word_1_51' title='bbox 344 1501 560 1611; x_wconf 83' lang='lat' dir='ltr'>cunctaris,</span> <span class='ocrx_word' id='word_1_52' title='bbox 592 1528 666 1632; x_wconf 88' lang='lat' dir='ltr'>per</span> <span class='ocrx_word' id='word_1_53' title='bbox 701 1500 853 1623; x_wconf 87' lang='lat' dir='ltr'>jocum</span> <span class='ocrx_word' id='word_1_54' title='bbox 889 1490 1063 1632; x_wconf 90' lang='lat' dir='ltr'>inquit,</span> <span class='ocrx_word' id='word_1_55' title='bbox 1097 1504 1159 1596; x_wconf 85' lang='lat' dir='ltr'>oir</span> <span class='ocrx_word' id='word_1_56' title='bbox 1179 1497 1339 1628; x_wconf 85' lang='lat' dir='ltr'>sortis,</span> <span class='ocrx_word' id='word_1_57' title='bbox 1377 1501 1416 1592; x_wconf 86' lang='lat' dir='ltr'>in</span> <span class='ocrx_word' id='word_1_58' title='bbox 1448 1497 1561 1613; x_wconf 83' lang='lat' dir='ltr'>illos,</span> <span class='ocrx_word' id='word_1_59' title='bbox 1590 1505 1658 1630; x_wconf 79' lang='lat' dir='ltr'>qni</span> 
     </span>
     <span class='ocr_line' id='line_1_9' title="bbox 199 1640 1658 1772; baseline 0.003 -36"><span class='ocrx_word' id='word_1_60' title='bbox 199 1641 370 1757; x_wconf 79' lang='lat' dir='ltr'>adsunt,</span> <span class='ocrx_word' id='word_1_61' title='bbox 404 1640 528 1736; x_wconf 76' lang='lat' dir='ltr'>hostes</span> <span class='ocrx_word' id='word_1_62' title='bbox 572 1648 749 1755; x_wconf 78' lang='lat' dir='ltr'>iuuere,</span> <span class='ocrx_word' id='word_1_63' title='bbox 783 1666 822 1735; x_wconf 87' lang='lat' dir='ltr'>et</span> <span class='ocrx_word' id='word_1_64' title='bbox 848 1645 1033 1772; x_wconf 80' lang='lat' dir='ltr'>spectanti</span> <span class='ocrx_word' id='word_1_65' title='bbox 1070 1644 1264 1738; x_wconf 77' lang='lat' dir='ltr'>exercitui</span> <span class='ocrx_word' id='word_1_66' title='bbox 1297 1643 1483 1772; x_wconf 82' lang='lat' dir='ltr'>specimen</span> <span class='ocrx_word' id='word_1_67' title='bbox 1525 1645 1658 1742; x_wconf 81' lang='lat' dir='ltr'>insitae</span> 
     </span>
     <span class='ocr_line' id='line_1_10' title="bbox 195 1771 1655 1920; baseline -0.001 -37"><span class='ocrx_word' id='word_1_68' title='bbox 195 1787 355 1883; x_wconf 85' lang='lat' dir='ltr'>uirtutis</span> <span class='ocrx_word' id='word_1_69' title='bbox 394 1782 621 1879; x_wconf 76' lang='lat' dir='ltr'>ostendere?</span> <span class='ocrx_word' id='word_1_70' title='bbox 657 1789 899 1917; x_wconf 75' lang='lat' dir='ltr'>Egnatio,</span> <span class='ocrx_word' id='word_1_71' title='bbox 934 1771 1161 1920; x_wconf 89' lang='lat' dir='ltr'>respondit</span> <span class='ocrx_word' id='word_1_72' title='bbox 1198 1781 1297 1898; x_wconf 91' lang='lat' dir='ltr'>ille,</span> <span class='ocrx_word' id='word_1_73' title='bbox 1336 1785 1433 1883; x_wconf 81' lang='lat' dir='ltr'>nihil</span> <span class='ocrx_word' id='word_1_74' title='bbox 1467 1812 1655 1892; x_wconf 77' lang='lat' dir='ltr'>cunctot3</span> 
     </span>
     <span class='ocr_line' id='line_1_11' title="bbox 198 1917 1658 2065; baseline 0.001 -40"><span class='ocrx_word' id='word_1_75' title='bbox 198 1958 243 2025; x_wconf 91' lang='lat' dir='ltr'>et</span> <span class='ocrx_word' id='word_1_76' title='bbox 278 1922 418 2024; x_wconf 85' lang='lat' dir='ltr'>citato</span> <span class='ocrx_word' id='word_1_77' title='bbox 455 1962 573 2061; x_wconf 92' lang='lat' dir='ltr'>equo</span> <span class='ocrx_word' id='word_1_78' title='bbox 611 1923 824 2062; x_wconf 87' lang='lat' dir='ltr'>procurrit</span> <span class='ocrx_word' id='word_1_79' title='bbox 858 1921 905 2022; x_wconf 92' lang='lat' dir='ltr'>in</span> <span class='ocrx_word' id='word_1_80' title='bbox 940 1921 1116 2033; x_wconf 67' lang='lat' dir='ltr'>hostes,</span> <span class='ocrx_word' id='word_1_81' title='bbox 1154 1962 1234 2024; x_wconf 93' lang='lat' dir='ltr'>nec</span> <span class='ocrx_word' id='word_1_82' title='bbox 1272 1917 1419 2065; x_wconf 89' lang='lat' dir='ltr'>potuit</span> <span class='ocrx_word' id='word_1_83' title='bbox 1445 1924 1542 2024; x_wconf 91' lang='lat' dir='ltr'>ullis</span> <span class='ocrx_word' id='word_1_84' title='bbox 1577 1963 1658 2027; x_wconf 90' lang='lat' dir='ltr'>vo-</span> 
     </span>
     <span class='ocr_line' id='line_1_12' title="bbox 197 2057 1658 2206; baseline 0.005 -41"><span class='ocrx_word' id='word_1_85' title='bbox 197 2064 321 2167; x_wconf 89' lang='lat' dir='ltr'>cibus</span> <span class='ocrx_word' id='word_1_86' title='bbox 356 2065 550 2165; x_wconf 90' lang='lat' dir='ltr'>revocati</span> <span class='ocrx_word' id='word_1_87' title='bbox 572 2057 603 2171; x_wconf 57' lang='grc' dir='ltr'>ε’</span> <span class='ocrx_word' id='word_1_88' title='bbox 628 2064 702 2163; x_wconf 89' lang='lat' dir='ltr'>sed</span> <span class='ocrx_word' id='word_1_89' title='bbox 745 2097 934 2206; x_wconf 88' lang='lat' dir='ltr'>quatuor</span> <span class='ocrx_word' id='word_1_90' title='bbox 981 2067 1148 2206; x_wconf 89' lang='lat' dir='ltr'>equites</span> <span class='ocrx_word' id='word_1_91' title='bbox 1192 2106 1217 2165; x_wconf 86' lang='lat' dir='ltr'>a</span> <span class='ocrx_word' id='word_1_92' title='bbox 1262 2067 1411 2167; x_wconf 89' lang='lat' dir='ltr'>ceteris</span> <span class='ocrx_word' id='word_1_93' title='bbox 1455 2064 1658 2172; x_wconf 87' lang='lat' dir='ltr'>hostibus</span> 
     </span>
     <span class='ocr_line' id='line_1_13' title="bbox 200 2206 1661 2349; baseline 0.003 -41"><span class='ocrx_word' id='word_1_94' title='bbox 200 2245 395 2310; x_wconf 85' lang='lat' dir='ltr'>remotos</span> <span class='ocrx_word' id='word_1_95' title='bbox 431 2208 738 2348; x_wconf 83' lang='lat' dir='ltr'>conspicatus,</span> <span class='ocrx_word' id='word_1_96' title='bbox 772 2206 853 2308; x_wconf 92' lang='lat' dir='ltr'>hos</span> <span class='ocrx_word' id='word_1_97' title='bbox 890 2208 1100 2330; x_wconf 89' lang='lat' dir='ltr'>invadit,</span> <span class='ocrx_word' id='word_1_98' title='bbox 1137 2243 1431 2349; x_wconf 87' lang='lat' dir='ltr'>consertoque</span> <span class='ocrx_word' id='word_1_99' title='bbox 1466 2212 1661 2312; x_wconf 85' lang='lat' dir='ltr'>certami-</span> 
     </span>
     <span class='ocr_line' id='line_1_14' title="bbox 200 2348 1659 2475; baseline 0.003 -23"><span class='ocrx_word' id='word_1_100' title='bbox 200 2391 288 2475; x_wconf 83' lang='lat' dir='ltr'>ne,</span> <span class='ocrx_word' id='word_1_101' title='bbox 321 2390 437 2452; x_wconf 82' lang='lat' dir='ltr'>cum</span> <span class='ocrx_word' id='word_1_102' title='bbox 480 2348 556 2451; x_wconf 86' lang='lat' dir='ltr'>his</span> <span class='ocrx_word' id='word_1_103' title='bbox 591 2387 757 2451; x_wconf 87' lang='lat' dir='ltr'>strenue</span> <span class='ocrx_word' id='word_1_104' title='bbox 814 2349 1090 2458; x_wconf 59' lang='lat' dir='ltr'>dimicabam</span> <span class='ocrx_word' id='word_1_105' title='bbox 1139 2387 1184 2452; x_wconf 89' lang='lat' dir='ltr'>at</span> <span class='ocrx_word' id='word_1_106' title='bbox 1231 2352 1551 2472; x_wconf 81' lang='lat' dir='ltr'>circumventus</span> <span class='ocrx_word' id='word_1_107' title='bbox 1601 2352 1659 2457; x_wconf 87' lang='lat' dir='ltr'>ab</span> 
     </span>
     <span class='ocr_line' id='line_1_15' title="bbox 201 2491 1659 2637; baseline 0.001 -43"><span class='ocrx_word' id='word_1_108' title='bbox 201 2496 261 2596; x_wconf 89' lang='lat' dir='ltr'>eis</span> <span class='ocrx_word' id='word_1_109' title='bbox 314 2492 515 2635; x_wconf 87' lang='lat' dir='ltr'>impactis</span> <span class='ocrx_word' id='word_1_110' title='bbox 569 2492 741 2613; x_wconf 89' lang='lat' dir='ltr'>hastis,</span> <span class='ocrx_word' id='word_1_111' title='bbox 789 2491 986 2594; x_wconf 86' lang='lat' dir='ltr'>elabente</span> <span class='ocrx_word' id='word_1_112' title='bbox 1047 2493 1182 2596; x_wconf 91' lang='lat' dir='ltr'>simul</span> <span class='ocrx_word' id='word_1_113' title='bbox 1209 2492 1444 2636; x_wconf 74' lang='lat' dir='ltr'>jephippio</span> <span class='ocrx_word' id='word_1_114' title='bbox 1466 2570 1481 2614; x_wconf 99' lang='lat'>,</span> <span class='ocrx_word' id='word_1_115' title='bbox 1506 2566 1511 2578; x_wconf 83' lang='lat'><strong>·</strong></span> <span class='ocrx_word' id='word_1_116' title='bbox 1534 2499 1659 2637; x_wconf 91' lang='lat' dir='ltr'>quod</span> 
     </span>
     <span class='ocr_line' id='line_1_16' title="bbox 198 2634 1658 2780; baseline 0.001 -41"><span class='ocrx_word' id='word_1_117' title='bbox 198 2639 294 2739; x_wconf 89' lang='lat' dir='ltr'>laxe</span> <span class='ocrx_word' id='word_1_118' title='bbox 330 2634 565 2757; x_wconf 89' lang='lat' dir='ltr'>haerebat,</span> <span class='ocrx_word' id='word_1_119' title='bbox 601 2677 718 2780; x_wconf 91' lang='lat' dir='ltr'>equo</span> <span class='ocrx_word' id='word_1_120' title='bbox 756 2637 1036 2740; x_wconf 85' lang='lat' dir='ltr'>deturbatur.</span> <span class='ocrx_word' id='word_1_121' title='bbox 1085 2649 1191 2738; x_wconf 92' lang='lat' dir='ltr'>Hoc</span> <span class='ocrx_word' id='word_1_122' title='bbox 1233 2637 1534 2738; x_wconf 87' lang='lat' dir='ltr'>animadverso</span> <span class='ocrx_word' id='word_1_123' title='bbox 1576 2640 1658 2740; x_wconf 83' lang='lat' dir='ltr'>Al-</span> 
     </span>
     <span class='ocr_line' id='line_1_17' title="bbox 201 2777 1658 2923; baseline 0.002 -44"><span class='ocrx_word' id='word_1_124' title='bbox 201 2777 394 2920; x_wconf 87' lang='lat' dir='ltr'>phonsus</span> <span class='ocrx_word' id='word_1_125' title='bbox 431 2793 611 2901; x_wconf 88' lang='lat' dir='ltr'>Cueva,</span> <span class='ocrx_word' id='word_1_126' title='bbox 648 2815 691 2880; x_wconf 93' lang='lat' dir='ltr'>et</span> <span class='ocrx_word' id='word_1_127' title='bbox 726 2784 919 2883; x_wconf 89' lang='lat' dir='ltr'>Andreas</span> <span class='ocrx_word' id='word_1_128' title='bbox 945 2782 1155 2900; x_wconf 88' lang='lat' dir='ltr'>Pontius,</span> <span class='ocrx_word' id='word_1_129' title='bbox 1183 2815 1225 2880; x_wconf 93' lang='lat' dir='ltr'>et</span> <span class='ocrx_word' id='word_1_130' title='bbox 1257 2820 1371 2881; x_wconf 90' lang='lat' dir='ltr'>unus</span> <span class='ocrx_word' id='word_1_131' title='bbox 1396 2780 1502 2880; x_wconf 88' lang='lat' dir='ltr'>alius</span> <span class='ocrx_word' id='word_1_132' title='bbox 1527 2821 1658 2923; x_wconf 88' lang='lat' dir='ltr'>eques</span> 
     </span>
     <span class='ocr_line' id='line_1_18' title="bbox 93 2922 1658 3066; baseline 0.004 -45"><span class='ocrx_word' id='word_1_133' title='bbox 93 2923 95 2928; x_wconf 70' lang='grc'><strong>’</strong></span> <span class='ocrx_word' id='word_1_134' title='bbox 201 2955 432 3024; x_wconf 87' lang='lat' dir='ltr'>accurrunt</span> <span class='ocrx_word' id='word_1_135' title='bbox 444 3001 459 3044; x_wconf 91' lang='lat'>,</span> <span class='ocrx_word' id='word_1_136' title='bbox 492 2957 542 3026; x_wconf 93' lang='lat' dir='ltr'>ut</span> <span class='ocrx_word' id='word_1_137' title='bbox 576 2922 796 3025; x_wconf 87' lang='lat' dir='ltr'>laboranti</span> <span class='ocrx_word' id='word_1_138' title='bbox 829 2961 961 3065; x_wconf 89' lang='lat' dir='ltr'>atque</span> <span class='ocrx_word' id='word_1_139' title='bbox 998 2925 1157 3026; x_wconf 92' lang='lat' dir='ltr'>educto</span> <span class='ocrx_word' id='word_1_140' title='bbox 1203 2924 1352 3066; x_wconf 88' lang='lat' dir='ltr'>gladio</span> <span class='ocrx_word' id='word_1_141' title='bbox 1396 2926 1658 3066; x_wconf 88' lang='lat' dir='ltr'>repugnanti</span> 
     </span>
     <span class='ocr_line' id='line_1_19' title="bbox 200 3064 1658 3209; baseline 0.003 -44"><span class='ocrx_word' id='word_1_142' title='bbox 200 3064 516 3174; x_wconf 81' lang='lat' dir='ltr'>subvenirent3</span> <span class='ocrx_word' id='word_1_143' title='bbox 560 3070 634 3169; x_wconf 90' lang='lat' dir='ltr'>sed</span> <span class='ocrx_word' id='word_1_144' title='bbox 671 3070 830 3169; x_wconf 89' lang='lat' dir='ltr'>eodem</span> <span class='ocrx_word' id='word_1_145' title='bbox 878 3104 1079 3209; x_wconf 90' lang='lat' dir='ltr'>tempore</span> <span class='ocrx_word' id='word_1_146' title='bbox 1122 3109 1197 3169; x_wconf 38' lang='lat' dir='ltr'>ex*</span> <span class='ocrx_word' id='word_1_147' title='bbox 1222 3066 1418 3168; x_wconf 88' lang='lat' dir='ltr'>hostibus</span> <span class='ocrx_word' id='word_1_148' title='bbox 1462 3097 1658 3208; x_wconf 86' lang='lat' dir='ltr'>quatuor</span> 
     </span>
     <span class='ocr_line' id='line_1_20' title="bbox 199 3205 1658 3356; baseline 0.005 -49"><span class='ocrx_word' id='word_1_149' title='bbox 199 3210 289 3308; x_wconf 89' lang='lat' dir='ltr'>suis</span> <span class='ocrx_word' id='word_1_150' title='bbox 326 3247 462 3350; x_wconf 91' lang='lat' dir='ltr'>opem</span> <span class='ocrx_word' id='word_1_151' title='bbox 496 3205 678 3311; x_wconf 90' lang='lat' dir='ltr'>ferentes</span> <span class='ocrx_word' id='word_1_152' title='bbox 714 3215 780 3342; x_wconf 76' lang='lat' dir='ltr'>ad·</span> <span class='ocrx_word' id='word_1_153' title='bbox 796 3211 944 3312; x_wconf 90' lang='lat' dir='ltr'>locum</span> <span class='ocrx_word' id='word_1_154' title='bbox 981 3251 1152 3356; x_wconf 88' lang='lat' dir='ltr'>pugnae</span> <span class='ocrx_word' id='word_1_155' title='bbox 1181 3211 1466 3352; x_wconf 88' lang='lat' dir='ltr'>perveniunt.</span> <span class='ocrx_word' id='word_1_156' title='bbox 1505 3221 1658 3353; x_wconf 89' lang='lat' dir='ltr'>Itaque</span> 
     </span>
     <span class='ocr_line' id='line_1_21' title="bbox 203 3353 1654 3498; baseline 0.003 -47"><span class='ocrx_word' id='word_1_157' title='bbox 203 3387 288 3452; x_wconf 89' lang='lat' dir='ltr'>tres</span> <span class='ocrx_word' id='word_1_158' title='bbox 324 3354 461 3454; x_wconf 92' lang='lat' dir='ltr'>nostri</span> <span class='ocrx_word' id='word_1_159' title='bbox 496 3355 662 3495; x_wconf 89' lang='lat' dir='ltr'>equites</span> <span class='ocrx_word' id='word_1_160' title='bbox 697 3395 801 3455; x_wconf 90' lang='lat' dir='ltr'>cum</span> <span class='ocrx_word' id='word_1_161' title='bbox 838 3389 942 3456; x_wconf 90' lang='lat' dir='ltr'>octo</span> <span class='ocrx_word' id='word_1_162' title='bbox 978 3353 1261 3457; x_wconf 87' lang='lat' dir='ltr'>Nornadibus</span> <span class='ocrx_word' id='word_1_163' title='bbox 1298 3393 1466 3498; x_wconf 89' lang='lat' dir='ltr'>magno</span> <span class='ocrx_word' id='word_1_164' title='bbox 1502 3354 1654 3456; x_wconf 91' lang='lat' dir='ltr'>animo</span> 
     </span>
     <span class='ocr_line' id='line_1_22' title="bbox 204 3496 1656 3638; baseline 0.003 -44"><span class='ocrx_word' id='word_1_165' title='bbox 204 3497 581 3638; x_wconf 75' lang='lat' dir='ltr'>congrediuntur,</span> <span class='ocrx_word' id='word_1_166' title='bbox 623 3499 793 3599; x_wconf 88' lang='lat' dir='ltr'>Xuatio</span> <span class='ocrx_word' id='word_1_167' title='bbox 835 3498 986 3599; x_wconf 90' lang='lat' dir='ltr'>locum</span> <span class='ocrx_word' id='word_1_168' title='bbox 1021 3537 1114 3600; x_wconf 91' lang='lat' dir='ltr'>non</span> <span class='ocrx_word' id='word_1_169' title='bbox 1154 3502 1373 3599; x_wconf 87' lang='lat' dir='ltr'>deserente</span> <span class='ocrx_word' id='word_1_170' title='bbox 1416 3537 1466 3596; x_wconf 90' lang='lat' dir='ltr'>ac</span> <span class='ocrx_word' id='word_1_171' title='bbox 1509 3496 1656 3637; x_wconf 90' lang='lat' dir='ltr'>potius</span> 
     </span>
     <span class='ocr_line' id='line_1_23' title="bbox 204 3640 1658 3784; baseline 0.003 -46"><span class='ocrx_word' id='word_1_172' title='bbox 204 3679 303 3740; x_wconf 89' lang='lat' dir='ltr'>suos</span> <span class='ocrx_word' id='word_1_173' title='bbox 338 3651 485 3773; x_wconf 86' lang='lat' dir='ltr'>juvate</span> <span class='ocrx_word' id='word_1_174' title='bbox 520 3677 738 3742; x_wconf 88' lang='lat' dir='ltr'>conante.</span> <span class='ocrx_word' id='word_1_175' title='bbox 780 3644 861 3743; x_wconf 87' lang='lat' dir='ltr'>Sed</span> <span class='ocrx_word' id='word_1_176' title='bbox 897 3645 1005 3746; x_wconf 91' lang='lat' dir='ltr'>dum</span> <span class='ocrx_word' id='word_1_177' title='bbox 1042 3643 1097 3745; x_wconf 89' lang='lat' dir='ltr'>ab</span> <span class='ocrx_word' id='word_1_178' title='bbox 1132 3643 1329 3784; x_wconf 87' lang='lat' dir='ltr'>utrisque</span> <span class='ocrx_word' id='word_1_179' title='bbox 1364 3640 1571 3741; x_wconf 86' lang='lat' dir='ltr'>acerrime</span> <span class='ocrx_word' id='word_1_180' title='bbox 1597 3641 1658 3780; x_wconf 79' lang='lat' dir='ltr'>di·</span> 
     </span>
     <span class='ocr_line' id='line_1_24' title="bbox 204 3783 1655 3929; baseline 0.002 -47"><span class='ocrx_word' id='word_1_181' title='bbox 204 3783 420 3905; x_wconf 79' lang='lat' dir='ltr'>micatus,</span> <span class='ocrx_word' id='word_1_182' title='bbox 456 3784 614 3928; x_wconf 91' lang='lat' dir='ltr'>reliqui</span> <span class='ocrx_word' id='word_1_183' title='bbox 649 3789 878 3888; x_wconf 87' lang='lat' dir='ltr'>Nomades</span> <span class='ocrx_word' id='word_1_184' title='bbox 913 3788 970 3886; x_wconf 90' lang='lat' dir='ltr'>ad</span> <span class='ocrx_word' id='word_1_185' title='bbox 1012 3785 1317 3929; x_wconf 85' lang='lat' dir='ltr'>septuaginta,</span> <span class='ocrx_word' id='word_1_186' title='bbox 1353 3824 1468 3926; x_wconf 89' lang='lat' dir='ltr'>quae</span> <span class='ocrx_word' id='word_1_187' title='bbox 1501 3821 1655 3885; x_wconf 89' lang='lat' dir='ltr'>manus</span> 
     </span>
     <span class='ocr_line' id='line_1_25' title="bbox 200 3930 1630 4071; baseline 0.001 -45"><span class='ocrx_word' id='word_1_188' title='bbox 200 3963 445 4030; x_wconf 85' lang='lat' dir='ltr'>excurrerat</span> <span class='ocrx_word' id='word_1_189' title='bbox 479 3969 528 4030; x_wconf 88' lang='lat' dir='ltr'>ea</span> <span class='ocrx_word' id='word_1_190' title='bbox 564 3965 686 4070; x_wconf 84' lang='lat' dir='ltr'>parte</span> <span class='ocrx_word' id='word_1_191' title='bbox 700 4007 731 4050; x_wconf 73' lang='lat'>‚,</span> <span class='ocrx_word' id='word_1_192' title='bbox 747 3930 894 4031; x_wconf 72' lang='lat' dir='ltr'>‘citatis</span> <span class='ocrx_word' id='word_1_193' title='bbox 929 3932 1054 4071; x_wconf 90' lang='lat' dir='ltr'>equis</span> <span class='ocrx_word' id='word_1_194' title='bbox 1089 3965 1381 4029; x_wconf 86' lang='lat' dir='ltr'>concurrunt.</span> <span class='ocrx_word' id='word_1_195' title='bbox 1461 3960 1464 3966; x_wconf 87' lang='grc'><strong>’</strong></span> <span class='ocrx_word' id='word_1_196' title='bbox 1625 3954 1630 3962; x_wconf 93' lang='grc'><strong><em>’</em></strong></span> 
     </span>
     <span class='ocr_line' id='line_1_26' title="bbox 208 4067 1656 4218; baseline 0.001 -48"><span class='ocrx_word' id='word_1_197' title='bbox 208 4110 214 4118; x_wconf 80' lang='grc'><strong>’</strong></span> <span class='ocrx_word' id='word_1_198' title='bbox 278 4080 370 4170; x_wconf 92' lang='lat' dir='ltr'><strong>VII.</strong></span> <span class='ocrx_word' id='word_1_199' title='bbox 443 4079 562 4174; x_wconf 91' lang='lat' dir='ltr'>Turn</span> <span class='ocrx_word' id='word_1_200' title='bbox 597 4070 880 4176; x_wconf 86' lang='lat' dir='ltr'>Bernardinus</span> <span class='ocrx_word' id='word_1_201' title='bbox 915 4075 1170 4196; x_wconf 85' lang='lat' dir='ltr'>Mendoza,</span> <span class='ocrx_word' id='word_1_202' title='bbox 1200 4109 1305 4172; x_wconf 91' lang='lat' dir='ltr'>cum</span> <span class='ocrx_word' id='word_1_203' title='bbox 1339 4067 1487 4213; x_wconf 87' lang='lat' dir='ltr'>paucis</span> <span class='ocrx_word' id='word_1_204' title='bbox 1523 4107 1656 4218; x_wconf 51' lang='lat' dir='ltr'>expeu-</span> 
     </span>
     <span class='ocr_line' id='line_1_27' title="bbox 199 4198 1658 4354; baseline 0.005 -44"><span class='ocrx_word' id='word_1_205' title='bbox 199 4198 309 4310; x_wconf 86' lang='lat' dir='ltr'>dltis</span> <span class='ocrx_word' id='word_1_206' title='bbox 346 4215 604 4354; x_wconf 91' lang='lat' dir='ltr'>equitibus,</span> <span class='ocrx_word' id='word_1_207' title='bbox 649 4216 870 4319; x_wconf 89' lang='lat' dir='ltr'>nobilibus</span> <span class='ocrx_word' id='word_1_208' title='bbox 912 4212 1114 4336; x_wconf 89' lang='lat' dir='ltr'>cunctis,</span> <span class='ocrx_word' id='word_1_209' title='bbox 1155 4209 1334 4316; x_wconf 82' lang='lat' dir='ltr'>advolat</span> <span class='ocrx_word' id='word_1_210' title='bbox 1357 4254 1390 4326; x_wconf 78' lang='lat'>3·</span> <span class='ocrx_word' id='word_1_211' title='bbox 1412 4214 1486 4314; x_wconf 90' lang='lat' dir='ltr'>cui</span> <span class='ocrx_word' id='word_1_212' title='bbox 1527 4208 1658 4317; x_wconf 81' lang='lat' dir='ltr'>frater</span> 
     </span>
     <span class='ocr_line' id='line_1_28' title="bbox 199 4353 1657 4502; baseline 0.002 -46"><span class='ocrx_word' id='word_1_213' title='bbox 199 4353 421 4456; x_wconf 87' lang='lat' dir='ltr'>-Matchio</span> <span class='ocrx_word' id='word_1_214' title='bbox 447 4357 681 4502; x_wconf 80' lang='lat' dir='ltr'>negotium</span> <span class='ocrx_word' id='word_1_215' title='bbox 712 4362 919 4486; x_wconf 69' lang='lat' dir='ltr'>dederat,</span> <span class='ocrx_word' id='word_1_216' title='bbox 940 4356 1013 4461; x_wconf 74' lang='lat' dir='ltr'>ut:</span> <span class='ocrx_word' id='word_1_217' title='bbox 1026 4361 1227 4500; x_wconf 85' lang='lat' dir='ltr'>aliquem</span> <span class='ocrx_word' id='word_1_218' title='bbox 1262 4384 1314 4461; x_wconf 82' lang='lat' dir='ltr'>e&#39;x</span> <span class='ocrx_word' id='word_1_219' title='bbox 1349 4356 1549 4468; x_wconf 87' lang='lat' dir='ltr'>hostibus</span> <span class='ocrx_word' id='word_1_220' title='bbox 1581 4398 1657 4459; x_wconf 89' lang='lat' dir='ltr'>co·</span> 
     </span>
     <span class='ocr_line' id='line_1_29' title="bbox 200 4495 1658 4717; baseline 0.003 -117"><span class='ocrx_word' id='word_1_221' title='bbox 200 4499 642 4717; x_wconf 62' lang='lat' dir='ltr'>gnbstendiugiatiass</span> <span class='ocrx_word' id='word_1_222' title='bbox 663 4495 975 4643; x_wconf 71' lang='lat' dir='ltr'>‘encipiendum</span> <span class='ocrx_word' id='word_1_223' title='bbox 1010 4531 1177 4607; x_wconf 81' lang='lat' dir='ltr'>curaret·</span> <span class='ocrx_word' id='word_1_224' title='bbox 1190 4533 1232 4626; x_wconf 34' lang='grc' dir='ltr'>’,ψ</span> <span class='ocrx_word' id='word_1_225' title='bbox 1255 4505 1316 4604; x_wconf 86' lang='lat' dir='ltr'>sie</span> <span class='ocrx_word' id='word_1_226' title='bbox 1352 4502 1473 4642; x_wconf 81' lang='lat' dir='ltr'>enirn</span> <span class='ocrx_word' id='word_1_227' title='bbox 1492 4497 1658 4626; x_wconf 53' lang='lat' dir='ltr'>[fuerat</span> 
     </span>
     <span class='ocr_line' id='line_1_30' title="bbox 200 4639 1660 4815; baseline 0.001 -73"><span class='ocrx_word' id='word_1_228' title='bbox 200 4643 469 4785; x_wconf 69' lang='lat' dir='ltr'>impensum</span> <span class='ocrx_word' id='word_1_229' title='bbox 492 4643 537 4746; x_wconf 78' lang='lat' dir='ltr'>a&#39;</span> <span class='ocrx_word' id='word_1_230' title='bbox 565 4642 760 4778; x_wconf 65' lang='lat' dir='ltr'>caolet</span> <span class='ocrx_word' id='word_1_231' title='bbox 781 4639 877 4815; x_wconf 73' lang='lat' dir='ltr'>&lt;qui</span> <span class='ocrx_word' id='word_1_232' title='bbox 911 4645 1087 4806; x_wconf 72' lang='lat' dir='ltr'>equites</span> <span class='ocrx_word' id='word_1_233' title='bbox 1122 4647 1349 4781; x_wconf 79' lang='lat' dir='ltr'>conjuncti</span> <span class='ocrx_word' id='word_1_234' title='bbox 1388 4640 1660 4786; x_wconf 83' lang='lat' dir='ltr'>confertique</span> 
     </span>
     <span class='ocr_line' id='line_1_31' title="bbox 205 4785 1660 4935; baseline 0.002 -50"><span class='ocrx_word' id='word_1_235' title='bbox 205 4819 312 4902; x_wconf 60' lang='lat' dir='ltr'>tam,</span> <span class='ocrx_word' id='word_1_236' title='bbox 338 4785 513 4893; x_wconf 74' lang='lat' dir='ltr'>strenue·</span> <span class='ocrx_word' id='word_1_237' title='bbox 527 4787 849 4914; x_wconf 67' lang='lat' dir='ltr'>diducuntur,</span> <span class='ocrx_word' id='word_1_238' title='bbox 880 4827 941 4893; x_wconf 76' lang='lat' dir='ltr'>ut·</span> <span class='ocrx_word' id='word_1_239' title='bbox 957 4791 1304 4935; x_wconf 81' lang='lat' dir='ltr'>quatuordecim</span> <span class='ocrx_word' id='word_1_240' title='bbox 1349 4790 1442 4896; x_wconf 87' lang='lat' dir='ltr'>vim</span> <span class='ocrx_word' id='word_1_241' title='bbox 1486 4825 1529 4890; x_wconf 85' lang='lat' dir='ltr'>et</span> <span class='ocrx_word' id='word_1_242' title='bbox 1572 4789 1660 4909; x_wconf 60' lang='lat' dir='ltr'>im*-</span> 
     </span>
    </p>
   </div>
   <div class='ocr_carea' id='block_1_2' title="bbox 1585 4969 1661 5071">
    <p class='ocr_par' dir='ltr' id='par_1_2' title="bbox 1585 4969 1661 5071">
     <span class='ocr_line' id='line_1_32' title="bbox 1585 4969 1661 5071; baseline 0 0"><span class='ocrx_word' id='word_1_243' title='bbox 1585 4969 1661 5071; x_wconf 49' lang='grc' dir='ltr'>ΡΩ·</span> 
     </span>
    </p>
   </div>
   <div class='ocr_carea' id='block_1_3' title="bbox 0 0 2168 5986">
    <p class='ocr_par' dir='ltr' id='par_1_3' title="bbox 0 0 2168 5986">
     <span class='ocr_line' id='line_1_33' title="bbox 0 0 2168 5986; baseline 0 1"><span class='ocrx_word' id='word_1_244' title='bbox 0 0 2168 5986; x_wconf 95' lang='lat' dir='ltr'> </span> 
     </span>
    </p>
   </div>
  </div>
 </body>
</html>
