4298 5980
564 437 656 531 '166
967 457 1054 536 DE
1101 441 1312 534 REBUS
1360 447 1582 534 GESTIS

522 616 672 728 mariti
706 613 846 741 necis,
870 611 955 719 nisi
991 613 1122 716 dedat
1158 651 1330 737 arcem,
1365 608 1726 734 denuntiatione,
1762 644 1814 717 ut
1848 651 1893 718 se
1931 617 2004 728 ina

522 804 588 870 tta
623 803 766 870 arcem
802 761 1031 906 reciperet,
1067 773 1339 904 coegerunt.
1366 769 1488 880 ¹Quo
1526 757 1763 883 nuntiato,
1795 765 2002 898 Joannes

523 909 725 1053 Jacobus
769 946 872 1009 cum
914 907 1116 1009 trecentis
1162 905 1375 1010 militibus
1423 905 1641 1025 accurrit,
1692 945 2000 1054 occupataque

527 1097 651 1174 arce,
695 1049 820 1154 facile
862 1053 1085 1197 oppidum
1127 1053 1176 1152 in
1225 1086 1486 1193 potestatem
1525 1049 1726 1193 redegit.
1768 1061 1878 1154 Hoc
1923 1096 1998 1158 co-
2135 1169 2136 1176 Ν

524 1200 685 1343 gnito,
722 1195 938 1318 Rhaetn,
974 1199 1055 1341 qui
1091 1199 1290 1317 aderant,
1317 1235 1410 1299 non
1446 1195 1591 1297 solum
1627 1234 1720 1296 sese·
1752 1199 1906 1300 sumtis
1943 1239 1999 1303 at·

526 1345 614 1447 mis
655 1344 711 1446 ad
754 1357 1019 1448 Davennam
1065 1341 1366 1486 recipiendam
1410 1379 1693 1483 comparare,
1737 1343 1812 1442 sed
1865 1345 1996 1449 etiam

524 1487 654 1611 illos,
692 1489 772 1633 qui
808 1527 928 1590 erant
964 1488 1012 1590 in
1039 1489 1174 1631 Regis
1210 1487 1389 1606 castris,
1428 1525 1502 1626 pet
1538 1486 1698 1585 litteras
1736 1522 1781 1587 et
1817 1490 1993 1590 nuntios

524 1673 708 1737 evocare
750 1669 1020 1778 coeperunt,
1064 1673 1177 1774 quos
1222 1630 1470 1734 dubitantes
1514 1631 1668 1771 capitis
1713 1631 1909 1754 mulcta,
1954 1669 1996 1734 et

526 1776 757 1883 bonorum
801 1779 1144 1917 publicatione,
1186 1776 1223 1876 si
1266 1813 1358 1877 non
1408 1776 1684 1916 pamissent,
1726 1779 1995 1896 constituta,

522 1923 716 2026 ¹domum
753 1922 892 2022 redite
929 1938 1200 2064 coagerunt.
1232 1930 1411 2020 Horum
1448 1920 1651 2022 discessus
1687 1922 1878 2021 multum
1911 1918 1997 2022 fre·-

527 2067 596 2212 git
630 2066 884 2187 Gallorum,
919 2106 970 2166 ac
1007 2064 1144 2206 Regis
1185 2064 1414 2172 animum,
1458 2064 1518 2163 sic
1554 2066 1677 2166 enim
1711 2059 1879 2166 factum
1915 2103 1996 2188 est,

533 2249 586 2312 ut
622 2211 760 2352 Regis
804 2212 1009 2312 exercitus
1052 2207 1323 2313 Caesarianis
1367 2247 1556 2310 numero
1592 2248 1700 2354 pat,
1752 2245 1830 2311 aut
1867 2212 1997 2314 etiarn
2138 2235 2139 2242 ‘

528 2349 715 2456 infer-ior
751 2356 1029 2457 redderetur.

582 2509 789 2599 XXVIII.
830 2498 914 2598 His
952 2499 1077 2600 rebus
1111 2511 1277 2625 majore
1314 2497 1478 2600 indies
1515 2498 1799 2620 auctoritate,
1836 2535 1882 2601 et
1915 2497 1998 2640 spi⁴
2139 2605 2140 2632 ζ

530 2637 688 2741 ritibus
714 2639 901 2759 sumtis,
926 2641 1176 2742 Caesariani
1205 2640 1325 2743 baud
1352 2641 1436 2744 sibi
1468 2646 1760 2744 cunctandum
1793 2683 1878 2744 esse
1915 2677 1998 2741 sta-

531 2781 757 2901 tuebant,
800 2783 912 2924 quin
959 2821 1097 2886 castra
1143 2787 1287 2887 castris
1343 2782 1628 2910 conferrent,
1669 2825 1803 2932 atque
1853 2783 1996 2887 hostes

530 2926 697 3068 praelio
734 2925 1012 3030 lacesserent.
1051 2936 1205 3032 Minus
1242 2931 1379 3073 igitur
1416 2932 1534 3033 mille
1571 2972 1773 3074 passuum
1807 2927 1865 3030 ab
1908 2941 1996 3033 Re-

531 3070 597 3212 gis
628 3070 769 3171 castris
796 3070 1027 3174 intervallo
1056 3113 1160 3174 cum
1194 3112 1329 3174 castra
1359 3076 1631 3214 posuissent,
1667 3074 1841 3177 hostem
1877 3073 1993 3173 diur-

532 3213 633 3333 nis,
671 3217 986 3358 nocturnisque
1022 3217 1330 3360 eruptionibus
1367 3215 1598 3339 infestare,
1635 3254 1680 3320 et
1713 3219 1835 3321 vanis
1871 3217 1992 3316 intet-

529 3357 643 3458 dum
678 3359 734 3458 ad
771 3398 968 3500 pugnam
1004 3401 1081 3502 per
1124 3362 1376 3504 clangorem
1422 3363 1629 3464 tubamm
1671 3395 1716 3461 et
1759 3397 1996 3502 tympano

529 3539 632 3602 turn
669 3503 898 3643 strepitum
936 3506 1161 3606 nocturnis
1192 3507 1469 3608 irritamentis
1509 3507 1762 3628 solicitare,
1799 3543 1880 3604 nec
1926 3541 1997 3603 so·

530 3681 690 3746 mnum
724 3684 878 3788 capere
914 3648 1005 3789 pati
1019 3727 1035 3770 ,
1071 3687 1122 3751 ut
1153 3651 1350 3793 primum
1374 3689 1494 3754 metu
1531 3692 1581 3751 ac
1615 3649 1891 3752 solicitudine
1920 3687 1997 3746 ve·

536 3826 718 3908 xarent,
747 3791 929 3914 deinde,
955 3833 1059 3896 curn
1089 3834 1255 3897 vanum
1288 3796 1497 3898 timorem
1532 3793 1846 3897 consuetudine
1881 3789 1997 3892 remi·

535 3932 717 4178 piarent,
742 3939 977 4042 securiores
1003 3936 1305 4060 offenderent,
1325 3939 1404 4043 ubi
1425 3943 1569 4045 visum
1598 3979 1724 4064 esset,
1751 3978 1857 4042 vero
1883 3975 1996 4081 prae·

553 4079 601 4179 io
637 4079 862 4185 lacessere.

588 4233 760 4329 XXIX.
803 4241 901 4333 Rex
936 4269 1087 4336 autem
1100 4310 1115 4355 ,
1150 4276 1194 4338 se
1224 4273 1412 4478 suospue
1448 4235 1594 4337 castris
1631 4234 1868 4377 diligenter
1902 4256 1996 4330 con-¹

541 4367 678 4469 tinere
713 4370 968 4520 bellumque
1005 4380 1197 4500 ducere,
1234 4380 1294 4480 sic
1350 4418 1423 4480 ore
1461 4419 1662 4521 sperans,
1698 4416 1749 4479 ut
1793 4375 1998 4478 exercitus

540 4513 858 4672 §aesarianum
895 4524 1115 4650 stipendio
1152 4564 1244 4626 non
1280 4561 1570 4666 suppetente,
1617 4561 1763 4624 rerum
1807 4555 1998 4621 necessa-

542 4689 703 4758 tratum
739 4658 894 4803 inopia
925 4659 1049 4763 brevi
1080 4663 1370 4789 dilaberetur,
1400 4673 1479 4813 qui
1516 4670 1652 4772 timor
1681 4667 1874 4770 vicissim
1891 4671 2003 4760 Cae-

542 4800 733 4906 sarianos
776 4807 905 4912 duces
946 4810 1138 4956 angebat
1172 4809 1472 4961 urgebatque,
1512 4853 1566 4919 ut
1603 4847 1876 4917 maturarent
1915 4835 2006 4904 rem

1884 4985 2006 5095 prae·
