4326 5986
543 491 659 600 ‚438
989 498 1065 580 nn
1108 497 1312 580 nauus
1361 455 1582 578 onsrrs

539 702 669 768 nente
709 654 990 800 navigatione
1036 658 1461 779 transmittendum,
1500 660 1636 799 idque
1676 649 1864 756 navibus
1904 657 1993 760 lon·

542 811 644 952 gis,
685 845 798 945 quae
841 802 962 902 nullo
1006 803 1109 905 anni
1151 840 1352 944 tempore
1397 843 1422 901 a
1468 803 1613 903 littore
1655 801 1786 942 paulo
1832 800 1987 943 longius

544 953 634 1052 sine
675 947 867 1088 periculo
911 946 959 1044 in
999 945 1135 1048 altum
1177 945 1500 1085 provehantur.
1555 957 1606 1044 ln
1649 955 1807 1044 hanun
1863 983 1993 1047 rernm

424 1177 427 1182 .
548 1091 890 1193 consideratione
925 1089 1128 1189 timorem
1163 1090 1383 1190 nonnullis
1424 1086 1610 1188 addebat
1644 1086 1805 1220 Judaei
1857 1097 1996 1221 cujus·

552 1239 688 1358 dam,
725 1233 805 1373 qui
839 1227 984 1330 fuerat
1019 1231 1066 1330 in
1102 1233 1244 1331 castris
1280 1232 1470 1348 Caroli,
1517 1229 1821 1371 praedictionis
1859 1269 1996 1332 recor-

554 1379 704 1495 datio,
742 1376 823 1517 qui
859 1417 901 1475 se
937 1413 1086 1476 vatem
1123 1415 1210 1474 esse
1248 1373 1568 1514 profitebatur,
1605 1375 1741 1512 idque
1784 1375 1996 1474 nonnullis

554 1554 851 1661 persuaserat,
891 1555 1122 1658 propterea
1163 1519 1289 1659 quod
1325 1560 1376 1617 ex
1417 1516 1564 1617 multis
1611 1554 1750 1657 pauca.
1787 1519 1998 1654 quaedam

555 1661 613 1762 ab
656 1702 711 1760 eo
755 1662 1012 1799 praedicta,
1052 1701 1149 1759 casu
1186 1660 1370 1779 scilicet,
1409 1697 1461 1760 ut
1496 1659 1631 1777 solet,
1670 1695 1930 1759 evenerant.
1965 1671 1999 1758 ls

557 1805 676 1906 enim
713 1804 904 1903 solvente
941 1802 1105 1902 Carolo
1142 1812 1317 1902 Genuae
1353 1802 1698 1942 praedicaverat,
1732 1795 1999 1940 naufragium

556 1946 713 2061 classi,
755 1983 845 2083 quo
887 1982 1016 2043 naves
1062 1944 1400 2082 quatuordecim
1450 1945 1729 2082 deperirent,
1772 1946 1996 2081 portendis

556 2081 715 2187 fecerat
762 2125 941 2225 quoque
994 2087 1252 2185 nonnullam
1298 2087 1419 2187 istius
1462 2087 1643 2186 vanitati
1693 2085 1830 2186 fidem
1874 2095 1999 2216 jactus

555 2224 780 2346 fulminis,
819 2233 910 2368 quo
945 2226 1002 2328 ab
1037 2270 1087 2328 ea
1124 2265 1279 2369 parte,
1319 2269 1430 2368 quae
1470 2229 1599 2330 maris
1635 2265 1739 2347 est,
1777 2229 1901 2366 aquis
1936 2265 1997 2328 et·

556 2371 645 2472 iarn
680 2366 873 2470 anfractu
910 2373 1106 2509 quodam
1141 2375 1465 2511 propemodum
1503 2371 1759 2512 perstrictis,
1792 2371 1998 2482 demisso,

557 2514 849 2650 praetorium,
889 2514 967 2612 ubi
1003 2515 1183 2614 Carolus
1219 2515 1513 2615 diversabatur
1527 2592 1542 2633 ,
1567 2515 1703 2613 ictum
1733 2508 1873 2612 literar
1901 2509 1998 2654 pau-

559 2654 606 2751 lo
643 2690 744 2752 ante
779 2655 1038 2755 discessum;
1082 2665 1178 2756 Nec
1214 2657 1332 2756 enim
1371 2656 1592 2778 delicere,
1628 2656 1707 2796 qui
1741 2653 1829 2754 hoc
1865 2692 1998 2755 osten-

559 2828 657 2894 tum
693 2796 855 2895 Carolo
890 2796 1111 2937 ipsiusque
1146 2799 1267 2897 classi
1302 2801 1541 2940 periculum
1577 2800 1867 2941 portendere,
1887 2797 2001 2899 inani

560 2936 721 3035 scilicet
757 2939 1084 3080 superstitione,
1121 2942 1524 3079 interpretarentur.
1567 3061 1570 3070 y

567 3157 571 3163 .
627 3088 749 3179 XXl.
824 3081 977 3180 Tertio
1024 3089 1178 3182 Nonas
1212 3083 1498 3205 Decembris,
1540 3124 1643 3187 cum
1685 3095 1775 3216 jam
1820 3083 2001 3185 biduum

441 3277 445 3282 ·
559 3255 795 3319 euronotus
831 3222 1106 3322 continenter
1147 3224 1303 3344 flaret,
1337 3263 1382 3326 er
1414 3228 1574 3366 passim
1614 3265 1692 3368 per
1734 3267 1884 3329 omnes
1923 3265 1999 3324 na-

558 3395 632 3458 ves
676 3399 804 3461 voces
846 3402 937 3463 non
980 3367 1121 3465 modo
1162 3405 1431 3492 vectorum,
1473 3373 1732 3471 sedetiam
1778 3407 1999 3470 nautarum

560 3501 850 3621 audirentur,
887 3545 978 3610 non
1021 3545 1222 3646 oportere
1258 3512 1422 3612 diutius
1459 3550 1725 3654 exspectare,
1760 3515 1871 3652 quin
1906 3511 1998 3611 reli-

557 3642 637 3742 ctis
664 3645 812 3745 insulis
845 3645 891 3742 in
931 3649 1191 3787 Hispaniam
1227 3654 1538 3795 navigareturs
1568 3656 1751 3756 Carolus
1781 3657 2000 3755 Andream

558 3787 791 3924 compellat
826 3785 1075 3930 jubetque,
1109 3832 1164 3892 ne
1201 3795 1437 3935 navigandi
1480 3836 1577 3896 eam
1619 3798 1894 3896 occasionem
1939 3797 2001 3895 in·

556 3927 711 4026 terlabi
744 3930 960 4066 patiatur.
998 3935 1222 4054 Andreas,
1254 3938 1457 4075 quamvis
1493 3975 1660 4039 certum
1694 3937 1873 4040 haberet
1906 3977 2000 4036 ma-

555 4103 602 4164 re
643 4107 842 4210 apertum
891 4109 1008 4174 extra
1050 4077 1204 4176 insulas
1248 4078 1450 4180 fluctibus
1500 4119 1676 4223 propter
1726 4080 1999 4183 vehementes

552 4207 678 4311 flatus
712 4215 873 4314 saevire
892 4292 907 4334 ,
924 4251 1101 4336 tamen,
1138 4258 1194 4320 ne
1228 4254 1388 4322 temere
1424 4258 1517 4322 tam
1558 4225 1799 4324 multorum
1835 4262 1999 4325 senten·

553 4350 662 4453 tiam
700 4356 899 4457 damnare
933 4358 1181 4481 videretur,
1217 4362 1326 4463 nihil
1362 4367 1659 4467 contradicens
1695 4367 1935 4507 pariturum
1959 4405 1996 4465 se

553 4497 782 4617 ostendit,
813 4499 1075 4641 signumque
1119 4501 1403 4644 profectionis
1446 4511 1551 4629 dat,
1585 4504 1698 4609 facta
1723 4547 1780 4609 're
1824 4508 1997 4624 divina,

548 4645 669 4757 cujus
702 4641 843 4779 gratia
877 4646 1060 4745 Carolus
1095 4647 1269 4788 singulis
1305 4645 1394 4748 fere
1429 4650 1594 4752 diebus·
1616 4653 1664 4754 in
1702 4687 1861 4751 terram
1894 4652 1996 4746 des·

545 4780 778 4901 tendebat,
809 4821 995 4928 propter
1040 4789 1187 4930 legem
1222 4791 1542 4915 Pontifitiam,
1584 4827 1671 4934 qua
1714 4833 1782 4894 res
1815 4788 1992 4906 divina,

1885 4973 1989 5078 quae
