4294 5984
538 429 617 519 106
923 438 1005 516 orr
1052 400 1250 516 nouus
1294 427 1510 512 Gusrrs

481 604 820 714 Cantabrorum
857 596 996 740 gentis
1035 594 1202 735 alioqui
1239 589 1615 733 pugnacissimae,
1652 620 1790 728 quam
1827 584 1964 729 potis

494 756 658 858 simum
694 779 913 849 tormenta
951 737 1183 881 petebant,
1220 737 1371 838 ordine
1409 734 1592 875 quidem
1629 764 1836 853 servate,
1879 775 1970 878 pe

496 903 599 1002 dem
637 932 784 994 tamen
817 881 1021 987 referret.
1049 885 1188 1004 Quod
1216 877 1595 998 Almirantus,
1553 914 1622 982 vir
1659 912 1821 979 statura
1855 880 1963 983 bre-

496 1047 563 1156 vi,
601 1033 870 1141 sedmaximo
904 1065 1001 1130 tum
1033 1029 1219 1146 animo,
1255 1063 1355 1126 tum
1391 1027 1524 1126 etiam
1560 1021 1779 1146 consilio,
1816 1025 1961 1130 anim-

496 1190 756 1304 advertens,
807 1217 925 1349 equo
977 1173 1166 1275 admisso
1217 1170 1461 1312 procurrit,
1512 1207 1764 1312 magnaque
1811 1209 1964 1293 voce,

498 1411 528 1454 ‚,
548 1337 633 1458 ,Quo
676 1363 739 1428 ren
743 1331 833 1426 ditis
852 1319 1090 1462 ,inquit,
1126 1321 1300 1418 militas?
1343 1319 1450 1417 Proh
1480 1317 1605 1451 pmlor
1641 1347 1680 1416 tr
1713 1319 1964 1488 ignominia,

499 1554 531 1598 „
548 1483 635 1578 Hi
623 1480 842 1610 paulaeque
879 1496 981 1569 terta
1011 1468 1227 1601 pernicies¹
1272 1459 1414 1562 Utrum
1448 1485 1539 1586 ros,
1578 1501 1625 1562 an
1658 1463 1803 1561 bostem
1817 1537 1833 1580 ,
1872 1469 1963 1597 qui·-

501 1693 534 1744 „
551 1663 634 1720 tum
673 1621 814 1716 bellum
847 1616 1012 1749 geritis,
1048 1613 1273 1747 ignoratis?
1311 1615 1374 1706 Er
1415 1608 1481 1703 lros
1518 1610 1653 1706 Gallos
1689 1647 1769 1705 erse
1804 1612 1962 1706 nescitis

500 1807 569 1888 „a
605 1794 816 1863 nostrorum
854 1767 998 1858 minore
1034 1791 1186 1853 numero
1214 1783 1328 1922 saepe
1364 1752 1568 1868 delictor,
1608 1782 1721 1884 arque
1764 1754 1961 1850 concisos.
1987 1753 1990 1766 '

498 1913 688 2040 „quique
742 1941 947 2037 numquam
993 1901 1146 2000 antehac
1189 1904 1270 1994 sine
1309 1935 1377 1994 rua
1412 1902 1579 2027 pernicie
1628 1933 1711 1994 cram
1757 1899 1960 2026 Hispanis

503 2125 534 2172 ‚,
553 2051 858 2149 contenderunt?
895 2051 959 2145 An
993 2069 1063 2142 lus
1100 2052 1167 2142 uni
1203 2044 1368 2138 omnium
1403 2080 1426 2138 a
1468 2044 1618 2140 rimare
1659 2035 1846 2171 majorum
1889 2041 1961 2138 dr-

501 2269 532 2316 „
542 2198 786 2330 generasris,
822 2195 891 2324 qui
924 2213 1011 2288 rest
1012 2225 1055 2286 ra
1091 2218 1182 2284 tunt
1184 2189 1325 2284 ratione
1361 2210 1401 2282 et
1425 2185 1593 2318 gloriam
1619 2209 1659 2278 et
1693 2220 1773 2282 rem
1805 2180 1962 2315 Hispa-⁴

501 2412 533 2457 „
549 2378 636 2437 nam
667 2337 858 2473 perditum
893 2337 993 2433 irisr
1030 2330 1295 2502 ‘lbrerrimini
1323 2359 1395 2461 per
1432 2327 1564 2426 Deum
1606 2330 1885 2442 immortalem,
1922 2354 1963 2425 tt

503 2557 533 2600 ,‚
548 2520 604 2578 me
650 2483 779 2594 duce,
821 2505 934 2607 atque
977 2479 1018 2571 in
1053 2477 1131 2571 acie
1165 2481 1285 2610 prima
1319 2473 1523 2570 dimicante
1544 2475 1730 2603 ,optima
1764 2499 1828 2600 spe
1866 2505 1961 2568 torr-

505 2695 537 2747 „
555 2656 691 2755 trpra,
729 2627 770 2716 in
807 2622 890 2717 bort
874 2649 949 2715 rrm
986 2622 1134 2715 irruite.
1138 2628 1171 2677 “

574 2772 649 2860 lX.
725 2759 810 2858 His
847 2759 1004 2876 dictis,
1042 2757 1237 2860 militum
1273 2743 1537 2858 confirmatis
1574 2792 1630 2862 et
1653 2752 1838 2857 accensis
1874 2755 1962 2856 ani-

505 2904 623 3022 mis,
660 2945 710 3002 ex
747 2942 866 3042 equo
909 2904 1160 3003 descendere
1211 2937 1435 3045 parantem
1490 2901 1761 3004 centuriones
1803 2895 1964 3040 prohi-

506 2983 722 3164 buerbnt,
758 3047 1015 3148 clamantes:
1057 3087 1099 3144 se
1135 3084 1227 3145 non
1261 3040 1461 3186 fugiendi
1531 3045 1636 3144 ratia
1673 3044 1860 3186 gradum
1896 3079 1963 3143 re

505 3186 649 3310 ferre,
685 3191 759 3288 sed
793 3224 842 3289 ut
884 3187 1079 3290 hostium
1124 3189 1385 3309 tormentis,
1427 3083 1624 3351 quibus
1622 3189 1751 3289 multi
1786 3222 1963 3286 nostro

505 3372 606 3434 rum
640 3335 821 3474 impune
856 3373 905 3434 ac
941 3330 1240 3433 miserabiliter
1274 3334 1509 3453 caderent,
1545 3329 1630 3470 ipsi
1665 3373 1740 3432 sua
1776 3366 1965 3432 tormen

505 3511 550 3576 ta
598 3476 848 3579 invehentes
888 3512 1198 3639 opponerent,
1240 3513 1283 3577 et
1326 3476 1422 3617 pari
1469 3409 1726 3576 cbnditione
1775 3474 1968 3576 dimica

505 3657 624 3720 rent.
662 3623 736 3721 Ad
770 3618 877 3721 haec
911 3619 1215 3739 Almirantus,
1252 3699 1281 3740 „
1301 3624 1401 3721 Non
1437 3649 1496 3720 est
1510 3619 1724 3759 ,inquit,
1752 3616 1836 3752 jam
1877 3650 1968 3720 tor-

505 3841 536 3885 „
551 3795 690 3864 mentre
741 3797 866 3899 opas,
912 3765 996 3862 sed
1018 3767 1163 3900 gladiis
1207 3795 1247 3862 et
1295 3769 1416 3863 hastis
1454 3801 1515 3862 res
1539 3774 1702 3864 cominus
1737 3767 1922 3900 gerenda.
1935 3777 1967 3824 “

505 3906 876 4010 Cantabrorum
864 3906 999 4050 igitur
1034 3907 1126 4007 acie
1161 3946 1401 4027 conversa,
1438 3947 1569 4049 seque
1610 3909 1658 4008 in
1702 3905 1848 4008 Gallos
1893 3946 1967 4006 re-

503 4043 699 4172 ferente,
732 4091 781 4153 ac
827 4053 975 4152 ceteris
1017 4051 1173 4152 nostris
1217 4051 1439 4196 equitibus
1474 4088 1517 4152 et
1564 4047 1781 4194 peditibus
1829 4051 1965 4151 undi-

503 4235 619 4336 que,
666 4199 874 4298 sedante
925 4236 1077 4300 omnes
1129 4199 1339 4300 veteranis
1394 4192 1652 4299 cohortibus
1701 4232 1963 4338 procurren-

501 4337 654 4459 tibus,
705 4343 917 4482 praelium
970 4344 1254 4453 conseriturr
1308 4341 1477 4444 hostilis
1527 4343 1743 4506 equitatus
1799 4373 1964 4556 magnq

499 4480 669 4622 impetu
713 4523 816 4586 cum
864 4489 1090 4610 irruisset,
1139 4529 1190 4589 ac
1235 4527 1310 4628 per
1353 4523 1525 4587 nostros
1571 4486 1964 4648 irrupisset,ta

500 4661 606 4725 men
648 4668 674 4726 a
709 4639 878 4762 majore
921 4669 1173 4737 nostrorum
1210 4630 1412 4773 equitum
1454 4669 1672 4751 numero,
1710 4668 1788 4771 qur
1825 4662 1967 4727 trans-

497 4803 657 4874 VCCtOS
689 4774 964 4898 invaserant,
1012 4777 1364 4882 circunventus
1328 4855 1345 4900 ,
1390 4815 1550 4919 magna
1587 4817 1637 4876 CX
1680 4809 1801 4915 palte
1849 4808 1967 4872 conr

1773 5005 1795 5018 ..
1863 5005 1868 5012 .
1902 4910 1970 5010 Cl-
