4368 5984
698 420 816 492 vttn
841 419 905 493 ET
928 422 1144 500 SCRIPTA.
1578 435 1606 514 '9'

173 547 260 637 ¹dant
301 547 487 654 alumno,
522 547 588 666 qui
626 547 907 665 Philosophiam
934 552 973 637 in
1012 550 1218 639 Academia
1251 547 1557 660 Salmanticensi‚
1588 577 1626 640 et

176 668 430 786 Theologiam
448 670 487 753 in
515 669 746 754 Bononiensi
776 668 988 784 professus,
1023 672 1153 757 Abbas
1180 669 1341 784 primum
1371 671 1624 783 Compluten·

173 786 217 872 sis
251 848 265 893 ‚
298 790 440 874 deinde
467 787 684 872 Canonicus
727 788 969 896 Toletanis,
1002 814 1195 904 postremo
1236 787 1375 900 iuridici
1412 817 1621 879 conventus
1638 789 1706 814 ‘'

172 905 439 992 Valdolitensis
477 911 624 992 Praeses
655 931 711 992 est
746 907 972 1025 designatus.
1006 914 1204 1022 impressus
1231 932 1286 992 est
1318 908 1514 994 Bononiae
1540 907 1619 996 for·

172 1024 241 1110 rnis
256 1025 391 1135 Jacobi
408 1025 550 1111 Montii
565 1055 655 1110 ann.
678 1028 805 1126 1678.
829 1057 917 1112 eum
947 1028 1018 1111 hac
1034 1025 1301 1141 inscriptione:
1333 1029 1541 1135 Apparere
1570 1037 1624 1116 od

172 1159 289 1252 caput
313 1151 483 1227 ultimum
507 1146 689 1228 historiae
706 1145 955 1253 Aegidiouoe.
990 1162 1003 1200 ¹
1034 1151 1071 1229 T
1072 1171 1158 1231 otus
1186 1145 1225 1228 in
1249 1172 1297 1228 eo
1314 1172 1369 1229 est
1384 1171 1550 1252 auctor,
1576 1175 1619 1237 ut

171 1262 480 1374 Sepulvedama
508 1263 764 1376 quorumdam
794 1264 1109 1349 criminationibus
1148 1261 1309 1350 vindicet
1339 1324 1351 1368 ,
1380 1265 1447 1378 qui
1495 1267 1617 1354 virum

168 1377 304 1464 clariss.
320 1381 359 1463 in
375 1380 601 1497 assignando
627 1381 841 1466 Albornotii
856 1411 959 1468 anno
990 1381 1187 1467 emortuali
1202 1382 1356 1493 turpiter
1385 1381 1533 1496 lapsum
1555 1417 1616 1472 as-

167 1499 414 1584 sevetabant.
455 1505 587 1612 ltaque
614 1499 774 1613 primum
807 1503 934 1585 statuit
965 1500 1215 1614 Sepulvedarn
1235 1499 1274 1583 in
1302 1498 1467 1586 editione
1496 1508 1554 1590 sui
1576 1536 1615 1591 o·

167 1615 266 1729 peris
288 1616 481 1731 principe,
512 1617 600 1700 antri
627 1646 764 1731 nempe
789 1647 912 1726 1521.
935 1645 1035 1702 tecte
1067 1616 1280 1703 Albornotii
1307 1643 1467 1704 mortem
1483 1623 1536 1707 ad
1550 1653 1614 1708 atr·

168 1763 263 1818 num
294 1738 421 1843 1367.
453 1735 630 1850 diemque
658 1765 726 1843 23.
756 1738 893 1822 Sextilis
923 1735 1117 1822 retulisse:
1150 1736 1218 1821 scd
1245 1735 1284 1819 in
1310 1739 1609 1849 posterioribus²

168 1881 358 1938 annorum
382 1882 506 1963 1559.
525 1881 564 1938 et
586 1857 713 1938 1628.
727 1857 1011 1968 typothetarum
1029 1856 1104 1942 siue
1133 1853 1312 1967 imperitia
1327 1855 1404 1940 sive
1419 1855 1613 1946 oscitantia

166 1969 404 2056 millesimum
425 1972 726 2058 trecentesimum
749 1972 1016 2089 sexagesimum
1048 1998 1228 2087 quartum
1249 1970 1453 2088 irrepsisse,
1478 2003 1610 2089 postea

163 2089 403 2201 Sepulvedae
418 2090 640 2176 sententiam
664 2090 787 2176 multis
807 2094 1031 2207 comprobat
1058 2090 1286 2208 argumentis
1312 2119 1356 2176 ac
1381 2092 1610 2206 testimoniis,
1727 2125 1729 2135 ·

162 2206 274 2320 queis
303 2205 420 2294 fidem
453 2207 640 2325 denegare
668 2238 783 2295 nemo
806 2241 917 2296 sanus
933 2210 1041 2294 ausit.

258 2325 337 2410 Sed
359 2326 553 2412 redeamus
570 2327 619 2412 ad
632 2328 884 2442 Sepulvedam
900 2328 1096 2415 Bononiae
1120 2329 1258 2446 ingenii
1274 2328 1330 2412 sui
1349 2324 1486 2416 famam
1519 2332 1610 2418 lon·

162 2469 218 2556 ge
251 2440 403 2558 lateque
426 2443 464 2528 in
493 2444 569 2531 dies
592 2471 880 2562 propagantem.
913 2452 1031 2533 Anno
1055 2475 1178 2554 1522.
1196 2446 1312 2561 pridie
1336 2446 1526 2534 Kalendas
1542 2457 1607 2538 Fe·

162 2559 305 2646 bruatii
331 2565 499 2676 Carpum
527 2592 567 2649 se
596 2565 755 2650 contulit
773 2583 821 2668 33
843 2565 1026 2680 oppidum
1051 2565 1200 2651 ditionis
1229 2563 1486 2672 Mutinensis,
1516 2571 1606 2656 red·

161 2673 282 2794 iitque
297 2679 403 2765 XVI.
423 2679 613 2768 Kalendas
630 2683 774 2797 Aprilis.
806 2686 875 2769 lX.
896 2682 1160 2794 ldusejusdem
1176 2682 1311 2768 mensis
1326 2681 1460 2768 itenun
1477 2686 1606 2772 eCol·

163 2791 265 2910 legio
290 2798 436 2884 secessit
461 2796 692 2915 ‚abluitque
716 2801 767 2886 ad
796 2825 974 2916 quartum
1003 2828 1122 2915 usque
1143 2800 1244 2886 diem
1270 2799 1402 2914 Aprilis
1435 2802 1536 2888 anni⁴
1550 2834 1605 2891 se·

163 2914 314 3028 quentis
336 2944 461 3027 1523.
501 2918 677 3034 Denique
706 2917 823 3034 pridie
849 2923 983 3004 Nonas
1013 2919 1107 3032 Maji
1135 2917 1300 3030 ejusdem
1322 2917 1411 3002 anni
1430 2917 1603 3032 impetra·

163 3031 222 3118 vit
247 3032 296 3116 ab
321 3035 495 3121 Antonio
511 3041 646 3123 Zarate
671 3063 711 3122 et
731 3067 754 3121 a
780 3035 1001 3122 Consiliariis
1018 3097 1030 3142 ,
1046 3037 1101 3122 uti
1117 3037 1215 3123 duos
1241 3064 1384 3122 menses
1418 3037 1545 3124 abesse
1561 3040 1603 3124 li-

129 3245 133 3253 ,
162 3175 297 3260 cerer,
321 3151 387 3238 sed
413 3182 502 3238 cunt
525 3183 650 3270 neque
673 3154 737 3240 illo
755 3155 934 3270 temporis
966 3154 1194 3261 intervallo,
1233 3183 1358 3268 neque
1389 3178 1475 3268 post
1507 3185 1601 3272 qua·

163 3291 252 3355 tuor
288 3267 379 3355 alios
403 3301 547 3358 menses
579 3273 616 3357 in
634 3273 848 3390 Collegium
863 3273 1097 3378 revertisset,
1119 3300 1244 3388 neque
1263 3271 1360 3356 illinc
1390 3273 1518 3359 abesse
1543 3275 1602 3362 ul*

163 3409 221 3470 tra
236 3416 381 3474 annum
408 3414 447 3476 et
476 3389 671 3476 dimidium
704 3420 750 3475 ex
779 3391 961 3507 legibusa
990 3390 1188 3477 conditore
1207 3391 1435 3506 praescriptis
1465 3390 1604 3503 liceret,

163 3504 445 3624 eCollegatum
471 3507 559 3593 albo
581 3535 749 3596 exemtus
773 3534 829 3595 est
845 3512 913 3594 lX.
930 3507 1118 3594 Kalendas
1133 3507 1335 3605 Quintiles.

249 3625 333 3710 Etsi
357 3620 510 3712 minimi
529 3656 575 3712 ex
597 3627 757 3712 auctoris
782 3627 955 3743 operibus
978 3623 1113 3714 inserte
1136 3624 1190 3713 fas
1214 3626 1260 3712 sit
1290 3685 1305 3731 ,
1332 3627 1484 3714 ubinam
1509 3657 1602 3744 gen·

219 3743 325 3828 Tom.
343 3745 377 3828 t.
1055 3747 1094 3829 B
1405 3787 1422 3844 ἣς
1507 3749 1601 3834 tium

202 3877 217 3916 ι
259 3862 324 3919 Hoc
343 3861 436 3921 Andr.
450 3863 568 3923 l'rtillae
581 3868 745 3942 opuseulum
762 3877 882 3938 quatuor
895 3875 1010 3926 constat
1029 3863 1191 3940 capitibus.
1210 3861 1332 3921 Duobus
1348 3860 1488 3938 prioiibus
1508 3879 1600 3922 mnus

159 3941 321 4014 mensisque
330 3983 340 4014 ,
350 3943 449 4015 quibus
462 3944 601 4020 Aegidius
616 3960 775 4005 extremum
789 3947 892 4006 clausit
907 3947 1005 4019 diem,
1024 3945 1141 4002 invictis
1155 3944 1331 4018 argumentis
1344 3957 1424 3999 extra
1443 3944 1537 4000 omnis
1551 3943 1600 4002 du-

161 4018 312 4079 bitationis
332 4027 425 4080 aleam
443 4025 566 4096 ponitur.
588 4024 691 4084 Tertio
706 4041 775 4100 quot
798 4041 881 4084 natus
896 4044 987 4084 annos
1009 4025 1149 4100 Aegidius
1162 4023 1266 4080 obierit
1280 4061 1291 4092 ,
1305 4021 1478 4094 disquiritur.
1500 4023 1601 4100 Quae·-

158 4107 191 4154 ιο
208 4115 346 4176 tempus,
371 4119 425 4178 quo
444 4101 570 4182 Collegii
588 4105 751 4166 aedificium
774 4107 936 4166 absolutum
960 4145 974 4180 ,
994 4107 1079 4180 inque
1102 4103 1173 4161 illud
1199 4099 1338 4175 Collegae
1362 4099 1443 4162 fuere
1468 4105 1599 4180 admissi,

160 4183 341 4254 explanatur.

202 4277 221 4315 e
262 4261 297 4320 ln
317 4263 405 4336 priori
430 4263 558 4324 editione
579 4267 695 4326 disertis
717 4267 812 4326 verbis
832 4269 963 4326 dicitur:
991 4265 1100 4322 Vitam
1123 4278 1185 4320 corn
1202 4270 1296 4321 morte
1319 4265 1505 4322 eommutavit
1531 4281 1604 4321 orno

154 4341 284 4420 gratioe
295 4341 446 4402 millesimo
460 4349 661 4422 trecentesimo
671 4349 851 4428 sexagesimo
863 4348 995 4420 septimo.
1015 4346 1051 4402 In
1065 4344 1192 4401 editione
1206 4346 1483 4418 an.1539.legitut:
1503 4342 1531 4405 S
1530 4361 1602 4402 exo-

154 4421 269 4500 gesimo
288 4435 402 4497 quarto.
424 4425 516 4484 Andr.
539 4427 654 4483 Pitillas
677 4427 782 4500 aliquid
803 4428 833 4482 in
857 4427 911 4482 hae
932 4425 1059 4482 editione
1078 4426 1113 4482 de
1134 4421 1222 4480 titolo
1244 4424 1438 4481 dedicationis
1455 4425 1603 4484 ademtunt

157 4516 300 4572 asseverat
315 4542 326 4575 ,
339 4505 383 4560 uti
397 4519 426 4561 et
446 4505 482 4561 de
496 4503 621 4582 Collegii
635 4507 837 4580 descriptione.
858 4507 894 4563 In
911 4505 1039 4565 editione
1052 4523 1099 4562 an.
1117 4504 1201 4560 1628.
1222 4515 1286 4576 post
1301 4502 1389 4559 verba
1409 4505 1479 4562 illa:
1504 4503 1605 4564 Serto-

148 4581 264 4658 gesimo
284 4595 390 4658 quarto
407 4585 531 4644 additur.
559 4605 586 4662 3.
600 4585 674 4646 stat.
688 4584 850 4659 Octobris,
871 4587 962 4644 citato
975 4587 1012 4642 ad
1032 4585 1193 4658 marginem
1212 4583 1347 4640 Mariana
1364 4583 1397 4640 in
1416 4585 1606 4661 lib.17.c.7.

155 4661 211 4718 Sed
232 4665 308 4736 quod
327 4667 443 4739 gravius
467 4679 510 4722 est
529 4707 540 4738 ,
556 4667 649 4725 editor
673 4669 801 4742 integras
822 4667 930 4724 ademit
951 4681 1048 4740 partes
1065 4705 1076 4737 ,
1093 4665 1276 4738 integrasque
1298 4665 1401 4736 absque
1432 4665 1604 4724 necessitate

152 4744 280 4800 mutarit
295 4782 306 4815 ,
325 4756 387 4801 turn
408 4745 439 4802 in
453 4745 598 4820 historia,
612 4761 674 4804 turn
689 4749 719 4804 in
733 4747 860 4821 Collegii
875 4747 1091 4820 descriptione,
1114 4755 1188 4801 teste
1202 4743 1313 4802 Pitilla.

176 4857 181 4864 ·
194 4837 213 4895 3
252 4824 288 4880 Iu
302 4823 382 4882 libro
397 4827 505 4897 tertio,
524 4827 572 4882 ubi
592 4845 691 4885 eorunt
712 4829 831 4887 nomina
852 4825 1077 4900 describuntur,
1097 4824 1144 4898 qui
1165 4825 1242 4881 inter
1267 4823 1404 4897 Collegae
1420 4837 1543 4900 cooptata
1577 4843 1592 4883 r·

149 4903 288 5048 ιὲτὶρωιιι
302 4907 446 4984 reperitur
469 4924 556 4968 manu
575 4907 680 4988 Jacobi
700 4907 804 4969 Pontii
827 4906 1041 4986 Legtoaerets:
1072 4905 1211 4970 Recessit
1231 4904 1330 4968 iturus
1349 4905 1381 4965 irr
1402 4907 1533 4985 oppidum
1553 4863 1606 4968 dei

176 4997 255 5060 arpo.
1567 5014 1571 5023 ·
