4294 5972
583 479 670 573 310
995 473 1080 554 DE
1122 472 1321 558 REBUS
1358 470 1581 561 Gustus

537 638 672 743 simus
708 625 948 778 vigesimus
996 673 1140 736 nonus
1177 630 1413 735 obsidione
1449 628 1626 773 cingit,
1663 665 1744 730 nec
1779 632 2012 738 tormentis

534 789 716 904 solum,
769 781 844 880 sed
890 778 1026 879 etiam
1069 777 1282 879 cuniculis
1327 811 1593 942 oppugnat.
1646 784 1713 875 Ita
1748 815 1854 879 cum
1892 777 2009 884 bona
2128 841 2130 868 ι

532 971 629 1074 pars
668 925 780 1028 muri
815 924 1081 1044 corruisset,
1117 921 1305 1043 milites,
1344 961 1509 1065 magno
1554 953 1724 1063 tmpetu
1760 915 1909 1046 fasto,
1943 926 2007 1030 irq

530 1110 734 1216 rumpere
772 1067 1009 1194 nituntur,
1046 1069 1216 1209 diuque
1250 1066 1458 1170 acerrime
1484 1065 1780 1208 praeliantut;
1816 1070 1893 1170 sed
1918 1070 2004 1174 vir-

530 1253 624 1320 tute
662 1253 706 1316 et
743 1214 989 1316 constantia
1038 1212 1240 1333 civium,
1288 1246 1330 1314 et
1362 1210 1615 1315 Germanici
1651 1212 1899 1355 praesidii,
1934 1216 2003 1318 cui

529 1397 729 1507 praeerat
765 1359 993 1503 Philippus
1037 1359 1239 1498 Princeps
1293 1357 1510 1494 Palatinus
1569 1391 1614 1456 et
1665 1353 2000 1480 Rocandulfus‚

530 1545 576 1612 et
616 1509 925 1649 Hispanorum
963 1504 1099 1607 trium
1136 1501 1330 1604 millium
1366 1539 1471 1607 cum
1509 1495 1733 1644 praefecto
1769 1504 2002 1608 Ludovico

531 1652 709 1775 Avalo,
748 1653 827 1793 qui
863 1650 1071 1753 omnium
1107 1647 1278 1782 judicio
1314 1647 1541 1791 egregiam
1588 1645 1764 1748 laudem
1805 1686 2001 1792 reporta·

534 1833 675 1919 runt,
712 1791 841 1895 fracti
892 1795 1140 1936 repulsique
1183 1825 1320 1902 sunta
1367 1793 1517 1936 itaque
1563 1791 1712 1936 paucis
1751 1829 1853 1934 post
1902 1795 2001 1895 die-

534 1941 615 2042 bus
665 1938 926 2074 Solymanus
962 1977 1009 2039 re
1043 1932 1204 2039 infecta
1241 1938 1431 2039 domum
1478 1937 1693 2044 revertits
1728 1939 1801 2038 sed
1835 1975 2002 2080 magna

534 2083 656 2185 clade
693 2080 797 2186 belli
832 2081 1010 2183 interim
1044 2081 1093 2183 in
1128 2079 1288 2184 obvios
1324 2079 1591 2185 Christianos
1627 2079 1774 2207 illata,
1811 2078 2007 2182 rediens?

534 2267 621 2370 que
657 2232 883 2361 Joannem
929 2225 1183 2329 Vaivodam
1227 2225 1285 2326 ad
1328 2227 1498 2344 Budam
1534 2239 1711 2370 Regem
1749 2226 1999 2389 Hungariae
2131 2327 2132 2368 ,

533 2369 762 2474 constituit
797 2370 845 2472 in
882 2370 1218 2512 clientelamque
1255 2369 1441 2511 recipit;
1488 2371 1691 2512 adeoque
1728 2368 1776 2472 in
1812 2407 1998 2512 suscepti

532 2511 635 2618 belli
670 2550 820 2615 curam
856 2512 1110 2632 insistebat,
1150 2548 1197 2614 ut
1233 2512 1427 2614 triennio
1463 2512 1635 2615 circiter
1671 2513 1824 2657 quiete
1859 2514 1994 2633 dato,

519 2661 640 2760 dum
683 2654 921 2757 necessaria
964 2651 1315 2798 comparantur,
1357 2654 1525 2759 bellum
1570 2657 1814 2792 majoribus
1854 2658 1996 2800 copiis

529 2838 575 2902 et
610 2809 778 2932 majore
814 2838 1027 2952 apparatu
1063 2835 1323 2904 renovaret.
1363 2802 1459 2938 Qui
1494 2800 1576 2905 sibi
1614 2841 1735 2906 nova
1769 2813 1838 2904 Re
1872 2844 1929 2904 na
1954 2833 1997 2902 et

527 2983 709 3089 magnas
753 2945 975 3088 victorias·
995 2947 1050 3048 de
1092 2944 1350 3047 Christianis
1398 2944 1635 3048 liberaliter
1678 2841 1995 3090 pollicebatur,

526 3085 666 3194 fretus
702 3130 797 3191 non
834 3091 979 3192 solum
1014 3091 1246 3232 copiarum
1271 3129 1449 3192 suarum
1475 3090 1811 3235 magnitudine,
1836 3094 1910 3192 sed
1930 3125 1994 3192 et·

526 3231 617 3336 iam
655 3249 1007 3355 Germanorum,
1046 3276 1159 3376 quos
1204 3233 1401 3378 primum
1443 3235 1651 3337 invadere
1687 3234 1991 3352 constituerat,
2132 3319 2133 3342 r

527 3378 774 3498 discordia,
810 3380 986 3521 populis
1022 3377 1276 3485 Lutheranis
1312 3419 1337 3479 a
1378 3378 1623 3483 Catholicis
1659 3381 1768 3483 odio
1813 3379 1991 3523 capitali
2132 3387 2133 3396 '

479 3623 481 3628 ,
525 3520 865 3646 dissidentibus,
904 3525 1071 3668 quippe
1106 3522 1464 3627 Lutheranorum
1499 3525 1665 3630 viribus
1701 3559 1746 3625 er
1780 3565 1925 3628 errore
1950 3564 1992 3625 se

525 3666 765 3772 abusurum
799 3667 998 3812 sperabat
1032 3670 1089 3769 ad
1123 3669 1314 3812 reliquos
1351 3667 1592 3772 Germanos
1629 3668 1913 3772 debellandos
1950 3705 1991 3771 et

526 3813 679 3914 Caroli
714 3813 909 3950 Caesaris
959 3848 1004 3916 et
1053 3815 1265 3915 Femandi
1301 3813 1438 3956 Regis
1473 3807 1615 3916 fratris
1652 3827 1863 3960 Regnum
1898 3812 1989 3914 avi·

525 3987 622 4059 tum
657 3958 999 4099 occupandums
1036 3959 1161 4100 quod
1199 3959 1236 4059 si
1272 3959 1522 4102 contigisset
1556 3959 1724 4060 Carolo
1759 3994 1985 4100 superato,

522 4095 698 4207 facilem
733 4101 817 4208 sibi
862 4097 959 4205 fore
993 4102 1174 4248 putabat
1216 4104 1273 4206 de
1319 4100 1583 4207 Christianis
1625 4101 1802 4246 reliquis
1840 4104 1986 4204 victo·

520 4281 663 4353 tram.

590 4403 667 4494 VI.
742 4399 843 4494 Nec
880 4388 1023 4496 abfuit
1058 4392 1251 4538 suspicio
1287 4396 1499 4500 eumdem
1526 4435 1552 4496 a
1579 4389 1806 4496 Francisco
1831 4393 1982 4494 Gallo-

518 4565 620 4636 rum
654 4543 778 4677 Rege
814 4538 871 4636 ad
907 4538 955 4638 id
992 4539 1160 4640 bellum
1196 4540 1521 4681 suscipiendum
1552 4535 1683 4641 firisse
1716 4537 1981 4639 solicitarum

516 4712 699 4821 propter
735 4678 927 4782 occultas
963 4678 1232 4825 legationes,
1273 4724 1379 4827 quas
1415 4722 1494 4828 pet
1530 4685 1579 4786 id
1615 4720 1790 4826 tempus
1817 4681 1873 4784 ab
1908 4678 1985 4779 eis·

515 4823 619 4930 dem
655 4825 772 4930 ultro
813 4826 1015 4974 citroque
1057 4828 1206 4936 missas
1250 4823 1380 4932 firisse
1432 4817 1663 4932 constabat
1692 4905 1709 4950 ,
1734 4827 1898 4943 nulla,
1935 4859 1983 4924 ut

1907 5007 1984 5073 ex·
