4294 5984
574 457 813 540 CAROLI
862 464 915 544 V.
965 465 1081 544 LIB.
1115 466 1204 544 111.
1511 471 1569 564 75

149 621 265 719 num¹
286 607 529 717 Cbavium'
547 647 591 715 et
615 627 881 758 Vargarum,
917 613 965 717 in
1001 655 1106 756 quas
1143 615 1297 720 civitas
1332 613 1456 720 scissa
1491 661 1610 747 erat,

149 759 367 864 memoria
404 796 701 877 revocaretur,
735 795 779 859 et
806 757 1030 876 alterutri,
1059 781 1108 859 ut
1139 797 1246 860 esset
1273 803 1466 885 necesse,
1503 807 1609 874 cum

146 900 332 1044 publico
369 903 619 1006 discrimine
655 903 712 1003 ad
747 938 888 1041 partes
926 903 1153 1043 populares
1189 903 1466 1026 inclinarent,
1501 951 1607 1016 cum

147 1043 424 1188 principibus
469 1042 715 1149 factionum
759 1045 989 1185 diligenter
1031 1045 1160 1186 egit3
1206 1082 1250 1146 et
1301 1086 1402 1148 curn
1453 1090 1608 1191 pacem

146 1225 410 1333 perpetuam
447 1231 539 1293 non
573 1225 749 1333 posset,
785 1188 981 1292 inducias
1018 1192 1074 1294 ad
1112 1189 1303 1292 reditum
1339 1231 1389 1294 us
1423 1233 1478 1294 ue
1512 1208 1609 1300 Re·

146 1333 217 1476 gis
254 1371 300 1435 et
335 1333 438 1436 anni
472 1370 695 1474 praeterea
729 1330 858 1432 unius
894 1331 1168 1476 impetravit.
1195 1333 1371 1458 Quibus
1391 1233 1530 1439 qlactis
1566 1377 1609 1442 et

64 1496 68 1510 '
145 1479 431 1610 jurejurando
456 1474 512 1577 ab
547 1478 742 1618 utrisque
774 1473 978 1598 firmatis,
1009 1516 1204 1618 proceres
1231 1477 1510 1624 populosque
1536 1485 1608 1588 vi-

147 1620 306 1741 cinos,
344 1620 479 1724 utin
514 1616 665 1721 officio
701 1618 875 1761 fideque
910 1660 1161 1743 manerent,
1203 1662 1280 1764 per
1321 1623 1483 1728 litteras
1527 1669 1607 1730 co-

147 1760 371 1886 hortatur,
400 1801 445 1865 et
472 1765 730 1866 auctoritate
766 1763 961 1904 publica,
988 1805 1127 1908 quarn
1162 1765 1218 1866 ab
1246 1770 1478 1871 Hadriano
1502 1785 1609 1878 Car·

142 1905 292 2008 dinale
327 1946 581 2050 acceperat,
605 1909 699 2048 qui
734 1909 999 2028 Castellum,
1033 1946 1085 2041 ut
1120 1911 1470 2016 demonstratum
1513 1951 1608 2037 est,

147 2051 285 2192 Regis
320 2045 504 2154 nomine
540 2046 832 2190 procurabat,
874 2051 1114 2153 concilium
1155 2063 1245 2187 ejus
1280 2057 1472 2198 regionis
1507 2065 1609 2162 Au-

147 2228 325 2334 gustam
351 2193 623 2311 Emeritam,
651 2233 765 2335 quae
793 2193 994 2295 medium
1027 2188 1119 2292 fere
1153 2229 1270 2298 tenet
1282 2274 1296 2316 ,
1324 2203 1606 2304 convocavit.

146 2345 256 2436 Huc
291 2372 528 2476 postquam
564 2336 722 2478 populi
761 2374 840 2476 per
882 2376 983 2438 suos
1024 2336 1191 2479 legatos
1232 2373 1365 2478 atque
1410 2379 1607 2482 proceres

147 2515 475 2596 convenerant,
511 2479 567 2578 de
612 2477 806 2580 Concilii
845 2477 1053 2582 sententia
1095 2481 1381 2582 constitutum
1419 2519 1510 2603 est,
1551 2525 1608 2587 ne

148 2660 174 2722 a
212 2617 301 2720 fide
332 2656 377 2718 et
400 2620 591 2761 imperio
619 2621 756 2762 Regis
784 2629 965 2762 ejusque
1000 2622 1333 2764 magistratuum
1369 2624 1610 2727 discedere-v

148 2799 244 2882 tur,
267 2800 311 2863 et
334 2764 588 2884 decretum,
614 2764 719 2862 dato
746 2798 789 2865 et
813 2801 994 2906 accepto
1024 2766 1335 2904 jurejurand0,
1358 2763 1606 2874 firmatum.

148 2913 374 3009 Praeterea
410 2907 578 3050 equites
611 2905 781 3007 circiter
814 2907 965 3029 mille,
1001 2910 1167 3048 pedites
1212 2909 1268 3008 ad
1313 2946 1419 3010 octo
1468 2912 1608 3014 millia

149 3085 371 3152 nontam
407 3049 608 3194 imperati
641 3088 769 3171 sunt,
805 3091 943 3192 quam
977 3088 1135 3192 sponte
1170 3094 1196 3152 a
1236 3051 1489 3194 proceribus
1534 3091 1609 3154 at-

149 3231 240 3332 que
274 3195 449 3337 populis
483 3195 656 3316 oblati,
686 3232 728 3296 ct
764 3194 831 3296 his
867 3194 1077 3299 omnibus
1103 3203 1253 3295 Petrus
1277 3196 1464 3298 Castella
1487 3209 1608 3302 Fran·

151 3337 253 3440 cisci
288 3333 417 3441 frater
452 3333 720 3481 praefectus,
754 3377 805 3442 ut
829 3381 881 3440 ea
908 3367 1062 3442 manus
1097 3339 1306 3444 instructa
1333 3374 1439 3442 esset
1472 3377 1607 3483 atque

101 3529 104 3535 ·
149 3481 209 3579 ad
246 3475 448 3583 officium
483 3483 601 3626 Regi
634 3485 876 3628 Regiisque
916 3480 1272 3628 magistratibus,
1314 3482 1460 3626 siquid
1496 3523 1606 3626 opus

151 3661 293 3745 esset,
328 3630 639 3768 praestandum
674 3665 847 3769 parata.

236 3780 295 3872 V.
381 3783 504 3872 Dum
539 3770 645 3875 haec
677 3776 725 3874 in
753 3769 923 3874 Baetica
957 3810 1001 3874 et
1026 3774 1341 3876 Extremadura
1377 3801 1605 3912 geruntur,

149 3942 318 4011 ceterae
346 3916 558 4016 Castellae
593 3917 790 4019 civitates
827 3919 1112 4039 tumultuari,
1139 3951 1390 4031 ermanus,
1426 3911 1604 4054 quasin

149 4052 285 4150 armis
320 4092 485 4194 paratas
521 4058 732 4164 haberent
767 4063 824 4162 ad
861 4103 933 4184 ea,
971 4100 1084 4203 quae
1120 4060 1212 4156 visa
1247 4052 1425 4156 fuissent
1442 4132 1465 4177 ,¹
1494 4097 1606 4174 exse·

150 4194 329 4330 quenda
363 4239 520 4343 cogere
548 4241 640 4303 non
668 4205 910 4323 desistunt,
937 4196 1190 4343 proceribus
1219 4197 1486 4339 quibusdam
1522 4193 1605 4300 fru-

151 4369 234 4450 stra
270 4375 331 4477 po
364 4343 497 4458 ulares
532 4344 579 4446 in
614 4341 767 4446 officio
803 4347 1026 4446 continere
1061 4341 1345 4448 conantibus.
1373 4355 1474 4445 Erat
1498 4355 1604 4446 Bur-

153 4478 220 4614 gis
246 4377 485 4614 joliidus,
521 4487 701 4591 natione
726 4488 883 4629 Belga,
919 4489 998 4630 qui
1031 4529 1135 4590 cum
1172 4521 1279 4588 esset
1305 4485 1454 4586 Caroli
1489 4523 1624 4608 men.⁴

155 4655 305 4726 somm
345 4623 620 4766 praefectus,
659 4632 718 4734 ab
753 4633 877 4773 ipso,
917 4666 966 4734 ut
995 4633 1115 4734 Laris
1152 4631 1239 4732 arci
1275 4628 1571 4768 praeficeretur
1586 4699 1624 4752 ,-

153 4768 445 4918 Burgensibus
479 4773 663 4900 invitiS,
698 4776 1032 4912 impetraverat.
1069 4782 1218 4905 Hujus
1259 4773 1397 4872 domo
1439 4772 1607 4913 direpta

1182 4920 1271 5020 Ka
1561 4945 1606 5010 et
