4294 5984
578 431 659 494 120
988 413 1071 495 DE
1115 411 1320 494 REBUS
1373 407 1598 492 GEsrrs*

525 546 716 651 terabiae
768 541 949 648 curandi
1003 543 1143 687 gratia
1193 543 1416 645 Beltranus
1469 539 1628 646 misits
1682 541 1813 640 ceteri
1861 535 1998 644 armis

529 693 682 816 exuti,
720 725 765 793 et
800 693 857 794 ad
892 689 1135 832 praesides,
1172 688 1254 831 qui
1295 685 1438 789 adhuc
1484 681 1710 791 Victoriae
1758 683 1996 787 moraban-

531 875 634 958 tur,
672 835 820 968 rejecti
854 870 987 941 sums
1024 831 1081 934 ab
1117 832 1399 950 bisantem,
1436 870 1492 931 ne
1534 831 1570 931 si
1605 830 1654 929 in
1696 827 1886 930 Galliam
1929 869 1996 932 re-

529 1016 818 1098 verterentur,
845 977 891 1078 in
923 1012 1095 1079 nostros
1130 1013 1248 1078 arma
1285 1009 1579 1093 resumerent,
1615 1009 1693 1112 per
1730 972 1991 1112 Hispaniam

530 1127 670 1229 victus
706 1123 947 1265 quaerendi
981 1123 1123 1264 gratia
1138 1129 1140 1134 ’
1158 1156 1376 1263 penetrare
1411 1117 1543 1251 jussi,
1567 1118 1654 1216 'sed
1691 1115 1780 1235 ita,
1816 1153 1867 1216 ut
1905 1119 1991 1220 dis-

530 1269 646 1412 persi
690 1261 883 1412 singuli,
918 1303 994 1368 aut
1030 1264 1128 1367 bini
1140 1342 1156 1387 ,
1193 1302 1309 1365 certe
1348 1303 1443 1368 non
1478 1260 1664 1406 amplius
1708 1259 1843 1381 deni,
1889 1299 1993 1402 pto-

541 1414 766 1514 cederent.

601 1566 757 1658 XXV.
832 1565 930 1656 Hac
966 1588 1087 1699 parta
1122 1551 1344 1671 victoria,
1379 1552 1601 1654 Beltranus
1635 1542 1862 1688 praefectis
1907 1545 1992 1648 vir-

531 1701 638 1801 tutis
680 1699 817 1841 gratia
870 1738 952 1839 pro
1001 1698 1134 1839 ipsius
1187 1696 1488 1798 mediocritate
1525 1692 1719 1812 donatis,
1755 1689 1989 1794 finitimam

534 1844 722 1944 Galliam
756 1838 1074 1943 incursionibus
1111 1835 1343 1961 infestare,
1379 1840 1471 1942 vias
1507 1836 1736 1957 obsidere,
1767 1875 1989 1936 commea-

444 2121 447 2127 Ι
537 2021 586 2086 tu
634 1986 937 2088 Fonterabiam
986 1983 1258 2126 prohibere,
1311 1981 1564 2124 praesertim
1608 2018 1710 2115 post
1751 1981 1990 2084 adventum

537 2129 675 2228 trium
711 2129 901 2231 millium
941 2137 1294 2246 Germanorum,
1331 2167 1444 2269 quos
1493 2127 1535 2226 ei
1582 2125 1763 2228 Carolus
1805 2135 1990 2246 Caesar,
2137 2239 2138 2248 Ν

536 2271 618 2412 qui
651 2281 742 2402 jam
776 2273 825 2372 in
859 2270 1125 2411 Hispaniam
1160 2313 1213 2372 ex
1247 2269 1399 2412 Belgio
1435 2270 1645 2390 redierat,
1681 2305 1785 2366 cum
1812 2277 1992 2369 Rocan·
2137 2257 2138 2272 Ν

539 2407 665 2513 dulfo
693 2408 909 2553 praefecto
935 2414 984 2513 in
1009 2413 1361 2554 supplementum
1384 2413 1559 2512 miserat
1579 2453 1596 2529 3
1631 2410 1845 2512 naviculas
1870 2413 1992 2516 enim
2138 2487 2139 2508 t

537 2555 811 2693 complures,
846 2558 986 2676 zabras
1020 2555 1161 2695 patrio
1204 2555 1422 2658 vocabulo
1466 2555 1637 2673 dictas,
1678 2552 1835 2694 quibus
1873 2556 1993 2656 Galli

541 2696 778 2834 repentinis
822 2696 1139 2801 incursionibus
1176 2737 1359 2799 omnem
1394 2697 1514 2799 illam
1559 2697 1826 2799 maritimam
1869 2735 1995 2799 oram

538 2832 829 2958 infestabant,
867 2839 1027 2977 partim
1062 2837 1299 2962 abductas,
1336 2842 1499 2983 partim
1535 2842 1750 2981 depressas
1788 2842 1993 2961 sustulit,
2139 2815 2140 2850 l

541 3014 586 3080 et
621 2976 927 3082 Fonterabiam
962 2985 1146 3084 terrestri
1188 2985 1342 3084 itinere
1384 3020 1751 3125 praetergressus,
1786 2995 1994 3086 Sanctum

539 3125 767 3258 JJoannem
788 3123 971 3224 Lusium
1000 3125 1274 3228 maritimum
1302 3129 1526 3229 castellum
1562 3129 1721 3228 invasit
1758 3162 1891 3268 atque
1928 3127 1992 3226 di-

540 3265 696 3404 ripuit.
739 3265 913 3389 Quibus
950 3266 1072 3369 rebus
1119 3267 1307 3372 sublatus
1353 3266 1567 3403 Bajonam
1601 3310 1817 3412 quoque,
1854 3305 1995 3371 custo-

541 3405 669 3509 dibus
702 3445 779 3550 per
814 3408 982 3509 occulta
1016 3411 1270 3553 colloquia,
1311 3451 1559 3557 magnaque
1600 3413 1798 3554 pollicita
1841 3413 1991 3514 solici-

542 3549 672 3670 tatis,
707 3552 822 3652 mari
864 3587 1063 3693 terraque
1103 3594 1359 3698 oppugnare
1398 3554 1652 3702 cogitabat,
1698 3557 1869 3659 animos
1913 3559 1995 3660 ad-

541 3694 675 3792 'dente
716 3694 872 3815 classe,
915 3735 1051 3836 quam
1093 3705 1238 3800 Petrus
1286 3713 1437 3804 Cueva
1481 3701 1667 3803 Beltrani
1708 3735 1928 3842 patruus,
1971 3741 1996 3802 a

543 3837 707 3937 Carolo
741 3839 927 3958 missus,
961 3843 1260 3981 compulerat.
1306 3853 1455 3981 Erant
1481 3846 1592 3946 duae
1643 3882 1830 3986 magnae
1876 3880 1995 3946 cate-

543 4013 627 4077 nae
663 4014 922 4086 transversae
963 3983 1010 4086 in
1054 3985 1191 4087 fluvio
1231 3995 1443 4119 Bajonam
1485 3989 1701 4109 alluente,
1745 4028 1859 4130 quae
1906 3989 1996 4090 adi-

544 4155 640 4222 tum
674 4124 855 4258 navium
890 4127 1221 4267 impediebant3
1262 4132 1319 4230 ad
1361 4129 1434 4232 has
1479 4130 1776 4275 infringendas
1819 4133 1992 4236 dentata

544 4259 834 4391 ferramenta,
863 4310 1108 4413 aeneaeque
1143 4270 1445 4398 bombardae,
1482 4277 1645 4419 quibus
1680 4277 1753 4377 illa
1788 4316 1910 4381 erant
1942 4317 1996 4377 ex

542 4409 750 4512 naviculis
784 4419 1151 4556 contorquenda,
1188 4420 1412 4561 ingeniose
1439 4457 1767 4562 comparantur,
1796 4457 1841 4521 et
1867 4417 1997 4519 rebus

540 4549 750 4660 omnibus
786 4558 1024 4697 expeditis,
1060 4561 1222 4660 idonea
1259 4564 1320 4662 rei
1355 4567 1569 4704 gerendae
1601 4598 1831 4708 tempestas
1857 4603 1998 4703 exspe

542 4725 706 4808 cutus
743 4739 856 4846 quae
891 4699 970 4806 ubi
1003 4701 1147 4810 adesse
1183 4703 1274 4812 visa
1309 4741 1403 4832 est,
1446 4717 1591 4817 Petrus
1636 4724 1817 4832 Cueva,
1859 4707 2001 4812 milite

1896 4889 2006 4954 nau«
