4292 5984
578 467 829 582 canoas
869 495 922 582 v
970 500 1090 582 arn.
1122 505 1157 582 ι.
1280 509 1296 528 ε
1536 507 1589 600 19

164 670 233 796 jus
270 651 404 802 igitur
442 690 645 820 quatuor
663 695 882 759 annorum
914 635 1133 758 intervalli
1178 652 1472 760 consideratio
1517 663 1633 763 mul-

163 841 314 906 torum
351 843 404 904 ex
439 802 598 902 nostris
634 802 811 963 ingenia
848 801 1006 920 torsit,
1055 802 1137 942 qui
1181 838 1284 906 cum
1332 807 1496 906 exitum
1540 847 1632 908 non

161 948 410 1050 invenirent
460 947 508 1047 in
560 982 698 1047 varias
749 981 792 1046 et
843 947 1167 1047 commentitias
1211 946 1443 1087 opiniones
1497 984 1631 1092 atque

160 1095 279 1194 adeo
314 1130 434 1193 mera
471 1090 644 1193 somnia
682 1089 987 1190 discesserunt:
1041 1131 1183 1255 quae
1197 1087 1389 1192 refellere
1430 1127 1510 1192 nec
1552 1093 1632 1196 hu

162 1247 234 1370 jus
271 1238 361 1338 loci
398 1272 482 1356 εει,
520 1275 603 1337 ιιεε
639 1236 793 1376 magni
830 1236 1048 1382 negotii,
1085 1271 1135 1335 ur
1171 1234 1256 1379 ipsi
1294 1235 1395 1337 alias
1433 1223 1632 1379 pluribus

160 1380 311 1483 verbis
348 1380 648 1520 explicuimus.
686 1390 896 1480 Cetenam
932 1420 1024 1481 non
1059 1375 1190 1481 fuerit
1228 1382 1445 1503 alienum,
1483 1419 1633 1524 quem·

161 1521 429 1636 admodum,
450 1521 566 1625 mihi
609 1523 761 1624 omnia
809 1521 1043 1666 diligenter
1094 1527 1382 1667 perpendenti
1428 1564 1472 1629 et
1509 1566 1633 1631 vete-

164 1707 267 1770 rum
304 1671 360 1769 de
403 1665 680 1811 temporibus
723 1668 806 1768 illis
848 1705 1138 1771 monumenta
1189 1672 1459 1774 collustranti
1507 1667 1632 1774 dilli-

163 1814 299 1914 cultas
337 1815 531 1978 expediri
569 1855 692 1956 posse
729 1813 823 1917 visa
867 1850 963 1934 est,
1003 1816 1149 1958 paucis
1194 1818 1431 1980 explicare.
1479 1813 1547 1918 Sic
1584 1855 1633 1918 e-

162 1958 262 2060 nim
298 1959 534 2079 existim0,
571 1995 615 2058 et
658 1998 724 2058 tes
761 1959 856 2097 ipsa
902 1961 1068 2080 docet,
1105 1997 1268 2064 veteres
1313 1963 1538 2102 Hispanos
1583 1997 1633 2064 ea

163 2104 339 2204 ratione
375 2103 563 2246 gratiam
592 2098 648 2202 ab
674 2108 881 2244 Augusto
912 2108 1137 2204 Caesare
1126 2105 1238 2207 ιιιιιε
1276 2107 1524 2207 molientes
1539 2145 1633 2207 non

162 2244 273 2347 ab
261 2285 360 2387 apso
397 2248 544 2346 statim
582 2246 802 2386 principio
842 2246 1138 2346 triumviratus
1177 2244 1360 2348 initium
1397 2250 1634 2380 hujusmo-

162 2391 214 2489 di
259 2389 582 2530 supputationis
630 2394 825 2488 Aeraeve
870 2389 1184 2509 constituisse,
1221 2429 1326 2492 cum
1370 2397 1634 2552 Augustus,

163 2533 394 2634 Antonius
442 2567 486 2631 et
529 2531 721 2673 Lepidus
766 2532 997 2632 communi
1045 2467 1230 2633 consilio
1280 2569 1324 2632 et
1376 2533 1635 2634 auctoritate

165 2715 262 2776 rem
299 2687 553 2778 Romanam
588 2675 889 2777 administrare
919 2713 1195 2841 coeperunt,
1225 2678 1300 2777 sed
1337 2676 1393 2780 ab
1431 2718 1486 2778 eo
1523 2708 1635 2778 tem

166 2855 304 2962 pore,
347 2859 450 2921 cum
500 2819 608 2922 orbe
664 2819 830 2962 partito
888 2822 1100 2984 Hispania
1161 2857 1204 2922 et
1265 2819 1388 2923 Italia
1446 2857 1490 2922 et
1536 2821 1635 2923 teli-

173 3001 287 3106 quae
331 2965 440 3064 citra
483 2966 674 3127 Jonium
722 3004 845 3067 mare
897 2969 1099 3110 regiones
1146 2965 1419 3065 occiduae
1408 3005 1455 3067 m
1506 2966 1658 3066 unius‘
1729 2998 1732 3003 ·

168 3107 361 3250 Augusti
385 3110 626 3271 Imperium
656 3147 928 3232 concessere,
956 3149 1000 3211 ει
1032 3110 1221 3252 reliquus
1250 3109 1369 3212 orbis
1401 3103 1457 3209 ad
1491 3109 1636 3224 orien

169 3285 262 3351 tem
298 3251 502 3353 Antonio
539 3255 769 3394 permissus
807 3292 901 3376 est,
939 3250 1089 3356 Africa
1126 3291 1231 3356 vero
1268 3251 1475 3354 attributa
1513 3254 1637 3395 Lepi

167 3395 252 3495 do.
291 3406 442 3518 Quam
479 3399 764 3538 partitionem
798 3394 955 3500 factam
993 3394 1123 3500 fuisse
1160 3433 1260 3540 post
1295 3398 1461 3501 bellum
1499 3407 1636 3498 Peru·
1742 3416 1743 3419 ‘

169 3539 344 3659 sinum,
382 3541 531 3642 statim
569 3581 669 3684 post
706 3544 833 3645 Lucii
870 3545 1059 3644 Antonii
1100 3543 1417 3663 Consulatum,
1455 3541 1541 3642 hoc
1574 3575 1636 3640 est

172 3719 333 3825 quarto
371 3687 672 3789 triumviratus
708 3729 853 3808 ann0,
892 3685 1206 3790 Plutarchus
1195 3728 1242 3790 m
1281 3695 1452 3788 Antonio
1502 3719 1637 3783 testa·-

169 3863 272 3950 tur,
308 3865 353 3929 er
389 3832 565 3932 Dion
554 3873 601 3934 ιιι
638 3842 699 3932 Aa
728 3865 833 3936 usto.
893 3843 1015 3938 Nam
1063 3835 1182 3998 prius
1226 3833 1332 3933 illud
1379 3828 1638 3929 triumviro

171 4009 275 4070 tum
305 3963 502 4076 foedus
491 3976 655 4080 snitum
683 3876 833 4080 ιιιεεε
845 4021 999 4101 anno,
1037 3981 1116 4120 qui
1147 3971 1233 4076 fuit
1273 3972 1423 4074 Hirtio
1459 4009 1502 4072 et
1528 3981 1638 4073 Pan-

172 4153 219 4212 sa
256 4118 554 4241 Consulibus,
589 4161 636 4222 et
671 4125 800 4225 tertio
840 4160 938 4267 post
973 4163 1089 4223 anno
1125 4155 1228 4218 cum
1258 4115 1417 4219 Publio
1454 4117 1638 4220 Servilio

173 4255 363 4360 Lucium
400 4199 647 4366 Αιιιοιιιιιιιι
683 4267 810 4369 fuisse
847 4264 1120 4384 Consulem,
1157 4262 1360 4364 Aurelius
1397 4261 1637 4361 Cassiodo-

176 4439 248 4502 rus
285 4439 349 4500 εει
383 4441 554 4509 auctor
602 4414 773 4509 Aera
763 4412 935 4551 agitur,
982 4445 1070 4551 qua
1115 4409 1277 4509 multos
1320 4427 1457 4508 annos
1484 4442 1636 4570 arque

179 4543 346 4647 saecula
372 4580 538 4687 praeter
568 4554 750 4654 aliarum
793 4552 995 4696 gentium
1040 4553 1405 4654 consuetudinem
1435 4547 1502 4651 usi
1539 4583 1638 4652 sunt

180 4690 405 4832 Hispani,
442 4729 558 4794 tecte
593 4700 648 4796 ad
684 4707 933 4844 Angustum
971 4707 1203 4801 Caesarem
1239 4692 1451 4816 refertur,
1487 4736 1636 4858 quam

181 4834 249 4934 vis
286 4835 476 4940 Caesaris
512 4787 786 4946 dumtaxat
776 4841 1139 4984 cognominetur,
1175 4841 1441 4986 initiumque
1485 4841 1636 4941 sumsit

1200 4996 1278 5088 Ca
1581 4977 1637 5085 ab
1678 4971 1682 4974 ’
