4294 5984
1523 460 1579 552 71

260 650 382 796 JO.
431 641 826 776 GENESII
884 641 1501 776 SEPULVEDAE

298 1027 302 1036 ,
467 913 591 1028 ot
650 911 931 1024 arsur
984 910 1384 1094 orrrrs'

248 1151 856 1320 CARoLI
940 1153 1328 1343 QUIN
1375 1156 1516 1316 TI

333 1467 763 1568 IMPERATORIS
795 1469 878 1548 ET
894 1473 1072 1551 REGIS
1102 1477 1430 1554 HISPANIAE
1567 1479 1569 1484 ’

572 1813 787 1920 LIBER
839 1811 1189 1922 TERTIUS.

181 2097 212 2186 1.
250 2009 450 2188 DUM
485 2079 590 2182 haec
626 2079 675 2180 in
712 2079 882 2220 reliqua
915 2079 1104 2182 Castella
1139 2119 1350 2222 genintur
1362 2163 1381 2208 ,
1424 2083 1614 2230 passim·

144 2267 234 2369 quc
271 2230 419 2330 caedes
455 2260 499 2326 et
532 2223 760 2326 latrocinia
803 2223 886 2324 viis
932 2220 1143 2325 omnibus
1183 2222 1349 2329 infestis
1391 2229 1505 2333 fiunt
1540 2270 1612 2332 at-

142 2411 235 2512 que
271 2405 532 2512 patranturt
568 2369 765 2470 Baeticae
801 2403 853 2468 ut
886 2404 1118 2509 proceres,
1150 2366 1262 2468 item
1296 2371 1495 2474 civitates
1528 2386 1611 2477 Re·

144 2515 269 2656 giam
310 2524 583 2647 majestatem
619 2548 753 2653 atque
789 2509 1114 2614 observantiam
1148 2513 1319 2614 cunctis
1364 2515 1611 2618 rationibus

144 2650 463 2800 praeferentes,
499 2697 525 2757 a
559 2694 707 2756 rerum
742 2693 964 2756 novarum
995 2653 1214 2776 consilio,
1260 2659 1384 2798 quod
1418 2660 1468 2759 in
1504 2694 1615 2760 cete·

145 2801 199 2902 ris
237 2840 329 2903 non
365 2799 643 2940 probabant,
678 2796 983 2901 abstinendum
1025 2797 1113 2900 sibi
1151 2837 1444 2922 censuerunt,
1482 2839 1613 2940 prac-

42 3043 102 3058 ,
147 2979 214 3044 ter
249 2943 501 3064 Gienenses,
527 2939 758 3044 chtanos
792 2978 838 3042 et
860 2941 1130 3064 Beatienses,
1165 2944 1249 3084 qui
1281 2943 1385 3044 licet
1418 2945 1612 3086 antiqui«.

150 3120 220 3188 tus
257 3088 441 3188 Oretani
477 3086 752 3208 dicerentur,
793 3126 913 3188 nunc
956 3121 1108 3188 tamen
1149 3089 1385 3188 Andalucr'ae
1428 3089 1615 3190 nomine

147 3231 345 3335 Baeticae
381 3265 750 3335 annumerantur:
784 3227 835 3332 hi
875 3230 994 3334 enim
1040 3267 1238 3333 seorsum
1276 3228 1614 3334 tumultuaban-

145 3409 251 3476 tur.
295 3374 433 3517 Igitur
476 3374 652 3517 Hispali
692 3412 917 3517 supptesso
953 3374 1189 3495 tumultu,
1227 3414 1363 3516 quem
1408 3375 1612 3480 nonnulli

145 3519 326 3661 privato
360 3517 545 3622 consilio
581 3519 768 3620 excitare
795 3520 1094 3640 conabantur,
1117 3555 1160 3620 et
1186 3516 1424 3622 Cordubae
1457 3555 1607 3621 sumto

149 3664 286 3764 etiam
309 3665 365 3764 dc
391 3659 645 3764 auctoribus
681 3663 923 3804 supplicio,
956 3662 1110 3764 litteris
1137 3664 1256 3765 ultro
1282 3663 1482 3805 citroque
1504 3661 1612 3761 mis-

144 3807 234 3928 sis,
270 3808 431 3909 Baetici
457 3807 716 3911 Concilium
748 3804 911 3909 habere
946 3808 1249 3928 constituunt,
1273 3818 1512 3945 locumque
1546 3805 1614 3904 di·

143 3985 253 4050 cunt
278 3953 510 4080 dlamblam,
537 3952 687 4056 vicum
723 3953 820 4096 agri
844 3950 1170 4056 Cordubensis:
1210 3989 1305 4090 quo
1340 3948 1613 4092 singularum

144 4091 382 4197 civitatum
417 4137 467 4196 ac
515 4097 868 4238 municipiorum
909 4096 1004 4198 bini
1016 4163 1040 4214 ,·
1077 4127 1121 4193 et
1162 4093 1459 4233 quarumdam
1494 4088 1614 4193 terni

144 4237 285 4379 legati
318 4279 392 4340 seu
428 4272 730 4380 procuratores
763 4281 869 4342 cum
904 4236 1234 4358 convenissent,
1264 4275 1417 4340 omnes
1452 4236 1503 4338 in
1536 4232 1610 4334 hu·

144 4383 344 4513 jusmodi
381 4384 554 4485 decreta
588 4417 927 4502 consenserunt,
961 4417 1014 4481 ut
1048 4381 1222 4483 Baetica
1256 4382 1401 4483 omnis
1438 4419 1526 4481 sese
1562 4377 1612 4479 in

144 4519 303 4651 officio
344 4524 625 4668 imperioque
660 4525 811 4627 Caroli
846 4558 891 4624 et
924 4525 1127 4669 Reginae
1164 4525 1314 4626 matris
1361 4524 1617 4641 contineat,

147 4704 194 4767 et
229 4667 286 4772 ab
323 4669 383 4770 cis
421 4669 674 4811 ipsorumve
708 4669 892 4773 nomine
931 4663 1157 4811 praefectis
1201 4666 1530 4811 magistratibus
1573 4699 1617 4766 et

150 4814 371 4959 superiore
410 4814 729 4917 consuetudine
762 4812 1062 4957 praeficiendis
1092 4812 1432 4954 obtemperaret.
1474 4808 1617 4966 Siquis

620 4985 625 4996 -
1321 5016 1362 5086 Θ
1534 4957 1616 5052 alr-
