4298 5980
563 447 651 546 ⁹⁰4
957 449 1041 531 DE
1090 447 1296 529 REBUS
1345 439 1565 528 GEsrrs

517 650 616 735 ret,
653 605 736 754 qui
771 605 937 711 bellum
988 643 1069 706 nec
1106 603 1232 706 bono
1283 642 1365 704 nec
1409 598 1528 704 felici
1571 594 1786 722 consilio,
1828 637 1876 702 et
1912 640 1997 706 va-

518 799 575 860 na
611 755 815 900 prostrati
838 750 973 895 Regis
1008 744 1269 850 afflictarum
1305 786 1448 890 opum
1485 745 1560 889 spe
1596 747 1798 886 deceptus
1843 788 2001 852 susce-

517 902 678 1046 pisset,
717 932 759 998 ct
799 908 892 1033 jam
934 895 1108 1039 pridem
1158 891 1332 1035 magnis
1373 890 1457 992 suis
1501 891 1740 1031 impendiis
1789 894 1999 1033 magnis-³

517 1088 608 1190 que
644 1041 818 1181 jacturis
854 1041 1159 1186 nequidquam
1179 1038 1350 1139 aleret:
1386 1036 1554 1176 precati
1590 1075 1723 1178 ergo,
1759 1074 1813 1135 ac
1852 1037 1997 1141 omni-
2132 1068 2133 1132 3

519 1189 599 1295 bus
636 1189 835 1334 precibus
871 1225 1027 1309 orare,
1065 1221 1115 1287 ut
1157 1182 1226 1285 sui
1270 1175 1411 1283 officii
1460 1219 1511 1281 ac
1553 1178 1724 1320 publici
1766 1175 1994 1286 Christia-

519 1374 685 1439 norum
737 1333 821 1436 otii
863 1328 1281 1476 tranquillitatisque
1333 1360 1510 1425 memor
1565 1323 1623 1425 ab
1671 1320 1806 1424 armis
1849 1326 1992 1430 disce-

520 1483 597 1583 dat
613 1561 639 1605 ‚,
666 1519 852 1623 suasque
888 1479 1037 1620 copias
1074 1518 1127 1577 cx
1167 1510 1273 1613 agro
1311 1466 1640 1570 Mediolanensi
1676 1466 1788 1572 citra
1820 1475 1990 1577 Padum
2132 1459 2133 1480 Ν

520 1627 665 1766 primo
697 1664 886 1767 quoque
921 1658 1120 1762 tempore
1155 1646 1414 1715 revocatum
1449 1612 1598 1715 mittat
1615 1688 1638 1732 ,.
1667 1650 1750 1714 nec
1786 1614 1892 1717 velit
1925 1627 1989 1750 ja-

520 1771 654 1870 ccntis
690 1755 859 1868 Galliae
900 1766 1073 1906 Regis,
1128 1793 1173 1862 et
1217 1791 1370 1862 contra
1419 1753 1578 1859 foedus
1634 1755 1873 1900 datamque
1916 1761 2009 1862 vi-·
2132 1819 2133 1824 κ

520 1912 636 2012 ctori·
672 1909 808 2009 fidem
844 1942 889 2008 et
926 1905 1229 2039 jusjurandum
1283 1940 1405 2002 arma
1457 1901 1596 2045 impia
1650 1901 1870 2004 moventis
1912 1944 1987 2004 so

519 2055 723 2154 cictatem
774 2048 1071 2153 florentissimi
1121 2086 1172 2145 ac
1223 2041 1521 2187 potentissimi
1570 2042 1786 2189 Principis
1835 2046 1987 2149 Caroli

517 2197 721 2299 Caesaris
770 2193 989 2296 amicitiae
1039 2229 1121 2294 nec
1168 2187 1248 2331 pio
1295 2229 1376 2289 nec
1420 2189 1521 2289 utili
1570 2191 1752 2292 consilio
1795 2185 1985 2331 praefer-

517 2375 604 2451 res
634 2337 741 2441 haec
776 2339 814 2441 si
846 2331 1046 2457 fecisset,
1083 2332 1465 2475 quemadmodum
1498 2331 1634 2473 ipsius
1671 2369 1713 2436 et
1747 2371 1814 2435 res
1849 2370 1895 2435 et
1927 2327 1986 2437 fa-

517 2521 594 2587 ma
641 2519 773 2624 atque
823 2477 1027 2580 officium
1069 2476 1343 2617 postularet,
1394 2478 1605 2578 eumdem
1655 2478 1804 2621 ipsum
1858 2517 1986 2620 seque

516 2660 564 2727 et
613 2621 933 2768 rempublicam
980 2617 1276 2720 Christianam
1320 2619 1471 2722 multis
1531 2655 1576 2722 et
1625 2623 1801 2764 magnis
1845 2622 1984 2724 mole-

520 2769 615 2868 stiis
650 2804 782 2907 atque
818 2762 991 2897 jacturis
1029 2800 1282 2905 erepturum
1301 2801 1320 2872 3·
1352 2803 1458 2865 nam
1499 2765 1557 2864 de
1599 2766 1754 2866 Caroli
1794 2766 1983 2870 Caesaris

521 2907 571 3012 in
601 2911 755 3062 'ipsum
791 2906 1054 3010 Pontificem
1090 2907 1271 3026 anim0,
1309 2907 1396 3008 nisi
1427 2907 1617 3050 gratiam
1653 2919 1744 3036 ejus
1779 2911 1983 3046 repudia-

461 3087 463 3090 ·
520 3087 640 3174 ret,
689 3095 733 3154 se
774 3088 997 3195 persancte
1046 3049 1305 3152 confirmare
1365 3089 1418 3150 ac
1467 3047 1704 3150 liberaliter
1757 3050 1982 3189 polliceri:

518 3235 634 3337 quae
671 3198 728 3299 ab
773 3237 830 3297 eo
871 3196 1106 3337 impetrare
1147 3227 1278 3297 tanto·
1316 3184 1519 3335 cupidius
1562 3231 1606 3292 se
1654 3229 1806 3334 cupere
1848 3228 1980 3334 atque

517 3340 785 3439 contendere
821 3337 1087 3458 confirmat,
1122 3379 1179 3440 ne
1214 3336 1252 3438 si
1286 3330 1494 3438 Pontifex
1529 3335 1648 3437 aliter
1685 3334 1904 3457 statuerit,
1939 3376 1983 3438 se

518 3477 836 3584 invitissimum
874 3517 1056 3622 operam
1092 3482 1194 3583 dare
1231 3515 1403 3621 cogat,
1446 3518 1503 3582 ne
1544 3479 1699 3584 leviter
1739 3521 1795 3584 ac
1832 3476 1984 3584 frustra

517 3623 672 3726 sumtis
708 3624 837 3726 armis
871 3663 929 3728 eo·
960 3624 1211 3764 processisse
1246 3624 1481 3726 videatur.

609 3776 742 3869 XLII.
834 3775 932 3867 Hac
968 3767 1119 3868 audita
1154 3767 1375 3908 legatione
1410 3762 1622 3870 Pontifex
1633 3846 1658 3888 ,.
1690 3767 1772 3910 qui
1819 3767 1878 3873 ad
1920 3805 1981 3872 ar·

515 3948 618 4012 cem
657 3911 800 4013 milite
841 3921 964 4043 juxta
1011 3944 1057 4010 et
1111 3903 1341 4010 frumento
1386 3911 1799 4057 commeatibusque
1851 3915 1984 4057 impu

517 4054 781 4156 ratissimam
828 4049 1128 4195 confirgerat,
1163 4088 1209 4154 et
1243 4053 1404 4175 simul,
1442 4095 1556 4198 quae
1591 4057 1980 4198 proponebantur,

517 4193 636 4300 haud
673 4234 792 4300 vana
822 4193 1080 4341 reputabat,
1115 4194 1397 4300 vehementer
1434 4216 1978 4346 estcomnronas.1taque

518 4335 770 4482 interposita
810 4333 1022 4484 factaque·
1056 4378 1133 4482 per
1189 4339 1362 4445 obsides
1406 4337 1494 4442 fide
1536 4355 1790 4487 Hugoncm
1836 4349 1895 4450 ad
1934 4383 1974 4444 se

516 4482 803 4625 colloquendi
837 4487 975 4626 gratia
1010 4491 1141 4586 vocat
1161 4561 1186 4604 ,a
1221 4526 1301 4591 nec
1345 4483 1542 4627 plurimis
1587 4484 1731 4592 verbis
1775 4483 1893 4590 ultro
1933 4523 1974 4586 et

516 4626 628 4729 citro
673 4621 832 4729 habitis
876 4625 938 4726 sic
982 4623 1096 4726 inter
1140 4665 1212 4726 eos
1255 4630 1310 4725 de
1358 4627 1687 4776 compositione
1731 4628 1972 4736 convenit:

513 4810 566 4876 ut
600 4771 805 4880 Clemens
834 4811 861 4878 a
903 4773 1240 4882 Foederatonun
1273 4773 1480 4884 societate
1516 4781 1736 4890 discedens
1769 4819 1866 4885 suas
1901 4815 1975 4878 co·

1882 4959 1973 5063 pras
