4298 5980
618 459 865 544 CAROLI
905 458 1286 542 v..·LrB.1l111.
1552 464 1646 552 251:

172 651 178 662 ·
220 649 253 722 „¹
268 589 426 700 cittiin'
462 590 715 697 a'mittere'nt
762 590 968 694 militnm:
1001 601 1163 732 magna
1204 632 1256 692 ex
1295 599 1419 732 parte
1456 627 1689 704 mercena2

218 742 478 864 „=riorum,
514 739 587 840 'cui
630 737 782 840 similis
823 735 930 839 alter
971 735 1125 877 possit'
1151 735 1311 835 eodem
1346 735 1599 876 stipendio,
1646 741 1686 858 si

216 885 432 1012 „bellum
458 891 668 986 renovare
704 880 868 1002 libeat,
900 878 1119 1021 reparari?
1145 889 1388 1002 Praeterea,
1412 880 1449 980 si
1474 883 1573 1023 quis
1593 925 1682 986 no-

217 1107 250 1153 „
267 1031 378 1134 verit
420 1033 674 1164 adjumenta
706 1067 815 1148 sua,
853 1061 897 1128 et
929 1029 1037 1128 dum
1071 1021 1237 1128 bellum
1280 1026 1414 1170 gerit,
1460 1029 1703 1168 superiore

217 1251 251 1296 „
269 1175 548 1297 conditione,
570 1215 675 1278 cum
699 1172 866 1315 possit,
893 1212 986 1275 non
1008 1207 1174 1292 utatur,
1199 1170 1317 1273 hune
1342 1185 1429 1314 ego
1460 1209 1552 1271 non
1586 1168 1682 1275 for-

220 1393 251 1441 „
264 1356 385 1441 tem,
411 1321 485 1423 sed
520 1322 798 1421 temerarium
835 1352 877 1418 et
909 1319 1092 1422 stultum
1127 1315 1321 1462 putabo.
1362 1323 1459 1418 Nos
1490 1355 1604 1421 arces
1640 1354 1684 1421 et

220 1541 251 1586 „
268 1463 424 1585 urbes,
451 1464 604 1565 omnia
633 1464 825 1606 denique
850 1461 949 1564 loca
976 1465 1148 1568 munita
1178 1465 1467 1583 obtinemus,
1488 1503 1682 1604 quorum

219 1684 250 1730 „
265 1649 380 1750 quae
402 1609 591 1712 maxime
615 1604 869 1711 facultatem
893 1609 949 1707 ad
974 1608 1141 1712 bellum
1167 1611 1409 1754 gerendum
1432 1606 1593 1710 habere
1621 1609 1683 1710 vi·

219 1830 251 1875 „
268 1752 487 1857 debuntut
504 1833 519 1875 ,
539 1753 646 1857 haee
676 1754 894 1896 praesidio
925 1751 1097 1854 firmare
1128 1796 1178 1855 ac
1207 1751 1460 1871 defendere,
1495 1749 1684 1883 bellum<

217 1974 250 2019 „
267 1939 355 2039 que
395 1901 551 2001 ducere
581 1899 764 2010 licebits
793 1940 883 2040 qua
908 1900 1186 2038 potissimum
1223 1897 1392 2000 ratione
1424 1896 1570 1999 Gallos
1606 1897 1683 1998 de-

219 2115 253 2165 „
268 2039 417 2145 bellati
463 2084 589 2186 posse
639 2083 731 2145 non
777 2043 923 2146 solum
955 2042 1142 2186 legimus
1182 2042 1230 2143 in
1270 2080 1474 2144 veterum
1518 2079 1685 2144 monu«

219 2263 253 2309 „
268 2187 461 2307 mentis,
511 2189 586 2288 sed
627 2227 706 2289 nos
749 2187 835 2332 ipsi
873 2226 999 2331 saepe
1042 2186 1209 2328 experti
1246 2224 1420 2287 sumus.
1468 2192 1590 2286 Nam
1634 2185 1683 2290 in

221 2401 253 2452 „
269 2330 470 2470 praeliis,
513 2372 628 2475 quae
673 2333 769 2477 pati
818 2330 1048 2476 pugnandi
1089 2328 1348 2432 conditione
1397 2328 1683 2428 committam

218 2549 251 2596 „
265 2508 368 2595 tur,
401 2475 549 2578 Gallos
586 2517 744 2621 parum
775 2515 852 2579 aut
885 2473 996 2578 nihil
1029 2475 1225 2576 militum
1262 2507 1516 2576 nostrorum
1555 2470 1682 2572 virtu·

218 2617 304 2741 „ti
340 2620 522 2744 cedere,
559 2623 659 2764 quis
692 2624 896 2766 ignorat?
935 2619 1017 2764 qui
1049 2620 1198 2761 primo
1239 2616 1409 2761 impetu
1450 2615 1683 2756 plusquam

218 2762 350 2888 „viri
391 2804 480 2863 esse
521 2803 824 2868 memorantur
868 2800 912 2867 et
964 2798 1231 2884 cernuntur,
1278 2764 1353 2863 sed
1405 2758 1683 2863 diuturniore

218 2902 383 3032 „bello
425 2945 507 3009 nec
555 2905 669 3011 ferre
717 2909 1012 3031 calamitates,
1046 2950 1126 3012 nec
1169 2906 1376 3009 militares
1412 2904 1589 3007 diurnos
1631 2942 1682 3002 ac

216 3127 250 3173 „
260 3089 500 3153 nocturnos
523 3051 726 3176 labores,
765 3094 940 3179 aestus,
974 3095 1024 3156 ac
1063 3051 1297 3196 pervigilia
1334 3049 1428 3192 pati
1473 3081 1678 3191 possunt.

216 3197 337 3323 „Ad
373 3237 488 3339 qnae
520 3199 672 3301 omnia
707 3200 995 3302 incommoda
1023 3194 1277 3339 perferenda
1312 3194 1474 3296 milites
1508 3228 1682 3296 nostros

220 3417 253 3464 ‚,
271 3376 316 3440 et
359 3379 515 3443 natura
561 3379 605 3445 et
651 3346 923 3446 consuetudo
967 3343 1169 3445 duravit.
1218 3340 1484 3442 Occasiones
1536 3374 1681 3442 tetum

219 3563 251 3609 „
265 3487 557 3628 gerendamm
594 3490 736 3590 nostri
773 3487 1056 3630 perspicacius
1089 3485 1269 3604 vident,
1304 3479 1573 3628 ingeniosius
1607 3478 1682 3582 ine

219 3695 249 3754 „
264 3629 477 3753 veniunt,
515 3631 705 3735 inventis
743 3632 938 3734 solertius
965 3672 1015 3731 ac
1054 3627 1306 3776 diligentius
1340 3663 1555 3746 utuntur,
1597 3618 1680 3723 ho-

218 3773 401 3897 „stium
445 3776 629 3878 consilia
670 3776 882 3899 eludere,
932 3789 1108 3879 conatus
1151 3769 1347 3876 frustrati
1392 3771 1545 3872 melius
1591 3807 1681 3868 no-

219 3953 392 4038 „runt.
434 3929 486 4022 In
532 3917 599 4023 his
642 3923 780 4066 igitur
823 3919 996 4042 initiis,
1036 3959 1080 4023 et
1121 3918 1201 4019 hac
1243 3915 1439 4018 hostium
1482 3911 1680 4014 alacrita-

219 4125 254 4186 „
268 4095 312 4162 te
352 4064 520 4203 praelio
552 4067 827 4206 supersedere
848 4105 1045 4183 censeo,
1084 4097 1128 4162 et
1167 4061 1325 4161 nostris
1364 4057 1493 4162 bonis
1528 4096 1572 4160 et
1604 4056 1680 4160 ad‹

219 4281 250 4328 „
264 4209 506 4336 jumentis,
538 4205 823 4353 hostiumque
866 4209 989 4312 malis
1030 4241 1076 4306 et
1114 4204 1444 4346 impedimentis
1489 4202 1587 4327 uti,
1629 4231 1681 4302 ut

221 4348 434 4474 „bellum
481 4373 651 4495 geratur
704 4359 818 4455 non'
844 4355 1018 4494 impetu
1060 4350 1292 4452 temerario
1337 4349 1386 4452 in
1430 4346 1575 4450 hostes
1619 4345 1681 4447 it·

218 4495 471 4618 „utendo,
498 4496 579 4639 qui
602 4494 843 4601 nobishoc
866 4497 913 4599 in
941 4535 1128 4642 genere,
1169 4531 1219 4597 ut
1247 4493 1376 4615 dixi,
1405 4531 1526 4635 pares
1555 4524 1682 4610 sunt,-

218 4668 329 4778 3,.et3·
350 4679 536 4741 numero
550 4685 567 4780 j
587 4649 889 4788 apparatuque
927 4643 1207 4787 superiores,
1246 4641 1321 4742 sed
1363 4673 1494 4780 prout
1538 4649 1682 4739 rerum

142 4787 145 4796 ’
223 4789 613 4934 setemport'tmqne
633 4787 727 4894 fot*
759 4790 965 4895 locorum
1008 4790 1125 4890 ¹ratio
1172 4783 1441 4918 postulabit.
1494 4786 1537 4885 Α
1589 4818 1686 4920 quo.
1824 4871 1825 4874 γ

1153 4927 1238 5042 lia
1533 5001 1563 5046 „
1576 4959 1685 5028 con·
