4292 5984
641 415 784 490 svm
809 421 849 491 tr
874 423 908 489 A
933 417 1067 494 usn
1093 420 1146 492 tr.
1495 403 1618 498 artu*

150 540 214 627 lio·
228 567 365 628 cuncta
394 541 604 628 Franciscus
637 566 747 628 caute
771 568 879 626 cun-¹
937 542 1096 627 -zxvu
1156 543 1310 659 Septem
1334 540 1464 632 diebus
1487 541 1626 640 circum

148 684 369 776 nataretque
403 661 483 777 agit
505 723 518 768 ,
544 660 685 746 bellum
725 660 863 745 ducere
917 687 981 744 eas
1009 660 1143 746 insulas
1166 662 1506 751 incommodissime
1536 697 1626 758 cum

146 805 370 866 contentus.
410 781 675 874 Quamobrem
724 781 861 864 Caesar
916 777 1030 864 classe
1060 783 1300 869 obversatur.
1335 781 1427 870 Divi
1456 787 1623 876 Anrelmi

145 899 371 985 cibariorum
398 927 557 1014 quoque
585 897 712 1010 inopia
741 920 859 982 tenta·
916 893 1044 1014 fulgor
1067 900 1106 985 in
1138 900 1309 985 antennis
1331 931 1534 1017 appatens.

145 1041 207 1104 tus
240 1019 455 1133 nuntiisque
488 1017 537 1102 dc
587 1017 698 1102 rebvs
730 1014 859 1102 Italicis
975 1019 1115 1104 XVIII.
1173 1021 1343 1134 Septimo
1371 1024 1526 1110 tandem
1563 1025 1627 1113 die

143 1137 365 1224 admonitus
398 1136 601 1222 exercitum
641 1135 683 1220 in
714 1133 856 1220 Italiam
914 1130 1107 1221 fortunam
1140 1139 1249 1224 matis
1276 1140 1431 1253 experiri
1445 1144 1624 1258 cupiens,

144 1257 330 1343 reducere
360 1255 507 1341 statuit.
696 1318 700 1326 .
860 1299 867 1312 ι
913 1254 982 1338 ad
1003 1255 1232 1342 Stoechadas
1262 1257 1399 1344 Insulas
1444 1263 1529 1348 satis
1570 1262 1626 1348 in·

186 1375 293 1460 XII.
352 1373 487 1460 Castra
512 1373 626 1490 igitur
641 1396 772 1458 movet
789 1403 859 1458 ser·
912 1376 1118 1462 commoda
1151 1375 1393 1492 navigatione
1419 1409 1508 1466 usus
1531 1407 1622 1495 pro·

145 1495 245 1584 vatis
274 1494 496 1598 ordinibus,
511 1518 552 1578 et
568 1519 720 1610 ¹agmen
735 1492 864 1580 adul:
912 1493 1038 1597 cedit;
1063 1523 1146 1610 quo
1189 1519 1360 1610 tempore
1391 1525 1438 1582 cx
1482 1499 1622 1591 eodem

146 1645 214 1729 pes
252 1613 427 1730 producit
458 1611 565 1698 nullo
597 1641 753 1699 suorum
797 1611 857 1698 de·
910 1607 998 1696 loco
1013 1617 1223 1700 Tutcatum
1243 1643 1306 1700 sex
1322 1615 1503 1724 bitunu,
1519 1619 1621 1736 quae

142 1733 330 1820 sidorum.
413 1755 431 1797 t·
627 1800 632 1808 .
859 1796 863 1806 .
909 1724 1120 1819 faventibus
1159 1733 1277 1818 Gallis
1319 1734 1620 1826 Christianorum

192 1854 294 1938 XIII.
326 1851 506 1937 Nicaeam
534 1849 772 1966 perveniens,
785 1849 856 1933 im·
909 1849 1210 1968 navigationibus
1225 1851 1622 1964 mddmanrurfflas

143 1972 238 2086 petii
285 1973 431 2057 summa
486 1969 594 2054 Vasti
625 1965 857 2051 Matclrioni
907 1966 1024 2052 duan
1049 1969 1295 2086 confugiunt.
1340 2031 1343 2034 -
1620 2041 1623 2048 .

145 2090 307 2195 tradita,
331 2090 452 2203 ipsum
482 2086 586 2198 jubet
613 2081 857 2169 inTautinos
968 2087 1106 2171 XIX·
1149 2090 1406 2204 Hispanorum
1434 2091 1487 2179 ad
1508 2099 1617 2186 Stne·

142 2208 272 2322 copias
301 2205 515 2306 deducere,
542 2201 726 2316 simulque
736 2205 857 2284 Βατε-
906 2199 1047 2288 chadas
1077 2204 1237 2290 adversa
1283 2233 1505 2324 tempestate
1551 2217 1622 2304 ‘des

142 2351 245 2410 num
284 2351 373 2408 cum
412 2321 544 2442 viginti
576 2318 784 2404 triremibus
817 2318 857 2404 in
906 2341 1101 2406 tentorum
1147 2348 1269 2408 metus
1316 2349 1356 2410 et
1385 2327 1617 2438 periculum.

140 2441 367 2558 Hispaniam
397 2439 538 2544 mittit,
564 2438 641 2554 qui.
651 2435 856 2552 pecuniam
907 2440 1075 2523 Caesaris
1101 2441 1217 2525 verba
1254 2442 1294 2528 in
1326 2440 1538 2556 Principum
1571 2477 1617 2534 a·

143 2587 339 2677 reportet,
353 2583 392 2646 et
415 2557 615 2645 Gallorum
630 2555 856 2638 Turcarum-
905 2550 1085 2640 nantium
1105 2580 1262 2680 'corona
1277 2558 1327 2650 de
1340 2559 1506 2649 Gallicae
1527 2563 1615 2654 clu·

144 2709 223 2795 que
253 2678 405 2764 classem
426 2677 567 2764 'nacnn
589 2679 854 2759 cumleacon·
904 2673 949 2759 sis
981 2683 1185 2794 apparatu.
1237 2749 1242 2756 .
1559 2755 1563 2762 .

145 2797 362 2915 grediatur.·
772 2795 774 2800 ’
851 2845 854 2853 -
963 2795 1053 2883 ΧΧ.
1104 2798 1309 2882 ,Timorem
1354 2797 1615 2915 Hispanorum

205 2919 311 3001 XIV.
370 2919 550 3002 Genuam
595 2913 784 3030 navigat,
815 2938 856 3000 et
903 2939 1018 3032 auget
1057 2913 1191 3028 Judaei
1235 2914 1430 3029 cujusdam
1475 2922 1616 3034 praedi·

140 3032 185 3120 in
227 3035 365 3120 Dotiac
412 3031 641 3149 praetotium
703 3031 855 3120 divertit
901 3033 1036 3118 ctiouis
1080 3033 1327 3139 recordatio,
1355 3036 1423 3150 qui
1468 3041 1614 3128 Carolo

142 3153 224 3240 sine
243 3154 428 3268 praetoria
458 3152 645 3254 cohorte,
678 3149 756 3236 sine
785 3150 854 3234 mi·
902 3155 1043 3237 Genua
1059 3152 1228 3242 solventi
1260 3147 1498 3272 naufragium
1528 3185 1615 3274 pot«

141 3269 207 3358 lite
232 3273 392 3359 cttstode
418 3333 431 3377 ,
455 3271 597 3356 nanctis
624 3269 853 3384 intrepidum
901 3269 1092 3357 tenderat.

141 3391 223 3500 ejus
245 3390 414 3477 animum
442 3417 490 3474 ac
523 3389 757 3474 securitatem
791 3388 851 3472 de·
961 3392 1069 3475 XXI.
1129 3389 1296 3476 Biduum
1320 3388 1394 3504 jam
1420 3385 1613 3483 eontinen-

141 3509 382 3597 mirantibus.
398 3511 617 3592 Mantuano
628 3507 851 3591 DuciMon·
901 3531 959 3594 ter
971 3521 1164 3595 euronoto
1192 3505 1333 3616 flante,
1349 3513 1468 3597 Doria
1484 3514 1613 3602 Caroli

140 3621 312 3714 tisferrati
350 3625 660 3713 Marchionatnm
698 3623 853 3741 cognita
900 3624 1001 3742 jussu
1029 3627 1177 3746 signum
1202 3625 1441 3744 profectionis
1465 3631 1551 3718 dat.

139 3751 255 3832 'causa
285 3747 495 3862 adjudicat.
961 3747 1085 3833 XXII.
1142 3748 1328 3861 Superatis
1341 3750 1492 3854 insulis,
1520 3777 1612 3836 curn

215 3867 306 3952 XV.
379 3863 510 3952 Alvati
554 3861 725 3952 advennt
767 3889 852 3949 non
900 3863 1020 3952 nihilo
1049 3866 1309 3980 tranquilliora
1336 3867 1515 3981 opinione
1543 3892 1611 3954 sua

138 4009 357 4100 exspectato
402 4013 492 4068 cum
535 3981 691 4068 Andro
732 3982 853 4068 Doria
901 3985 1111 4099 reperiret,
1139 3983 1289 4068 classem
1317 4046 1331 4091 ,
1362 3985 1465 4071 unde
1488 3982 1612 4074 fuerat

138 4100 426 4218 quadriremem.
446 4101 664 4186 conscendit
699 4098 851 4186 trircmi-
901 4101 1111 4217 profecta,
1144 4101 1309 4188 reducit.
1358 4107 1507 4192 Goacto
1543 4134 1611 4191 na·

139 4221 214 4308 bus
242 4222 374 4337 viginti
411 4227 555 4334 septem
590 4217 851 4332 sequentibus,
902 4221 1008 4305 vium
1042 4218 1305 4336 magistrorum
1341 4223 1519 4310 concilio
1544 4251 1612 4312 co·

138 4367 180 4429 et
209 4339 388 4426 inVillae
417 4344 579 4426 Francae
608 4359 764 4451 potnrm
787 4337 849 4422 ad
901 4337 982 4420 ra'm
1009 4338 1171 4422 Caesare
1210 4338 1376 4458 plerique
1419 4335 1610 4431 disceden.

138 4459 315 4549 velrinrt.
580 4487 583 4496 ’
902 4456 997 4542 dum
1019 4485 1097 4542 esse
1123 4482 1296 4545 censent.

200 4581 306 4666 XVI.
367 4573 504 4662 Valida
542 4596 762 4692 tempestate
804 4571 852 4688 ja·
961 4577 1104 4662 XXIII.
1159 4577 1308 4664 Conna
1331 4603 1424 4668 vero
1439 4581 1610 4673 Andreas

140 4722 264 4784 ctattts
298 4696 360 4784 vix
408 4695 502 4782 duas
540 4725 673 4810 parvas
716 4691 852 4778 insulas
903 4693 979 4780 hoc
1012 4695 1206 4784 consilium
1240 4697 1427 4814 improbat
1452 4763 1464 4806 ,
1494 4728 1533 4788 et
1574 4732 1610 4787 a·

142 4817 311 4901 Sanctae
331 4813 578 4925 Margaritae
609 4812 851 4930 cognomina·
903 4814 1067 4928 quilonit
1098 4812 1209 4908 flaua
1227 4821 1495 4935 exspectandos
1519 4819 1610 4936 judi-

139 4958 220 5046 tas,
236 4933 391 5022 humsses
419 4933 721 5052 etimportuosas
733 4956 852 5022 tenet.
904 4957 989 5032 cat.
1048 4946 1051 4952 “
1561 5051 1617 5150 mi
