4368 5984
719 428 839 508 Vtra
865 432 931 510 ET
953 433 1167 512 SCRIPTA·
1485 431 1634 508 XXVII.

197 579 411 766 nuperum,
437 557 544 675 queis
576 555 626 650 de
650 555 805 652 consule
830 555 876 652 sis
908 557 1034 652 Nicon
1066 563 1159 652 Aut.
1194 553 1297 644 Bibi.
1322 553 1443 667 Hisp.
1473 562 1548 642 vol.
1564 555 1594 642 I.
1604 573 1652 668 p.

193 704 246 764 uu
283 685 388 768 ‚coh
410 703 449 764 rt.

281 802 403 886 Anno
426 823 553 906 1533.
572 813 587 858 ¹
609 792 697 886 Kal.
716 799 820 914 Aug.
838 795 1049 913 Sepulveda
1062 802 1188 886 Roma
1213 794 1352 881 litteras
1368 793 1474 884 dedit
1497 793 1547 882 ad
1572 797 1647 882 Ra·

185 914 330 1003 mirum
345 921 539 1032 Nugnum
566 920 816 1002 Guzmanum
833 978 845 1022 ,
864 917 968 1030 cujus
987 916 1105 1004 filium
1121 917 1311 1030 Joannem
1335 913 1507 1002 doctrina
1540 913 1643 1002 litte-

184 1063 317 1122 rarum
344 1033 586 1139 excoluerat,
615 1034 654 1122 in
688 1035 823 1152 quibus
845 1067 951 1122 suam
980 1066 1070 1155 erga
1097 1036 1220 1124 virum
1249 1033 1466 1149 optimum,
1496 1032 1641 1150 quique

186 1151 363 1240 bellicam
377 1153 529 1240 laudem
544 1181 633 1240 cum
658 1155 786 1242 studiis
812 1155 1042 1271 politioribus
1065 1154 1302 1258 cumularat,
1334 1151 1639 1240 benevolentiam

184 1272 371 1360 ostendit.
387 1272 491 1358 Huic
505 1271 682 1386 epistolae
699 1274 856 1378 Latine,
872 1303 944 1360 nec
956 1274 1185 1392 ineleganter
1198 1271 1389 1388 respondit
1403 1295 1639 1360 senexocto·

184 1391 390 1508 genarius,
422 1390 489 1476 ubi
516 1390 613 1478 inter
641 1389 712 1476 alia
728 1392 822 1478 haec
843 1417 980 1482 notatu
1012 1394 1126 1511 digna
1157 1392 1279 1508 legere
1294 1415 1375 1478 est:
1401 1387 1636 1500 Quodftiius

184 1537 291 1596 meus
305 1527 343 1594 te
363 1526 650 1619 praeceptorem
662 1517 821 1596 sardius
834 1519 889 1594 sit
907 1518 1075 1623 ,gaudeo
1091 1513 1265 1620 majorem
1280 1517 1320 1592 in
1335 1515 1502 1616 modom,
1519 1535 1635 1617 neque

187 1631 342 1734 duddo,
359 1637 449 1736 qrcin
463 1633 655 1714 matrinae
679 1631 1164 1741 tuaejactisfiendamentis
1187 1632 1394 1716 adultiora
1414 1634 1634 1738 propediem

187 1759 225 1830 ie
255 1753 412 1832 ducente
425 1775 581 1833 securus
605 1753 767 1833 euadat.
794 1749 835 1833 Is
850 1753 943 1834 mihi
973 1771 1091 1862 nuper
1116 1745 1355 1859 signficavit
1382 1803 1397 1854 ,
1421 1764 1459 1831 te
1475 1747 1634 1857 Hispa·

185 1889 313 1951 norum
345 1867 495 1976 Regum
518 1869 698 1952 historiae
723 1874 962 1978 expediendae
992 1888 1143 1977 atquea
1175 1869 1352 1952 barbarie
1379 1869 1630 1950 vindicandae

177 1991 423 2093 prouinciam
451 1993 692 2095 suscepisse,
719 2013 789 2094 quo
804 1989 898 2070 mihi
922 1989 1020 2071 nihil
1035 1995 1190 2098 gratius
1216 1983 1353 2090 affieri
1364 1993 1501 2095 potnit.
1539 1984 1631 2070 Scio

181 2109 312 2208 enim,
348 2127 421 2209 qua
445 2110 649 2212 eloquentia
665 2120 776 2211 atque
785 2111 989 2216 prudntia
1019 2133 1092 2215 es,
1124 2107 1310 2214 nequead
1336 2110 1491 2207 stilum,
1517 2127 1631 2210 neque

182 2224 237 2304 ad
259 2247 387 2304 rerum
409 2238 602 2331 gestarum
617 2220 738 2322 fidem
771 2226 844 2308 tibi
870 2228 1068 2332 quidquam
1094 2223 1331 2331 defuturum.
1363 2223 1453 2333 Age
1478 2228 1630 2330 igitar,

183 2351 224 2422 et
247 2347 469 2422 nostratium
500 2349 720 2450 Principum
743 2347 927 2451 gloriam,
945 2367 1039 2450 quae
1068 2349 1134 2426 vel
1161 2357 1363 2450 temporum
1392 2346 1534 2449 cupa,
1565 2346 1632 2424 vei

186 2463 420 2565 scriptorum
449 2467 677 2568 ignoratione
712 2465 856 2544 tamdiu
870 2468 1012 2567 latuit,
1033 2471 1074 2546 in
1091 2469 1207 2546 lucem
1230 2455 1381 2568 prrffem

275 2575 428 2661 Eodem
458 2605 560 2663 anno
592 2605 717 2689 1533.
746 2578 842 2666 Idib.
867 2580 1030 2698 Augusti
1053 2585 1179 2666 Roma
1203 2577 1341 2694 scripsit
1366 2575 1417 2664 ad
1449 2573 1631 2665 lnechum

183 2692 424 2780 Mendozam
440 2699 480 2780 S.
489 2699 539 2780 R.
554 2702 602 2781 E.
630 2697 869 2784 Cardinalem
893 2722 933 2784 et
947 2705 1178 2816 burgensem
1199 2697 1452 2811 Episcopum,
1467 2695 1632 2812 gratula-

184 2835 271 2896 tum
296 2812 407 2925 quod
422 2813 619 2900 incolumis
634 2815 674 2899 in
689 2846 795 2902 suam
817 2817 1019 2902 Ecclesiam
1046 2815 1294 2930 pervenisset,
1321 2812 1387 2900 ubi
1400 2837 1440 2898 et
1468 2840 1556 2898 suae
1582 2811 1633 2901 fr·-

185 2925 245 3013 dei
277 2931 519 3018 commissum
536 2932 720 3047 populum
739 2933 889 3050 optimis
905 2925 1080 3022 iustitutis
1106 2934 1282 3049 vitaeque
1311 2931 1431 3018 similis
1454 2931 1629 3044 exemplo

186 3045 400 3154 moderari,
424 3078 464 3137 et
477 3051 598 3137 bonas
613 3051 777 3138 horasin
801 3054 929 3140 sutdiis
949 3079 1074 3170 posset
1098 3053 1309 3140 collocare:
1335 3049 1471 3137 deinde
1487 3049 1630 3167 signifi-

185 3191 274 3268 cat,
300 3165 368 3253 sibi
384 3169 424 3252 in
439 3166 568 3255 animo
585 3199 662 3256 esse
676 3171 717 3257 in
730 3172 888 3286 patriam
903 3171 1023 3289 longo
1038 3197 1125 3287 post
1151 3196 1345 3287 tempore,
1361 3170 1437 3256 hoc
1450 3193 1526 3275 est,
1541 3193 1630 3284 post

186 3281 376 3370 decimum
394 3310 432 3372 et
446 3311 627 3376 octavum
645 3290 949 3408 peregrinationis
972 3321 1115 3377 annum
1141 3317 1331 3395 remeare,
1364 3312 1410 3374 ut
1437 3286 1477 3371 in
1505 3287 1627 3376 otium

184 3428 230 3485 ac
252 3400 463 3490 libertatem
491 3431 648 3493 assenus
686 3408 892 3526 aliquando
923 3413 1123 3498 Musarum
1156 3408 1325 3496 liberiore
1354 3405 1629 3524 secretioreque

185 3521 419 3610 commercio
451 3520 649 3613 frueretur.

276 3643 538 3753 Ann01534.
566 3642 817 3759 Sepulvedam
842 3676 908 3764 per
937 3647 1132 3766 epistolam
1159 3650 1331 3736 hortatus
1363 3641 1418 3734 est
1435 3645 1499 3760 ]ο.
1518 3647 1629 3731 Mat-

184 3753 320 3842 thaeus
336 3758 542 3868 Gibertus,
566 3777 584 3820 ²
621 3763 828 3882 Episcopus
843 3769 1095 3874 Veronensis,
1112 3793 1155 3855 ut
1176 3766 1377 3854 Clementis
1390 3771 1501 3852 Pont.
1518 3767 1628 3850 Max.

158 3979 161 3985 Ι
183 3874 427 3965 voluntatem
452 3904 599 3968 secunus
615 3938 630 3989 ,
661 3886 899 4000 paraphrasin
915 3890 1042 4002 potius
1057 3888 1281 3975 Erhicorum
1297 3881 1502 3972 Aristotelis
1530 3909 1628 3968 con-

182 3994 389 4102 scriberet,
408 4027 525 4113 quam
542 4024 586 4086 ut
614 3999 780 4114 ejusdem
795 4003 843 4091 de
865 4007 1069 4121 Republica
1083 4007 1195 4093 libros
1209 4006 1249 4090 in
1265 4003 1439 4088 Latinum
1467 4028 1628 4090 conver⁴

183 4134 313 4219 teret,
340 4117 523 4231 quoniam
542 4118 599 4207 vir
615 4118 675 4206 ille
690 4120 825 4210 doctus
844 4123 1026 4236 majorem
1049 4154 1177 4212 curam
1194 4122 1330 4208 debere
1346 4149 1423 4207 esse
1440 4121 1628 4232 existima-

187 4228 254 4316 bat
268 4291 281 4336 ,
295 4263 379 4349 quo
410 4238 531 4324 modo
547 4263 649 4326 recte
664 4239 741 4326 vita
766 4242 1004 4346 instituatur,
1030 4271 1147 4358 quam
1176 4267 1220 4327 ut
1245 4241 1428 4346 sciamus,
1458 4238 1650 4442 (]υαὶἑὲιῖ

187 4349 336 4462 optima
359 4354 578 4469 reipublicae
594 4353 746 4465 forma,
776 4359 859 4446 licet
885 4387 1045 4476 utraque
1069 4359 1257 4475 disciplina
1286 4359 1461 4443 maximas
1490 4357 1541 4442 ha
1610 4379 1627 4444 t

186 4471 501 4600 commoditates,
523 4474 718 4591 multaque
749 4504 947 4594 praecepta
971 4479 1021 4567 ad
1045 4479 1225 4566 moralem
1251 4474 1524 4593 philosophiam
1540 4502 1629 4590 per·

187 4586 369 4672 tinentia.
400 4592 609 4708 Sepulveda
637 4621 682 4680 ut
695 4619 779 4682 tum
810 4597 979 4684 Pontifici
1003 4603 1110 4686 Max.
1131 4622 1215 4683 tum
1237 4596 1350 4682 etiam
1365 4595 1526 4681 Giberto
1546 4623 1630 4680 mo·

187 4729 267 4789 rem
283 4734 453 4823 gereret,
471 4710 564 4798 ldib.
584 4715 770 4803 februarii
782 4718 974 4834 respondit
991 4777 1003 4826 ,
1020 4733 1039 4794 3
1058 4719 1214 4806 libenter
1230 4745 1269 4804 se
1298 4715 1458 4833 longum
1487 4713 1571 4800 licet
1593 4735 1634 4799 et
1783 4819 1786 4826 Ι

1116 4835 1190 4920 Da
1515 4923 1517 4930 ,
1544 4858 1639 4946 ope·

234 4957 251 4999 r
293 4944 390 5020 Epist.
407 4960 454 5024 53.
480 4948 551 5009 edit.
569 4949 714 5012 Salmone.

231 5037 253 5178 ς
293 5025 570 5164 {idetSepulredae
587 5033 674 5110 epist.
687 5053 715 5112 9.
742 5033 812 5096 edit.
838 5034 984 5097 salutant.

325 5125 370 5181 prs
386 5127 433 5184 .9.
