4292 5984
641 465 661 533 S
686 461 720 535 U
743 465 783 538 M
808 465 849 538 M
873 469 907 538 A
931 469 966 544 R
990 470 1009 536 I
1033 465 1065 538 U
1092 469 1143 540 M.
1538 481 1599 550 rx,

389 593 504 688 LIB.
541 597 628 689 IV.
662 681 664 684 .
973 597 1055 682 Vll.
1114 595 1300 685 Praesides
1328 603 1476 688 Ducem
1510 606 1620 719 Naja·

887 739 1055 798 -rensem
1108 716 1221 832 copiis
1265 717 1439 804 omnibus
1486 726 1615 836 praefi·

209 839 239 918 1.·
289 793 537 919 FRanciscus
563 833 763 922 Gallorum
785 841 868 927 Rex
910 829 1042 933 dunt3
1087 857 1126 917 et
1190 837 1385 923 Hadriano
1428 842 1615 930 Cardinali

153 953 366 1038 Henticum
382 977 588 1070 cognatum
618 953 867 1071 clientemque
909 949 960 1032 ad
992 955 1242 1068 Logtognum
1273 982 1512 1063 remanente,
1542 964 1614 1048 Co

152 1099 265 1155 suum
300 1073 339 1155 in
375 1077 568 1158 Navarrae
604 1075 783 1189 Regnum
810 1103 866 1159 re·
909 1067 1103 1152 mestabilis
1165 1093 1204 1156 et
1260 1072 1486 1160 Almirantus
1541 1079 1613 1165 bel-

152 1188 292 1274 ducere
320 1188 472 1275 studens
494 1195 705 1276 Navarram
721 1222 745 1276 a
761 1219 866 1304 prae-
909 1180 988 1266 lum
1052 1189 1245 1274 communi
1299 1191 1452 1276 consilio
1524 1222 1612 1285 cum

152 1305 248 1391 sidio
277 1336 439 1394 vacuam
477 1337 660 1422 occupare
727 1333 864 1396 coacto
908 1301 1100 1412 Najarensi
1125 1305 1457 1393 administrandum
1484 1316 1614 1402 consti·

151 1425 317 1510 exercitu
339 1431 586 1539 Asparrostun
608 1424 721 1537 jubet.
907 1441 1050 1524 ruunt,
1078 1447 1118 1507 et
1156 1425 1206 1508 ad
1232 1424 1466 1540 Squiroziun
1482 1428 1608 1518 vicum

209 1547 255 1626 ll.
316 1548 405 1628 Dux
422 1541 629 1655 Najarensis
659 1543 862 1631 Gallorum
906 1533 1002 1622 inter
1018 1539 1180 1626 hostium
1196 1545 1611 1660 castraPompelonem·

149 1660 321 1747 adventu
360 1662 514 1776 cognito
553 1648 752 1776 Sagoviam
795 1693 863 1777 per
906 1681 983 1768 que
998 1659 1214 1744 consistunt.
1231 1666 1453 1775 Asparrosus
1469 1667 1610 1756 Thebis

148 1805 275 1892 equos
328 1779 522 1894 dispositos
581 1775 860 1892 proficiscitur,
907 1800 1066 1881 movet,
1096 1773 1366 1890 Pompelonem
1407 1809 1609 1899 occupare,

147 1895 455 2013 Praesidibusque
479 1897 529 1982 de
566 1901 762 1982 Navarrae
793 1928 858 2012 pe·
906 1915 973 1975 aut
994 1893 1172 2005 praelium
1197 1897 1427 1982 committere
1445 1927 1608 2015 paratus.

147 2011 269 2098 riculo
299 2015 513 2100 certioribus
542 2010 646 2098 factis
687 2018 860 2130 praemis·
965 2011 1060 2095 VIII·
1119 2011 1219 2097 Galli
1233 2016 1425 2100 tormentis
1440 2029 1609 2143 pugnam

146 2159 269 2245 soque
299 2132 488 2218 Micha'de
515 2135 663 2216 Ferreta
702 2135 860 2246 Pompe·
905 2123 1073 2234 ineunt,
1103 2154 1142 2216 et
1179 2130 1278 2216 adeo
1325 2163 1508 2250 magnum
1539 2164 1609 2225 ter·
1703 2147 1706 2154 ‘

145 2243 312 2334 lonensis
336 2250 427 2336 arcis
455 2245 669 2362 praefecto,
698 2247 774 2362 ipse
797 2251 859 2336 in·
905 2269 1029 2331 rorem
1092 2249 1225 2333 nostris
1281 2250 1513 2362 incutiunt,
1562 2281 1608 2344 ut

143 2389 370 2451 ctmctanter
393 2364 626 2484 regreditur,
654 2368 758 2454 etad
772 2373 857 2454 Na·
904 2363 1184 2450 Cantabrorum
1217 2365 1309 2450 acies
1337 2371 1473 2484 pedem
1505 2370 1609 2460 refer«

143 2507 297 2569 varrete
322 2485 502 2570 consistit.
903 2505 961 2565 ret
993 2512 1005 2585 ;
1034 2483 1142 2599 quod
1178 2483 1404 2571 Almiranttu
1446 2487 1609 2578 animad-

205 2605 269 2686 ΙΙΙ.
328 2602 427 2688 Gabi
438 2601 708 2717 Pompelonem
721 2605 855 2694 urbem
904 2623 1051 2685 vertens
1067 2663 1079 2707 ,
1095 2601 1201 2686 brevi
1230 2601 1414 2715 quidem,
1447 2608 1512 2691 sed
1551 2635 1609 2692 ve

145 2742 338 2833 occupant
359 2748 556 2837 arcemque
581 2720 779 2837 recipiunt.
903 2715 1069 2804 hementi
1128 2716 1299 2805 oratione
1352 2751 1416 2809 eos
1457 2723 1609 2842 alloqui·

205 2837 273 2919 IV.
331 2843 580 2958 Logrognum
604 2869 853 2956 oppugnare,
905 2857 983 2920 tur.
1633 2935 1634 2938 a

144 2977 188 3037 et
228 2953 426 3040 Castellum
463 2981 657 3070 penetrate
693 2985 853 3071 parant,
962 2955 1029 3040 IX.
1098 2955 1188 3056 Qua
1235 2958 1406 3042 oratione
1449 2957 1608 3050 militum

144 3070 384 3156 hortantibus
416 3075 539 3158 Maria
580 3074 746 3159 Pacheca
777 3102 855 3182 ‚et
903 3070 1129 3158 confirmatis
1188 3075 1420 3190 accensisque
1478 3076 1607 3163 animis

144 3186 337 3302 Episcopo
366 3191 623 3297 zamorensi,
663 3193 730 3308 qui
765 3193 853 3280 cum
903 3189 1080 3300 praelium
1097 3190 1379 3308 redintegratur,
1395 3193 1607 3308 amissisque

144 3331 194 3389 eo
217 3305 371 3392 consilio
386 3307 518 3393 Gallos
538 3305 717 3414 adiret,a
747 3313 853 3430 regiis
902 3309 1097 3393 tormentis
1144 3308 1242 3393 Galli
1282 3309 1319 3392 in
1362 3306 1492 3426 fugam
1529 3341 1606 3397 ver

145 3421 321 3510 militibus
364 3451 494 3541 captus
540 3431 774 3540 Symancas,
809 3456 853 3517 ut
900 3445 1053 3509 tuntur.
1087 3431 1134 3511 In
1169 3456 1217 3516 eo
1246 3425 1384 3540 praelio
1431 3432 1607 3540 Asparro·

144 3539 299 3628 inarce
326 3543 788 3648 custodiretur‚mittitur.
901 3569 960 3627 sus
990 3543 1068 3630 dux
1095 3605 1108 3649 ,
1140 3543 1178 3628 in
1205 3541 1296 3662 fuga
1325 3574 1418 3634 vero
1461 3550 1607 3630 Torna-

203 3661 258 3742 V.
317 3661 501 3746 Castellae
528 3661 714 3746 Praesides
736 3663 852 3749 Petro
899 3656 955 3770 jus
1003 3662 1218 3776 capiuntur.

145 3773 302 3862 Velezio
356 3783 558 3866 Guevarae
602 3785 851 3898 logrognum
968 3778 1018 3864 X.
1095 3781 1270 3865 Toletani
1306 3779 1430 3865 adhuc
1472 3775 1605 3863 tumul·

143 3889 373 3981 defendendi
396 3923 523 3983 curam
554 3898 708 3983 tradunt
725 3959 735 3981 .
751 3901 851 3984 Galli
900 3916 1047 3982 tuantes
1075 3898 1264 4011 Episcopo
1300 3895 1515 3979 Zamorensi
1544 3919 1605 3980 ne·

142 4009 341 4126 desperata
365 4016 641 4132 expugnatione
663 4015 850 4132 Calagur-
901 4013 1048 4127 gotiun
1074 4015 1166 4099 dant
1194 4020 1296 4124 Iepes
1320 4012 1502 4126 oppidum
1517 4041 1604 4097 con

140 4127 216 4212 rim
245 4157 371 4215 versus
397 4157 583 4236 movent;
615 4133 680 4217 sed
711 4133 851 4218 Beltra-
900 4130 1092 4231 tendendi,
1110 4153 1148 4212 et
1159 4127 1356 4213 lacessendi
1367 4130 1603 4244 reprimendi·

142 4273 216 4329 nus
242 4247 374 4332 Cueva
394 4251 552 4334 inducto
570 4248 703 4334 auxilio
721 4278 786 4333 eos
802 4252 851 4336 ab
901 4273 979 4356 que
1001 4245 1157 4330 Antonii
1199 4245 1391 4362 Zugnigac
1422 4246 1606 4362 Equitum

145 4363 432 4476 oppugnatione
457 4368 638 4449 deterret.
903 4361 1026 4446 Sancti
1047 4363 1200 4474 Joannis
1215 4361 1411 4476 praefecti.

205 4481 272 4562 Vl.
335 4485 557 4596 Asparrosus
573 4482 611 4565 in
640 4484 852 4566 Navarram
962 4481 1029 4563 XI.
1088 4481 1276 4566 Antonius
1304 4480 1473 4597 Zugniga
1500 4481 1605 4568 adse

145 4594 358 4680 interiorem
406 4601 526 4712 parvis
565 4599 753 4686 itineribus
796 4631 852 4685 rea
904 4625 1045 4710 suaque
1093 4600 1272 4702 tuenda,
1317 4599 1498 4712 praesidio
1545 4629 1606 4685 co

6 4741 8 4784 r
146 4711 313 4825 greditur
342 4775 354 4816 ,
383 4741 422 4801 et
452 4717 502 4800 ad
543 4717 694 4802 Thebas
734 4747 852 4835 prope
904 4737 990 4799 acto
1023 4776 1035 4820 ,
1066 4743 1152 4802 cum
1178 4715 1337 4800 finitimis
1384 4716 1607 4802 tumultuan-

144 4829 418 5030 Pogtpelopem
451 4859 569 4921 castra
591 4834 716 4950 ponit.
905 4830 1002 4916 tibus
1030 4831 1169 4922 bellum
1198 4833 1291 4948 gerit
1307 4837 1486 5032 .BMorae
1504 4862 1608 4965 casus

243 4973 311 5032 om.
345 5012 356 5033 .
1551 4977 1612 5033 mr-
