4368 5984
585 397 678 473 ttv.
939 385 1077 482 Jontt.
1111 383 1227 457 osu.
1259 379 1563 471 sevutvtonu

565 523 688 613 stianis
711 511 833 608 solum
848 538 888 600 et
907 510 1045 625 scriptis
1071 504 1291 625 evangelicis
1308 507 1515 620 petendum
1532 535 1609 596 esse
1631 505 1852 619 concludit,
1878 517 1943 604 sed
1958 527 1999 607 et'

514 693 524 700 -
568 645 618 730 ab
635 642 732 728 hisce
747 631 995 752 philosophis,
1022 629 1087 743 qui
1112 627 1257 740 optime
1278 649 1317 708 et
1332 624 1558 744 sagacissime
1589 653 1767 743 putantur
1791 633 1840 718 de
1868 661 1999 722 natura

567 791 724 864 rerum,
749 783 793 839 ac
809 754 857 838 de
874 749 1068 850 moribus,
1092 746 1216 860 deque
1241 744 1347 828 omni
1373 745 1590 858 reipublicae
1616 747 1759 834 ratione
1783 751 2002 858 disseruisse,

567 875 781 996 praesertim
802 871 851 954 ab
875 863 1074 953 Aristotele
1096 923 1108 970 ,
1137 861 1240 973 cujus
1256 890 1453 979 praecepta
1473 864 1568 949 tanti
1592 859 1677 950 facit
1691 865 1846 978 scriptor
1861 895 2001 976 noster,

569 1023 614 1083 ut
637 1020 793 1082 asserere
820 1015 900 1071 non
917 984 1097 1086 dubitet,
1122 980 1312 1093 perpaucis
1334 981 1492 1097 exceptis
1507 1044 1519 1087 ,
1533 1011 1633 1096 quae
1655 983 1704 1068 de
1720 986 1828 1070 rebus
1844 1010 2004 1074 tractant

567 1111 646 1200 fere
664 1136 819 1226 captum
835 1105 1044 1188 humanum
1061 1099 1349 1203 excedentibus,
1372 1126 1411 1187 et
1426 1129 1524 1217 quae
1541 1099 1758 1186 mortalibtu
1775 1102 1841 1188 nisi
1865 1133 1931 1218 per
1947 1105 2001 1190 di·

566 1233 655 1320 vina
669 1224 825 1316 oracula
846 1220 1058 1336 exploratae
1074 1244 1149 1302 esse
1166 1244 1246 1300 non
1268 1245 1450 1329 possunt,
1478 1241 1588 1304 tanto
1603 1245 1787 1304 consensu
1813 1245 1852 1307 et
1869 1249 2003 1337 appro-

567 1350 721 1436 batione
748 1373 771 1426 a
800 1337 1014 1456 posteritate
1036 1357 1186 1448 recepta
1214 1331 1292 1444 ejus
1322 1335 1533 1450 philosophi
1565 1334 1697 1449 placita
1728 1398 1740 1441 ,
1763 1361 1807 1423 ut
1834 1367 1917 1424 non
1933 1339 2004 1450 iam

568 1467 677 1553 unius
702 1455 914 1580 philosophi
933 1483 1072 1557 voces,
1104 1451 1168 1536 sed
1186 1452 1358 1566 generale
1375 1455 1572 1567 quoddam
1602 1452 1800 1540 concilium
1818 1521 1829 1558 ,
1846 1480 1885 1542 et
1901 1482 2004 1542 com-

571 1585 701 1670 munia
728 1581 767 1666 in
792 1608 841 1664 eo
860 1573 1030 1662 omnium
1056 1569 1277 1683 sapientium
1304 1570 1455 1659 decreta
1475 1572 1514 1657 iu
1537 1597 1657 1656 unum
1688 1597 1820 1660 coacta
1850 1601 1928 1662 csse
1948 1574 2006 1664 via

572 1704 744 1789 deantur.

662 1825 859 1905 Postremo
882 1835 1008 1894 causas
1032 1807 1343 1915 enumeraturus,
1359 1839 1405 1896 ex
1431 1809 1567 1926 quibus
1594 1808 1688 1921 juste
1713 1839 1759 1895 ac
1782 1811 1843 1926 pie
1863 1808 2005 1899 bellum·

574 1925 812 2051 suscipiatur,
843 1931 1016 2031 Bellum,
1043 1924 1165 2038 inquit
1192 1985 1204 2030 ,
1228 1928 1372 2034 justum
1400 1954 1469 2013 nau
1494 1932 1596 2013 arada
1620 1931 1750 2035 justas
1781 1934 2013 2038 suscipiendi

574 2082 741 2158 causas,
769 2055 838 2135 sed
861 2053 1064 2154 legitimam
1079 2051 1192 2126 etiam
1206 2057 1497 2150 auctoritatem,
1523 2060 1560 2128 et
1578 2061 1721 2130 rectum
1742 2053 1913 2156 gerentis
1929 2055 2009 2131 aul·

577 2200 675 2256 mum
699 2173 921 2266 desiderat,
950 2178 1160 2264 rectamque
1172 2166 1327 2268 gerendi
1350 2173 1542 2248 ratiaraam.
1581 2163 1669 2244 Nau
1684 2171 1780 2246 enim
1795 2173 1924 2248 cuivis
1937 2166 2009 2248 bel·

578 2295 653 2372 lum
673 2294 863 2396 suscipere
888 2285 1111 2388 permissum
1127 2295 1184 2359 est
1207 2295 1472 2387 praeterquam
1504 2283 1557 2362 ad
1581 2283 1760 2388 iujuriam
1780 2288 2010 2399 propulsar-

576 2411 685 2509 dam,
713 2431 822 2512 quam
837 2404 1012 2513 repellere
1037 2420 1118 2478 cum
1135 2399 1375 2480 moderamine
1390 2402 1601 2507 inculpatae
1615 2407 1753 2482 tutelae
1777 2401 1930 2484 cuilibet
1961 2407 2011 2484 ll·

577 2539 636 2609 cei
652 2526 740 2631 jure
764 2536 932 2602 maturae.
967 2514 1112 2595 Bellum
1126 2518 1257 2628 igitur
1274 2513 1416 2619 inferre
1432 2535 1506 2624 per
1521 2542 1589 2620 se,
1616 2531 1683 2599 aut
1694 2522 1921 2625 perducem,
1938 2522 2012 2600 ual-

585 2647 615 2724 li
626 2649 701 2722 uisi
720 2639 894 2753 principi
922 2639 1038 2733 licet,
1067 2637 1235 2734 uariis,
1265 2641 1329 2737 qui
1344 2658 1521 2715 summam
1537 2641 1799 2718 auctoritatem
1823 2636 1962 2718 habeut
1976 2641 2014 2717 r'u

580 2759 785 2865 republica.
818 2747 962 2837 Probus
979 2747 1122 2830 animus
1138 2745 1214 2833 sive
1240 2745 1350 2855 finis,
1377 2778 1493 2864 quem
1510 2747 1576 2833 sibi
1598 2749 1756 2866 quisque
1772 2750 1857 2836 belli
1872 2777 2012 2867 geren·

582 2873 621 2960 di
638 2893 856 2988 proponat,
881 2869 909 2951 is
923 2893 1000 2951 esse
1017 2867 1158 2968 debet,
1187 2865 1283 2948 utin
1308 2895 1397 2980 paee
1420 2891 1458 2952 et
1484 2865 1747 2982 tranquillitate
1762 2868 1857 2980 juste
1871 2893 1912 2955 et
1929 2898 2015 2954 cum

581 2987 719 3077 virtute
739 2989 912 3088 vivatur,
938 2982 1125 3068 subtracta
1151 2982 1272 3096 pravis
1293 2984 1506 3070 hominibus
1524 2983 1683 3070 nocendi
1707 3009 1747 3071 et
1769 2987 1949 3100 peccandi
1961 2981 2013 3071 fa·

583 3107 733 3193 cultate-
768 3105 912 3191 Modus
935 3126 1092 3215 quoque
1118 3158 1131 3202 ,
1155 3125 1200 3185 ut
1232 3102 1360 3186 ceteris
1390 3102 1522 3187 scilicet
1538 3102 1577 3184 in
1602 3102 1740 3210 rebus,
1769 3103 1819 3188 sic
1845 3104 1885 3188 in
1918 3102 2015 3189 bdlo

583 3225 752 3340 gerendo
777 3219 961 3308 tenendus
978 3242 1032 3303 est
1051 3277 1063 3322 ,
1089 3239 1135 3300 ut
1150 3217 1177 3300 si
1193 3215 1270 3302 fieri
1296 3217 1438 3332 possit,
1462 3217 1721 3306 innocentibus
1737 3248 1818 3305 non
1839 3217 1907 3306 fiat
1923 3219 2015 3333 inju-

584 3345 664 3445 ria,
694 3367 790 3426 neve
806 3338 855 3424 ad
875 3336 1018 3451 legatos
1038 3361 1156 3448 usque
1172 3395 1184 3440 ,
1201 3334 1367 3422 advenas
1380 3393 1394 3441 ,
1408 3361 1473 3421 aut
1488 3335 1667 3440 elericos,
1687 3365 1791 3424 resve
1807 3364 1925 3424 sacras
1939 3366 2017 3423 set·

584 3483 650 3571 pat
677 3457 815 3540 malum
832 3483 896 3540 seu
920 3453 1109 3555 vindicta,
1138 3480 1236 3540 neve
1252 3452 1378 3539 hostes
1401 3453 1482 3569 plus
1498 3452 1596 3564 iusto
1612 3452 1807 3540 laedantur
1824 3515 1836 3559 ,
1852 3482 1943 3540 cum
1968 3451 2011 3539 fi·

586 3577 650 3662 des
675 3575 786 3660 etiam
816 3569 983 3656 hostibus
1010 3570 1099 3654 data
1121 3569 1305 3657 servanda
1328 3571 1401 3679 sit,
1431 3595 1469 3658 et
1493 3571 1532 3656 in
1561 3571 1659 3687 ipsos
1685 3599 1767 3658 non
1795 3571 1879 3687 plus
1902 3600 2018 3688 quam

584 3722 655 3806 pto
683 3691 828 3777 ratione
843 3687 973 3801 culpae
989 3686 1242 3772 saeviendum.

674 3811 743 3898 Ad
758 3835 884 3892 causas
900 3830 1027 3916 autem
1051 3803 1159 3918 quod
1190 3805 1326 3892 attinet
1342 3833 1464 3920 ‚quae
1492 3805 1638 3894 subesse
1654 3806 1825 3912 debent,
1853 3831 1897 3893 ut
1922 3804 2017 3922 juste

583 3925 724 4012 bellurn
752 3924 996 4038 suscipiatur,
1014 3921 1148 4008 multas
1165 3949 1360 4010 enumerat
1374 3924 1598 4040 Sepulveda.
1629 3925 1780 4031 Prima,
1799 3953 1919 4039 eaque
1936 3953 2019 4042 gra·

583 4044 728 4129 vissima
757 4034 811 4128 es't
838 4040 1037 4144 naturalis,
1068 4065 1110 4125 ut
1134 4039 1197 4146 vi,
1225 4068 1314 4126 cum
1329 4069 1409 4127 non
1424 4043 1508 4129 licet
1537 4043 1674 4150 aliter,
1706 4043 1762 4132 vis
1777 4041 1876 4128 illata
1893 4041 2019 4158 repel-

585 4161 703 4246 latur:
737 4159 928 4263 secunda,
956 4184 1070 4244 utres
1086 4157 1232 4244 ablatae
1253 4183 1493 4273 repetantur:
1524 4162 1655 4266 tertia,
1672 4184 1716 4246 ut
1731 4169 1812 4246 non
1826 4157 1951 4246 solum
1968 4158 2019 4244 ab'

584 4302 711 4392 aperte
729 4276 907 4383 iniuriosis
922 4275 1016 4388 justa
1038 4275 1201 4362 vindicta
1229 4303 1378 4391 petatur
1403 4337 1416 4383 ,
1446 4277 1640 4365 sedetiam
1670 4278 1720 4363 ab
1749 4278 1821 4383 iis,
1845 4304 2015 4394 quotum

584 4396 623 4480 in
640 4396 809 4479 manibus
836 4417 917 4477 etat
945 4389 1130 4478 maleficos
1144 4393 1234 4478 tales
1261 4399 1462 4502 coircere,
1491 4397 1632 4511 quippe
1657 4395 1724 4512 qui
1740 4393 1811 4506 jam
1829 4391 1914 4481 facti
1929 4416 2019 4480 sunt

585 4512 827 4597 connivendo
850 4507 1197 4622 consentiendoque
1227 4511 1438 4619 injuriarum
1456 4513 1543 4598 socii
1561 4538 1601 4598 et
1615 4512 1851 4626 coadjutores
1867 4573 1880 4620 ,
1895 4536 2018 4626 utque

587 4631 638 4714 ita
656 4629 703 4713 illi
729 4628 871 4712 insimul
899 4626 999 4738 justis
1026 4627 1155 4740 poenis
1184 4624 1327 4732 affecti,
1358 4629 1406 4713 de
1421 4655 1546 4714 cetero
1576 4631 1709 4744 partim
1734 4629 1828 4715 fiant
1855 4629 1906 4716 ad
1919 4627 2017 4714 mala

587 4747 796 4848 tardiores,
823 4769 862 4830 et
886 4747 935 4830 ad
960 4745 1095 4830 scelera
1123 4744 1312 4858 punienda
1329 4747 1461 4860 partim
1478 4748 1593 4862 magis
1616 4748 1781 4851 curiosi,
1805 4773 2014 4861 eorumque

585 4863 757 4980 exemplo
772 4864 887 4953 vitiati
902 4860 1031 4978 reliqui
1046 4861 1301 4980 undequaque
1318 4869 1366 4950 ab
1382 4859 1577 4953 inferendis
1592 4863 1725 4980 injuriis
1742 4865 2011 4955 deterreantur.

1925 4979 2013 5071 uri-
