4294 5984
573 497 635 590 74
946 476 1029 558 ou
1077 471 1278 552 nunus
1325 468 1546 552 ersrrs

534 673 833 783 perseverate,
869 672 1006 774 quam
1044 667 1120 728 sua
1154 663 1268 727 tecte
1298 661 1342 725 et
1371 625 1513 726 amice
1536 619 1710 729 monita
1739 625 1867 768 sequi
1897 663 2004 736 rm.

536 784 726 902 luerint,
763 821 806 880 se
833 779 981 918 Regio
1017 769 1195 872 Senatui
1229 806 1273 871 et
1307 771 1465 911 Regni
1491 769 1761 910 praesidibus
1797 772 1841 872 ei
1875 775 2000 880 malo

534 929 700 1029 mederi
734 920 1046 1037 molientibus,
1076 913 1222 1056 siquid
1256 908 1390 1016 fuerit
1421 914 1720 1056 imperatum,
1756 915 1879 1019 dicto
1914 929 2000 1021 au·

536 1072 697 1171 dientes
733 1063 854 1186 fore,
893 1098 964 1183 et,
1001 1097 1050 1162 ut
1086 1056 1236 1160 cereris
1263 1058 1312 1159 in
1339 1054 1496 1180 rebus,
1524 1060 1633 1161 item
1669 1055 1752 1160 hac
1786 1061 1837 1163 in
1870 1099 1998 1204 parte

533 1253 662 1314 suum
698 1208 901 1313 officium
939 1205 1231 1350 praestituros.

606 1368 677 1456 ΙΙΙ.
750 1356 824 1456 Ad
860 1351 967 1452 haec
1004 1347 1261 1491 populares,
1298 1385 1343 1446 sc
1383 1381 1490 1448 vcro
1533 1350 1850 1492 responderunt
1897 1389 1996 1453 ma·

535 1509 736 1636 jestatem
769 1497 962 1638 Regiam
996 1495 1045 1594 in
1081 1490 1235 1635 primis
1276 1527 1592 1594 sacrosanctam
1633 1491 1822 1617 habere,
1870 1538 1996 1598 eam-

537 1647 728 1786 demque
764 1679 863 1743 tum
898 1636 1089 1780 opibus,
1125 1668 1224 1733 tum
1259 1634 1474 1776 dignitate
1514 1674 1687 1739 auctam
1714 1671 1996 1782 ‘percupete,

537 1829 619 1892 nec
654 1827 754 1888 suos
790 1823 973 1886 conatus
1008 1781 1217 1881 aliorsum
1242 1779 1483 1920 pertineres
1509 1821 1603 1884 non
1637 1782 1776 1925 igitur
1811 1783 1895 1888 sibi
1930 1787 1996 1886 lc·

538 1930 750 2072 gitimum
784 1928 922 2070 Regis
944 1923 1198 2066 imperium
1240 1963 1327 2023 esse
1371 1961 1533 2065 grave,
1575 1928 1649 2028 sed
1690 1936 1783 2062 ejus
1824 1929 2002 2069 impor-

537 2109 748 2176 tunorum
783 2070 1082 2174 consultorum
1116 2065 1346 2167 avaritiam
1386 2068 1615 2172 molestam
1655 2106 1701 2171 et
1742 2072 1996 2174 intolerabi-

479 2209 483 2218 ’
536 2216 664 2318 lem:
712 2215 877 2318 horum
920 2211 1151 2314 effraenata
1197 2211 1414 2352 cupiditas
1460 2248 1511 2313 ut
1556 2211 1824 2356 quibusdam
1875 2217 1996 2317 velut

535 2358 716 2462 habenis
751 2358 1035 2476 cohibeatur,
1069 2394 1126 2456 ne
1161 2391 1324 2456 temere
1361 2391 1437 2455 aut
1471 2357 1655 2500 impune
1690 2356 1997 2479 debacchetur,

536 2504 886 2664 providendum,
918 2498 1004 2601 sibi
1039 2498 1179 2599 videri
1207 2537 1302 2600 non
1328 2498 1471 2599 solum
1500 2499 1549 2602 in
1576 2541 1799 2643 praesens,
1828 2503 1903 2602 sed
1939 2537 2001 2606 et·

537 2681 631 2746 ram
672 2647 719 2744 in
760 2640 998 2764 futurum,
1040 2642 1175 2782 idque
1217 2641 1386 2784 Regiae
1426 2647 1663 2776 majestatis
1702 2647 1772 2747 vel
1811 2645 1860 2744 in
1907 2645 2000 2786 pti-

537 2789 624 2888 mis
648 2787 873 2889 interesse:
898 2825 1003 2888 nam
1027 2785 1240 2927 imperia,
1266 2824 1361 2925 quo
1389 2787 1568 2922 justiora
1591 2822 1633 2888 et
1666 2788 1845 2891 mitiora
1878 2787 1998 2908 sint,

537 2927 628 3030 lioc
670 2929 820 3033 haberi
867 2931 1059 3050 tutiora,
1095 2964 1139 3030 et
1184 2928 1406 3039 diuturna,
1433 2933 1574 3073 magis
1610 2973 1699 3032 esse
1733 2930 1907 3051 solere,
1946 2932 1996 3034 in

537 3111 694 3175 mutua
729 3073 984 3215 Principum
1021 3111 1065 3176 ct
1103 3073 1373 3214 populorum
1409 3074 1613 3197 caritate,
1654 3075 1711 3176 ad
1753 3114 1870 3218 quae
1909 3115 1996 3176 co·

538 3219 684 3320 nanda
703 3229 706 3232 ’
723 3254 767 3319 ct
803 3215 1094 3361 perficienda,
1128 3216 1405 3357 conspirante
1444 3217 1612 3360 reliqua
1653 3219 1869 3339 Castella,
1908 3219 1998 3322 de·-

430 3385 433 3391 '
540 3356 683 3462 buisse
724 3362 796 3464 vel
839 3361 890 3464 in
931 3361 1085 3504 primis
1127 3359 1323 3463 Baeticos
1362 3363 1679 3467 consentientes
1718 3363 1880 3504 potius
1909 3361 1996 3502 piis

538 3510 629 3637 ejus
664 3503 896 3608 conatibus
931 3505 1058 3606 omni
1094 3543 1181 3645 ope
1217 3505 1265 3605 in
1300 3503 1375 3606 tali
1413 3544 1561 3610 serum
1598 3507 1828 3609 occasione
1871 3499 1997 3608 fave·

537 3683 619 3766 tc,
670 3689 806 3790 quam
852 3646 932 3791 qui
975 3646 1200 3789 publicam
1244 3687 1418 3750 causam
1463 3651 1769 3796 suscepissent,
1813 3648 1898 3754 hos
1939 3649 1996 3756 ab

513 3785 851 3894 ,honestissimo
884 3791 1071 3892 consilio
1106 3828 1152 3893 et
1185 3792 1369 3934 incepto
1402 3792 1651 3896 dehortari.

609 3945 688 4036 lV.
758 3934 958 4037 Baeticae
991 3935 1223 4038 consilium
1257 3937 1460 4038 Lusitani
1492 3978 1675 4082 quoque
1708 3973 1902 4040 tractum
1935 3935 1997 4040 in

513 4074 756 4196 colentes,
791 4078 872 4220 qui
911 4083 1203 4184 Extremacluta
1241 4081 1497 4185 nominatur
1509 4159 1526 4204 ,
1544 4097 1547 4105 ’
1565 4081 1704 4186 secuti
1743 4116 1871 4202 sunt,
1911 4119 1995 4180 au-

537 4253 656 4324 ctore
690 4221 974 4364 potissimum
1006 4225 1232 4356 Francisco
1265 4225 1473 4347 Castilla,
1513 4230 1594 4370 qui
1633 4261 1830 4368 praeerat
1863 4221 1994 4342 urbi,

537 4401 651 4503 quae
677 4405 795 4473 nunc
821 4370 1066 4508 Tragillum,
1083 4369 1219 4490 olim,
1244 4403 1296 4470 ut
1318 4406 1499 4512 putatur
1511 4448 1526 4493 ,
1544 4378 1675 4474 Castra
1690 4377 1800 4504 Julir'
1815 4363 1998 4470 diceba-

508 4538 637 4627 -tur,
674 4544 825 4653 estque
858 4513 974 4614 illius
1007 4513 1202 4653 regionis
1237 4513 1356 4614 velut
1388 4550 1553 4652 caput.
1588 4515 1682 4619 Hic.
1716 4513 1837 4615 enim
1868 4521 1997 4610 Fran

405 4699 411 4704 ·
534 4649 671 4754 eiscus
706 4655 775 4758 vit
806 4654 999 4775 nobilis,
1033 4653 1220 4757 consilio
1253 4690 1468 4795 praestans
1502 4693 1548 4758 et
1585 4655 1870 4796 eloquentia,
1911 4689 1999 4752 use-t

533 4791 643 4952 titus
677 4837 739 4906 ne.
768 4841 857 4946 pet.
880 4796 1161 4907 occasionem
1193 4799 1334 4948 Regis
1367 4800 1555 4913 absentis
1587 4825 1787 4911 veterum
1827 4793 2001 4902 factio}

1728 5041 1738 5068 a
1789 5047 1809 5058 ..
1871 4971 1996 5061 'llum
