4294 5972
561 475 1044 567 canuerunt.
1090 481 1227 566 vm.
1511 496 1595 590 273

161 634 242 743 bus
279 635 478 742 diffidere
508 640 808 805 ,legationem
844 641 898 740 ad
935 637 1226 744 Philibertutn
1262 637 1429 766 mittit,
1474 647 1509 748 si
1545 651 1629 754 sibi

159 783 214 885 ab
251 825 305 891 eo
342 783 574 949 superioris
611 786 818 926 temporis
853 784 1041 917 injuriae
1077 815 1320 930 utcumque
1355 792 1498 894 illatae
1525 833 1623 934 par-

160 964 206 1031 ta
242 931 430 1033 victoria
464 933 804 1051 condonentur,
852 966 896 1029 er
940 930 1101 1033 milites
1149 932 1319 1096 aliquot
1361 933 1624 1046 submittan

159 1107 255 1195 tur,
273 1077 480 1176 daturum
516 1117 559 1178 se
595 1113 801 1218 operam,
841 1109 891 1175 ut
939 1113 1078 1176 errata
1120 1079 1337 1218 superiora
1382 1081 1621 1212 majoribus

12 1239 13 1244 '
160 1219 243 1318 suis
279 1213 439 1319 officiis
480 1254 841 1384 compensentur.
897 1220 971 1320 Ad
1012 1219 1125 1320 hanc
1168 1222 1435 1365 legationem
1478 1222 1621 1328 Phili

158 1362 305 1464 bertus
347 1373 517 1495 majora
559 1364 693 1466 etiam
740 1357 994 1464 officiorum
1044 1403 1234 1506 praemia
1279 1406 1525 1536 proponens
1567 1369 1621 1472 li
1657 1469 1658 1474 ι

158 1501 359 1607 beraliter
399 1509 663 1649 respondit,
700 1539 744 1607 tt
779 1506 950 1648 equites
991 1510 1224 1612 nonnullos
1267 1512 1405 1614 Italici
1449 1516 1620 1656 generis

158 1647 388 1769 submisit,
431 1650 593 1791 quibus
636 1651 722 1754 sibi
761 1651 978 1783 adjunctis
1033 1654 1278 1755 Bertetillus
1314 1658 1494 1796 praedas
1537 1700 1620 1758 au-

159 1793 306 1895 dacius
343 1833 503 1936 agere,
522 1831 568 1896 et
602 1831 896 1914 commeatus,
929 1833 1013 1936 qur
997 1795 1100 1896 ad
1122 1835 1260 1899 castra
1286 1800 1543 1902 Gallorum
1531 1840 1621 1903 rm-

160 1937 477 2078 portabantur,
513 1975 729 2059 avertere,
767 1979 1025 2078 manuque
1060 1939 1157 2039 usui
1194 1941 1462 2044 Caesarianis
1498 1987 1617 2049 esse.

152 2087 293 2186 :Tunc
328 2118 583 2184 nostrorum
619 2082 805 2225 quidam
840 1979 928 2180 bac
956 2082 1188 2184 occasione
1224 2120 1267 2182 et
1294 2083 1454 2186 fiducia
1482 2128 1620 2190 noctu

162 2263 471 2367 erumpentes,
491 2267 678 2370 quoquo
701 2265 845 2329 versus
865 2261 1110 2344 excurrere,
1142 2263 1186 2326 et
1211 2223 1476 2390 interceptos
1495 2270 1623 2334 com

162 2406 330 2473 meatus
372 2371 420 2472 in
462 2370 652 2494 urbem,
690 2370 959 2512 quibusdam
1001 2369 1138 2469 etiam
1187 2369 1363 2511 oppidis
1415 2370 1620 2514 direptis,

162 2509 329 2617 deferre
363 2552 628 2655 coeperunt
666 2515 807 2632 Quod
843 2511 932 2614 hoc
968 2511 1102 2612 etiam
1138 2513 1381 2652 expeditius
1430 2548 1475 2615 et
1515 2555 1621 2618 cum

162 2657 339 2761 minore
374 2659 572 2801 periculo
608 2656 855 2778 faciebant,
876 2657 1091 2820 quoniam
1128 2653 1366 2757 morbum
1391 2651 1622 2760 Gallorum

165 2804 310 2905 castris
351 2801 638 2904 invalescente
689 2801 818 2903 multi
856 2801 1033 2965 equites
1069 2836 1294 2944 aegrotare
1334 2800 1624 2942 incipientes,

161 2946 350 3050 curandi
397 2987 522 3049 causa
564 2989 617 3048 ex
662 2945 807 3047 castris
854 2944 903 3045 in
948 2944 1182 3046 salubriora
1229 2945 1324 3044 loca
1349 2945 1625 3106 oppidaque

162 3092 415 3236 propinqua
452 3131 555 3193 cum
599 3091 685 3192 suis
720 3088 842 3231 equis
883 3123 1147 3190 excesserant
1181 3125 1224 3188 et
1260 3087 1508 3229 equitatus,
1545 3090 1626 3230 qui

164 3238 441 3340 excursiones
476 3237 710 3399 impediret
722 3312 737 3355 ,
775 3235 832 3336 ad
867 3272 1080 3377 magnam
1121 3231 1390 3404 paucitatem
1434 3235 1627 3334 devene-

164 3419 260 3484 tat.
303 3392 402 3484 Nec
436 3378 528 3482 fere
564 3379 697 3484 Gallis
739 3377 827 3480 alio
873 3413 1127 3480 commeatu
1168 3385 1260 3510 jam
1302 3378 1369 3477 uti
1411 3376 1625 3498 dabatur,

168 3565 307 3670 quam
350 3532 484 3670 quem
528 3527 584 3628 acl
617 3524 909 3627 Matellanum
948 3527 1279 3664 Adversamque
1324 3544 1628 3684 congesserant

162 3713 224 3772 ex
259 3686 416 3813 Capua
451 3671 735 3835 potissimum
770 3701 813 3769 et
846 3669 968 3771 Nola
1002 3667 1361 3810 suppeditatum,
1390 3703 1469 3808 qur
1505 3700 1626 3764 etr

172 3856 248 3954 pse
282 3857 444 3962 aegre,
474 3859 557 3919 nec
592 3855 684 3918 sme
719 3853 887 3959 magno
924 3813 1189 3957 praesidio
1176 3851 1225 3916 ιιι
1260 3844 1433 3929 castra,
1470 3807 1626 3908 nostris

172 3959 266 4059 vias
301 4003 455 4066 omnes
492 3958 818 4066 excursionibus
852 3955 1184 4119 infestantibus,
1202 3947 1524 4097 perferebatur.

246 4113 482 4208 XXXVII.
555 4107 665 4205 Ut
654 4105 792 4248 igitur
829 4103 972 4204 hostes
1009 4101 1135 4202 omni
1170 4139 1223 4199 ex
1259 4133 1380 4242 parte
1415 4135 1630 4199 commea
1666 4166 1669 4172 ·

177 4245 294 4351 tibus
324 4249 696 4412 prohiberentur,
745 4251 800 4350 ad
843 4247 1089 4349 delendam
1114 4284 1319 4363 manum,
1351 4281 1530 4486 1quam,
1584 4273 1635 4340 ut

178 4392 394 4535 praesidio
430 4405 537 4492 esset
577 4390 894 4509 commeatui,
932 4389 1224 4492 Marellanum
1266 4427 1350 4532 pro
1370 4423 1511 4486 ettam
1548 4421 1636 4484 esse

178 4537 478 4679 exploratores
507 4517 803 4662 nuntiabant,
842 4534 1009 4676 equites
1045 4535 1228 4638 trecenti
1266 4573 1372 4636 cum
1414 4529 1636 4634 Ftrnando

182 4694 425 4844 anzaga,
462 4716 639 4782 centum
676 4680 943 4822 cataphracti
978 4717 1081 4781 cum
1119 4679 1323 4781 Antonio
1358 4675 1576 4794 lxartino,
1597 4708 1641 4773 et

43 4835 46 4842 ’
187 4826 374 4965 Hispani
411 4823 685 4972 scloppetarii
720 4826 906 4928 sexcenti
939 4865 965 4924 a
998 4821 1244 4924 Philiberto
1282 4817 1423 4922 missi.
1453 4819 1520 4922 l-Ii
1556 4815 1643 4957 pri
1685 4841 1689 4850 ’

258 4970 369 5069 Tum.
390 4979 423 5072 I
702 5057 709 5074 .
840 5015 859 5028 ²
1144 4975 1247 5070 Mm
1577 4997 1651 5060 ma
