4326 5986
565 543 651 636 442
973 529 1057 610 DE
1101 526 1306 609 REBUS
1357 525 1581 610 GESTIS

529 735 572 804 et
596 735 708 838 quae
732 685 799 790 lris
825 681 923 790 usui
950 727 1077 806 sunt,
1099 683 1350 788 Caesariani
1375 726 1426 785 ex
1452 698 1638 786 Fossano
1658 681 1949 786 contulerant.

610 845 809 941 XXXV.
891 834 1117 934 Gutierrus
1156 868 1304 930 autem
1351 823 1636 971 profectionis
1674 839 1762 962 ejus
1801 867 1846 932 et
1887 871 1993 934 con-

536 985 618 1088 silii
660 977 795 1080 factus
839 1019 914 1121 per
965 979 1258 1118 exploratores
1300 975 1459 1076 certior
1502 975 1550 1074 in
1594 1011 1728 1075 castra
1770 977 1827 1074 ad
1875 985 1993 1074 Mar·
2137 1007 2138 1100 l

537 1129 744 1229 ebionem
765 1204 777 1244 ,
797 1161 845 1224 ut
877 1123 1106 1223 consilium
1137 1119 1515 1238 communicaret,
1543 1119 1691 1220 venit.
1723 1130 1779 1218 ln
1807 1158 1896 1258 qua
1929 1122 1999 1216 de·
2137 1109 2138 1200 l

540 1273 799 1374 liberatione
837 1265 1070 1390 Marchi0,
1107 1304 1157 1365 ut
1193 1268 1393 1406 ipsorum
1431 1262 1534 1364 alter
1562 1302 1665 1362 cum
1703 1263 1888 1363 dimidia
1924 1303 1998 1362 co-

541 1419 713 1560 piarum
753 1449 873 1555 parte
911 1399 1113 1512 Marcum
1150 1410 1399 1512 Antonium
1432 1408 1758 1547 insequeretur,
1788 1403 1999 1524 censebat,

541 1561 767 1662 Gutierrus
797 1559 1032 1657 exercitum
1060 1593 1286 1696 tantopere
1313 1553 1459 1654 minui
1495 1550 1613 1652 lraud
1650 1586 1798 1651 tutum
1824 1591 1910 1650 esse
1935 1561 1999 1681 ju-
2137 1557 2138 1578 *

543 1703 748 1818 dicabat,
780 1737 824 1800 et
861 1703 907 1800 in
943 1700 1154 1800 sententia
1222 1693 1916 1836 ermansitsMonchalcsiumque
1937 1734 1999 1794 re-

543 1889 709 1990 gressus
745 1842 1034 1982 Sclralengum
1072 1737 1377 1980 pradictum,
1410 1841 1489 1980 qui
1525 1841 1727 1940 locorum
1762 1876 1847 1938 erat
1879 1839 1998 1976 peri-

542 2027 641 2106 tus,
682 2027 784 2085 cum
819 1987 1021 2124 peditum
1052 1980 1225 2085 duobus
1256 1981 1479 2100 millibus,
1505 2019 1546 2082 et
1575 1981 1795 2124 equitibus
1819 2018 1996 2086 centum

543 2131 591 2240 in
628 2141 831 2230 Marcum
869 2128 1120 2229 Antonium
1156 2125 1374 2268 proficisci
1410 2125 1564 2258 jubet,
1598 2165 1641 2227 et
1678 2165 1780 2227 cum
1817 2125 1998 2267 oppida·
2137 2167 2138 2170 ‘

543 2275 609 2374 nis
644 2275 880 2392 Sanianum
917 2267 1178 2389 defendere,
1217 2269 1360 2372 hostes
1395 2311 1450 2370 ue
1485 2273 1644 2412 rapinis
1681 2308 1723 2370 et
1761 2269 1998 2410 populatio

464 2529 470 2540 ,
543 2417 670 2519 nibus
709 2414 975 2557 prohibere.
1024 2429 1093 2516 De
1129 2423 1252 2543 cujus
1321 2311 1561 2516 rolectione
1603 2413 1810 2514 Marclrio
1857 2415 1995 2514 litteris

544 2599 588 2661 et
633 2562 789 2661 nuntio
838 2559 1027 2660 Gutierri
1070 2559 1230 2658 certior
1272 2453 1446 2677 lictus,
1487 2559 1672 2662 consilio
1718 2558 1994 2698 improbato,
2137 2631 2138 2636 a

543 2704 632 2842 ipse
668 2738 843 2840 postero
880 2701 952 2814 die
989 2699 1343 2804 Monchalesium
1374 2704 1429 2802 ad
1465 2703 1717 2802 Gutietrum
1747 2699 1901 2811 venit,
1927 2740 1994 2799 eo·

545 2885 632 2984 que
670 2848 717 2946 in
753 2884 875 2945 suam
913 2847 1173 2945 sententiam
1210 2847 1403 2946 adducto
1439 2881 1662 2946 sexcentos
1696 2843 1800 2945 inde
1827 2855 1997 2944 Germa·

545 3028 653 3106 nos,
692 3024 735 3088 et
771 2987 1118 3129 quadringentos
1153 2989 1280 3088 Italos
1317 2987 1525 3108 abducit,
1564 3027 1755 3127 cumque
1791 2987 1859 3087 his
1896 3027 1997 3128 pro-

452 3239 454 3244 ,
544 3125 679 3232 fectus
720 3130 1012 3271 Sclralengum
1057 3132 1291 3232 certiorem
1339 3125 1482 3249 facit,
1523 3166 1572 3258 ut
1624 3133 1770 3269 primo
1822 3171 1998 3270 quoque

545 3309 747 3412 tempore
782 3274 936 3414 copiae
971 3283 1330 3414 conjungantur,
1368 3307 1411 3374 et
1444 3313 1508 3376 res
1553 3275 1786 3377 communi
1821 3274 1996 3376 consilio

544 3415 895 3518 administretur.

616 3568 839 3696 XXXVI.¹
906 3556 1167 3700 Scbalengus
1204 3561 1411 3701 postridie
1447 3601 1574 3664 manc
1610 3604 1655 3664 se
1690 3565 1745 3665 ad
1773 3561 2005 3704 Vigonum

546 3701 697 3802 vicum
733 3701 1000 3822 affuturum,
1038 3699 1191 3842 ibique
1227 3705 1373 3844 ipsum
1409 3742 1757 3846 exspectaturum
1792 3745 1898 3806 cum
1946 3747 2006 3806 re·-

546 3846 823 3984 spondisset,
859 3882 1008 3946 tamen
1050 3883 1226 3986 postero
1262 3849 1333 3948 die
1371 3850 1418 3950 in
1460 3853 1664 3950 eumdem
1713 3851 1862 3952 vicum
1901 3890 2009 3992 pto-

544 4027 709 4227 qressus
752 3991 805 4090 ad
849 3987 1155 4091 Marchionem
1202 3990 1382 4116 mittit,
1436 3995 1754 4135 certioremque
1803 3989 1915 4094 facit
1970 4035 2011 4094 se

567 4132 764 4274 ugientes
808 4129 952 4233 hostes
995 4169 1038 4232 et
1092 4136 1146 4234 de
1189 4136 1261 4236 via
1310 4132 1443 4237 fessos
1496 4137 1722 4240 insectari.
1774 4150 1883 4258 Quo
1941 4139 2014 4238 ille

463 4357 470 4369 .
545 4277 702 4376 nuntio
750 4314 930 4419 accepto
976 4273 1188 4377 militibus
1239 4319 1425 4420 corpora
1472 4321 1618 4383 curare
1669 4283 1790 4415 jussis
1840 4282 2010 4384 Villam

544 4425 777 4539 Francam,
814 4462 910 4560 quo
947 4420 1025 4522 iter
1059 4417 1203 4521 hostes
1241 4420 1401 4524 habere
1439 4424 1785 4544 nuntiabantur,
1820 4462 2008 4526 conten-

457 4701 459 4706 ι
544 4559 638 4668 dits
675 4600 777 4665 nam
815 4572 988 4665 Marcus
1026 4568 1281 4686 Antonius,
1325 4569 1452 4669 Faula
1501 4571 1676 4670 castello
1720 4605 2007 4710 expugnato,

540 4697 619 4800 ubi
655 4716 861 4807 Banetam
901 4705 1172 4847 praefectum
1210 4710 1357 4851 cepit,
1389 4749 1433 4814 et
1468 4711 1658 4814 Fabiano
1695 4715 1866 4816 castello
1899 4707 2004 4808 sru-

539 4880 621 4948 stta
658 4883 825 4950 tentato
870 4851 1145 4994 incensisque
1189 4852 1446 4960 suburbanis
1488 4855 1692 4960 aedificiis
1735 4859 1791 4959 ad
1834 4863 2005 4994 Augu·

1893 5031 2004 5102 fitam
