4294 5984
545 435 796 556 cauom
837 473 893 553 ιι.
935 476 1048 554 ιιι.
1101 475 1154 556 ιι.
1483 485 1564 573 341

240 643 308 736 111
386 631 701 732 Antonium
691 627 828 772 igitur
863 631 1079 750 Leivam,
1116 671 1219 732 cum
1253 629 1401 734 ualido
1447 636 1613 801 praesi

151 733 262 898 ιιιο,
292 776 474 915 Papiam
498 813 734 918 properare
762 770 916 907 jubet,
951 787 1221 877 Cremonam
1247 776 1492 878 Italicorum
1522 781 1614 882 mi-

152 925 284 1024 litum
328 921 384 1019 ad
431 920 511 1020 tria
553 919 692 1023 millia
734 954 776 1018 et
817 919 1084 1081 quingentos
1125 957 1228 1021 cum
1270 922 1495 1022 Francisco
1537 937 1614 1026 Sa-

153 1068 340 1167 lomone
382 1046 604 1206 aliisque
634 1060 960 1163 centurionibus
1026 1061 1204 1180 mittit,
1260 1063 1339 1202 qui
1395 1065 1615 1206 oppidum

148 1249 258 1310 cum
299 1208 461 1308 Maino
509 1209 702 1338 ejusdem
752 1203 975 1344 praefecto
1024 1139 1378 1326 custodirent,
1367 1246 1460 1347 rpse
1512 1251 1615 1314 cum

149 1351 332 1493 reliquis
368 1350 508 1489 copiis
550 1347 860 1448 Mediolanum
902 1351 1155 1453 contendit.
1201 1350 1466 1452 Almirallius
1506 1355 1617 1458 dum

151 1535 253 1596 suos
288 1493 493 1632 colligit,
527 1527 570 1592 et
606 1532 702 1611 eos,
740 1489 820 1631 qui
854 1490 1085 1592 intervallo
1121 1491 1431 1658 sequebantur,
1467 1500 1615 1640 operi

151 1674 258 1758 tur,
293 1636 357 1738 ici
393 1633 504 1736 bene
541 1637 755 1778 gerendae
792 1635 1070 1739 occasionem
1106 1636 1298 1744 amittit3
1334 1640 1482 1780 itaque
1518 1679 1615 1744 sero

149 1716 418 1882 Mediolano
447 1781 683 1880 exercitum
707 1777 942 1899 admovit,
979 1820 1029 1879 ac
1063 1783 1185 1910 juita
1208 1780 1360 1901 viam,
1397 1821 1511 1923 quae
1541 1788 1616 1886 du·

152 1924 216 2023 cit
250 1925 449 2026 Laudem
485 1929 775 2084 Pompejam,
813 1957 951 2060 prope
984 1921 1143 2022 urbem
1183 1860 1477 2090 oppugnandi
1517 1969 1612 2071 gra·-

154 2066 222 2166 tia
259 2079 395 2166 castra
416 2066 618 2224 posuit.
657 2066 737 2164 Sed
779 2061 1034 2165 Italicorum
1073 2104 1196 2166 novo
1231 2067 1485 2170 delectum
1524 2074 1614 2174 dies

151 2249 384 2352 augescere
416 2201 535 2308 intra
569 2205 725 2308 urbem
761 2202 966 2322 hostilem
1000 2246 1266 2326 numerum,
1295 2245 1337 2308 et
1366 2213 1615 2350 oppidano-

150 2391 260 2450 rum
289 2390 335 2450 rn
355 2351 629 2452 Franciscum
654 2344 862 2453 Sfortiam
888 2341 1257 2491 Caesarianosque
1281 2389 1493 2494 magnum
1527 2397 1614 2458 esse

151 2495 353 2595 studium
401 2525 534 2655 atque
574 2531 835 2594 consensum
882 2530 959 2633 pet
1004 2495 1293 2635 exploratores
1336 2496 1521 2598 certior
1541 2493 1614 2598 fa·-

151 2672 277 2755 ctus,
318 2636 487 2776 partitis
528 2637 668 2804 copiis
710 2635 912 2778 oppida,
957 2676 1069 2779 quae
1116 2635 1356 2740 infirmiore
1399 2639 1615 2780 praesidio

152 2716 448 2898 ruminantur,
484 2791 738 2922 oppugnare
768 2779 988 2881 decrevit.
1025 2792 1177 2922 ltaque
1208 2791 1358 2881 Petrus
1385 2785 1617 2917 Bajardus,

151 2924 230 3024 cui
266 2920 499 3064 negotium
534 2924 718 3044 datum,
755 2956 798 3023 et
830 2923 1030 3063 peditum
1065 2962 1169 3025 octo
1207 2923 1343 3043 millia
1386 2963 1490 3026 cum
1524 2924 1615 3027 bo-

153 3107 214 3168 na
255 3104 372 3230 parte
409 3068 624 3208 equitatus
661 3000 900 3186 atiributa,
937 3107 1039 3168 cum
1075 3068 1158 3169 alia
1194 3068 1358 3210 oppida
1397 3108 1423 3166 a
1458 3082 1616 3172 Caesa

152 3211 291 3311 rianis
328 3212 524 3332 deserta,
568 3245 666 3314 tum
707 3210 754 3314 in
795 3210 948 3374 primis
989 3213 1186 3316 Laudem
1226 3249 1270 3311 et
1311 3211 1616 3318 Alexandriam

154 3359 425 3516 occupavit,
444 3355 755 3514 impositisque
792 3354 1011 3499 praesidiis
1055 3355 1218 3457 flumen
1252 3353 1462 3457 Abduam
1494 3397 1615 3499 pon

151 3533 200 3597 te
253 3497 513 3605 commisitt
556 3506 831 3640 trajectisque
871 3538 1047 3641 copus,
1094 3536 1138 3601 et
1178 3503 1380 3632 adjuncta
1426 3537 1615 3662 quatuor

151 3641 351 3743 millium
385 3640 638 3741 Italicorum
674 3681 848 3762 manu,
890 3681 1027 3784 quam
1070 3645 1255 3747 Rentius
1290 3655 1450 3744 Certus
1484 3642 1615 3744 Ursi-

152 3823 242 3887 nus
289 3786 336 3887 in
378 3782 669 3925 Carpensibus
713 3720 1131 3930 Ferraiiensibusque
1172 3785 1330 3890 finibus
1371 3779 1617 3888 confectam

151 3925 377 4049 ducebat,
409 3941 678 4032 Cremonam
714 3932 940 4034 contendit
956 3932 1296 4070 ,obsessamque
1331 3966 1496 4091 magno
1532 3928 1618 4029 im-

152 4105 268 4212 petu
314 4109 573 4236 oppugnare
614 4077 902 4218 aggreditur,
953 4075 1186 4216 triduoque
1239 4073 1469 4174 tormentis
1515 4110 1621 4172 mu

151 4251 259 4319 turn
304 4217 548 4336 concussit,
585 4257 634 4317 ac
668 4219 813 4319 diruta
845 4217 963 4320 bona
1003 4253 1123 4357 parte
1171 4215 1342 4318 aditum
1378 4215 1477 4316 ad
1466 4252 1623 4317 rtrum-r

152 4357 359 4498 pendum
394 4351 594 4494 aperuit,
637 4362 711 4460 sed
747 4399 911 4503 magna
946 4395 1203 4524 tempestate
1239 4394 1416 4524 repente
1451 4363 1622 4480 eriorta,

155 4535 205 4600 et
256 4498 415 4640 pluviis
460 4502 766 4625 continuatis,
817 4542 1096 4665 oppugnatro
1146 4505 1424 4667 irruptioque
1478 4503 1628 4605 Gallo-

154 4681 266 4744 rum
307 4642 519 4785 impedita
564 4678 659 4760 est,
709 4682 752 4742 et
794 4685 984 4785 spanum
1028 4649 1292 4748 Caesarianis
1336 4649 1482 4746 diruta
1525 4643 1630 4748 reli«

151 4786 338 4916 ciendi,
368 4824 412 4888 et
448 4826 490 4887 se
526 4783 655 4887 novis
692 4785 1016 4887 munitionibus
1053 4787 1233 4932 tegendi
1269 4789 1451 4910 datum,
1488 4789 1630 4892 simul-

1541 4970 1628 5074 que
