4292 5984
629 421 1133 504 sUMMARIUM.
1505 432 1598 504 XXI.

141 552 260 640 clanis
285 547 456 664 Caietam
486 547 658 666 procedit
690 611 702 656 ,
733 554 858 633 Lano-
910 547 949 633 in
974 547 1145 634 custodia
1173 541 1393 664 strangulari
1415 548 1540 664 jubet.

978 664 1414 768 0

185 910 334 1010 XLVI.
383 904 547 1020 Ianojus
575 903 702 1019 copias
724 901 763 988 in
778 907 862 988 Fra·
915 925 1135 990 enarratur.
1395 845 1409 892 '
1498 819 1526 907 g

143 1051 318 1146 guonem
347 1048 388 1110 et
411 1022 611 1110 munitiora
628 1020 775 1109 castella
791 1021 861 1108 dis·
979 1024 1075 1106 LIII.
1137 1019 1298 1106 Carolus
1328 1023 1477 1111 veniam
1494 1056 1518 1110 a
1536 1032 1636 1115 Pon·

142 1146 589 1351 extracta
918 1135 1439 1254 m
1471 1145 1636 1378 nr

194 1383 350 1467 XLVII.
399 1378 574 1466 Clemens
604 1376 776 1464 Pontifex
807 1377 862 1461 in·
919 1401 1067 1460 morem
1098 1373 1284 1488 majorum
1305 1401 1344 1462 et
1376 1376 1475 1496 leges
1503 1381 1633 1466 Ponti-

146 1498 276 1586 ducias
298 1525 450 1586 senon
495 1497 653 1586 violasse
706 1495 746 1579 in
783 1490 861 1578 fini·
919 1488 1017 1576 ficias
1053 1491 1201 1577 editae.
1244 1495 1467 1608 Ronquillm
1512 1499 1634 1617 Magi-
1669 1525 1677 1550 ·

146 1619 222 1704 bus
280 1613 593 1704 Columnensium
644 1610 864 1702 invadendis
919 1631 1038 1694 stratu
1059 1637 1136 1696 sese
1159 1610 1334 1696 abdicare
1359 1615 1533 1732 cogitur,
1563 1646 1634 1702 nec

147 1737 370 1826 contendit.
402 1740 535 1822 Novas
560 1755 651 1820 octo
680 1728 865 1817 mensitnn
921 1749 1009 1811 ante
1048 1756 1191 1812 annum
1224 1729 1389 1846 elapsam
1419 1732 1633 1846 hujusmodi

149 1850 318 1940 inducias
349 1883 438 1940 cum
469 1851 616 1964 Lanojo
641 1851 848 1965 paciscitur.
922 1844 1073 1932 veniam
1097 1845 1265 1934 obtinet.

162 2035 180 2064 -.
200 1974 372 2060 XLVIII.
419 1971 631 2058 Franciscus
666 1967 867 2054 Gallorum

148 2091 233 2176 Rex
281 2095 502 2177 Vasconum
554 2107 720 2204 quatuor
758 2085 868 2172 millia
1165 2094 1267 2186 LIB.
1305 2094 1402 2188 VII.
1444 2185 1448 2192 .

148 2208 383 2295 Salutiarum
408 2203 623 2292 Marchioni
647 2202 685 2288 in
706 2203 870 2290 Galliam

148 2325 383 2440 Cisalpinam
452 2323 678 2409 deducenda
733 2323 868 2409 tradit.
981 2331 1010 2412 1.
1057 2283 1252 2445 MAgno
1287 2325 1381 2413 odio
1421 2349 1460 2414 et
1498 2330 1551 2415 ira
1593 2332 1635 2416 in

148 2443 346 2560 Georgius
405 2442 712 2558 Frondespergus
772 2440 871 2553 iussu
923 2440 1159 2530 Clementem
1187 2441 1408 2531 Pontificem
1437 2444 1568 2533 milites
1583 2449 1634 2537 ad

151 2557 323 2646 Caesaris
354 2565 636 2647 Germanorum
662 2557 873 2645 auxiliarem
924 2561 1189 2647 Mediolanum
1247 2562 1525 2650 exardescentes
1577 2566 1637 2652 in.

156 2705 316 2766 manum
345 2677 609 2763 Mediolmum
637 2677 765 2762 ducit.
783 2683 874 2762 Dux
924 2703 1038 2765 eunte
1062 2708 1152 2767 vere
1176 2675 1278 2764 Anni
1305 2712 1492 2764 mnxxvn.
1519 2710 1564 2768 ex
1594 2713 1637 2769 a-.

154 2793 320 2880 Urbinas
396 2818 434 2880 ct
490 2797 656 2908 Joannes
705 2794 873 2882 Medices
968 2826 996 2882 o
1031 2795 1306 2883 Mediolanensi
1343 2801 1509 2884 Romam
1546 2830 1636 2916 pro·¹

153 2911 368 3006 Mediolani
404 2912 643 2999 obsidionem
671 2911 872 3000 oninamt.
923 2825 1156 3000 liiscmmr.
1181 2914 1314 3028 Ianoji
1329 2913 1490 3022 litterae,
1515 2945 1564 3003 ne
1578 2918 1635 3004 ul·

205 3031 342 3118 xllx
394 3031 564 3143 Joannes
592 3030 762 3116 Medicas
793 3061 875 3146 par·
923 3032 1035 3117 terius
1065 3033 1197 3118 urbem
1228 3059 1354 3120 versus
1390 3035 1638 3151 progredian.

156 3175 213 3232 vo
241 3149 382 3263 praelio
416 3175 505 3234 cum
542 3147 740 3240 Germarxis
777 3177 877 3236 com
924 3171 1009 3236 tur.
1633 3217 1635 3225 .

155 3264 269 3353 mino
294 3266 474 3382 scloppcti
501 3265 579 3354 telo
610 3296 719 3354 crure
749 3267 877 3356 vulne·
1000 3271 1046 3352 II.
1122 3267 1267 3356 Litteris
1307 3265 1463 3356 recitatis
1503 3269 1633 3362 milites

156 3407 261 3470 ratus
300 3384 505 3474 occiditur.
535 3386 693 3472 Carolus
738 3387 875 3473 Caesar
923 3383 1127 3474 clamorem
1175 3412 1214 3474 et
1260 3386 1464 3474 nnnultum
1509 3392 1643 3487 conci-¹

153 3529 382 3622 peranguste
414 3501 645 3619 stipendium
678 3503 871 3590 submittit.
923 3527 1008 3590 cant
1026 3529 1092 3611 ‚et
1112 3505 1344 3594 conditiones
1373 3505 1543 3592 Pontifici
1569 3511 1634 3594 da.

235 3626 281 3707 L.
355 3621 515 3707 Carolus
565 3620 665 3707 idem
716 3649 873 3708 uxorem
923 3649 991 3727 re,
1013 3653 1093 3710 non
1126 3623 1176 3710 ab
1202 3653 1250 3709 eo
1289 3624 1453 3738 accipere
1484 3653 1631 3738 praesu·

154 3736 261 3824 ducit
289 3739 481 3825 Isabellam
528 3736 741 3826 Emanuelis
781 3744 872 3827 Por·
923 3751 1058 3828 inunt.
1090 3746 1242 3830 Ducum
1276 3745 1326 3829 ab
1354 3742 1516 3827 exercitu
1557 3742 1628 3829 dis-

155 3856 332 3973 tugalliae
376 3856 487 3974 Regis
519 3854 651 3942 filiam.
698 3859 872 3947 Auctoris
921 3886 1058 3947 cessus.
1085 3860 1297 3946 Borbonius
1323 3887 1440 3963 uoun,
1470 3858 1632 3948 militum·

155 3973 206 4059 de
244 3975 380 4110 nuptiis
420 3999 459 4060 et
498 3998 621 4063 aetate
655 3999 871 4092 opportuna
915 3977 1107 4065 uoluntati
1136 4005 1281 4062 morem
1311 4003 1439 4093 gerere
1468 4004 1507 4062 se
1529 3977 1627 4067 velle

158 4090 348 4205 episodta.
921 4092 1122 4198 dmtdans,
1149 4122 1214 4207 per
1256 4091 1358 4181 viam
1412 4093 1627 4182 Flaminiam

223 4213 286 4295 LI.
343 4213 572 4299 Rodericum
626 4213 871 4330 Ronquillum
922 4215 1086 4296 Romam
1111 4211 1331 4298 contendit.
1623 4285 1628 4296 ,

156 4328 299 4413 Caesar
334 4332 560 4445 Symanclras
605 4331 761 4435 minu,
803 4333 869 4446 qui
997 4331 1057 4412 III.
1135 4327 1295 4414 Medula
1328 4358 1376 4414 ex
1404 4327 1533 4414 itinere
1564 4358 1625 4419 ex·

159 4446 259 4532 necis
307 4449 358 4534 ab
405 4448 596 4564 Episcopo
655 4451 870 4536 Zamorano
923 4445 1114 4563 pugnatur
1150 4471 1190 4532 et
1220 4445 1464 4550 incenditur3
1508 4476 1626 4562 quam

156 4587 325 4678 patratae
352 4596 501 4654 causam
529 4590 758 4684 cognoscat.
806 4565 869 4654 Ille
919 4587 1081 4682 stragem
1118 4562 1305 4652 Florentia
1342 4565 1436 4653 vitat
1489 4567 1628 4682 Foedef

156 4682 387 4799 Episcopum
429 4683 550 4770 caedis
587 4685 805 4772 convictum
830 4709 869 4774 et
918 4707 1089 4772 satorum
1110 4684 1271 4768 exercitu
1293 4682 1342 4768 ab
1372 4680 1504 4771 Urbini
1517 4687 1627 4771 Duce

157 4797 369 4890 consessum
409 4825 533 4890 morte
557 4802 810 4912 condemnat,
829 4827 869 4892 et
918 4801 1073 4888 ineam
1094 4799 1272 4888 inducto.

1551 4919 1626 5001 Ro
