4294 5972
542 435 630 558 366
938 449 1021 538 uu
1068 451 1270 535 nunus
1295 431 1538 536 ‘uestis

496 623 648 767 ligneo
674 609 907 761 ponticulo
935 613 1230 758 jungebatur.
1269 625 1419 756 Itaque
1452 657 1477 715 a
1506 605 1804 755 septentrione
1829 605 1955 722 dum⁴

497 804 643 885 taxat,
678 803 760 866 nec
796 799 962 902 magno
1000 760 1111 864 inter
1144 759 1349 901 paludem
1386 793 1429 860 et
1456 798 1577 864 mare
1600 759 1833 890 interjecto
1856 799 1952 900 spa-

498 907 612 1028 tio,
625 903 894 1048 pedestribus
931 903 1072 1045 copiis
1109 940 1172 1004 est
1210 944 1434 1023 accessus,
1471 942 1560 1044 qua
1595 938 1717 1045 parte
1752 903 1954 1008 nonnihil

361 1158 364 1166 ,
499 1055 630 1154 etiarn
666 1051 893 1191 tegebatur
929 1085 1092 1166 muro,
1124 1086 1259 1189 quern
1283 1045 1558 1150 Charadinus
1590 1046 1820 1149 aedificare
1853 1089 1958 1150 coe-

500 1232 621 1342 perat
657 1191 715 1293 ab
757 1193 922 1334 angulo
954 1193 1147 1292 ¹Goletac
1188 1192 1305 1294 circa
1346 1229 1467 1293 mare
1509 1193 1559 1293 in
1614 1192 1958 1332 septentrionem

502 1341 775 1481 aliquatenus
812 1337 1028 1454 ductum,
1061 1335 1225 1439 deinde
1260 1337 1310 1438 in
1352 1375 1556 1440 occasum
1589 1335 1838 1442 brumalem
1879 1339 1958 1438 de*

503 1484 697 1605 flexum,
718 1481 772 1584 ad
809 1477 942 1581 breve
979 1516 1128 1584 tamen
1165 1480 1380 1623 spatium.

573 1634 745 1728 XXIX.
819 1635 954 1726 Hunc
980 1627 1129 1726 locum
1165 1621 1435 1728 Charadinus
1461 1619 1590 1728 novis
1616 1657 1835 1765 praeterea
1867 1664 1960 1728 mu·

503 1769 748 1872 nitionibus
784 1765 956 1869 firmare
994 1766 1230 1910 pergebat,
1258 1768 1466 1911 utrinque
1491 1810 1518 1869 a
1548 1804 1660 1871 terra
1697 1769 1858 1870 vallum
1888 1769 1960 1872 fir-

505 1915 754 2016 missimum
790 1945 832 2009 et
866 1911 1124 2014 latissimum
1160 1953 1219 2012 eux
1249 1912 1406 2032 malis,
1440 1912 1692 2053 remisque,
1729 1947 1772 2014 et
1805 1913 1958 2016 ceteris

505 2053 788 2156 armamentis
824 2053 1004 2156 navium
1041 2093 1300 2196 opponenst
1339 2053 1536 2160 hincab
1572 2054 1783 2157 inchoato
1806 2095 1960 2178 muro,

402 2281 403 2286 t
505 2198 626 2299 illinc
662 2195 854 2337 abipso
891 2200 1004 2298 mari
1038 2199 1086 2299 in
1123 2199 1328 2337 paludem
1365 2198 1690 2302 munitionibus
1723 2199 1959 2340 perductis,

506 2378 556 2442 ut
592 2341 696 2442 areis
741 2340 992 2479 interceptis
1035 2341 1154 2441 locus
1197 2343 1444 2443 redderetur
1491 2341 1686 2442 militum
1731 2343 1957 2481 capacior3

505 2485 554 2587 in
595 2481 757 2624 quibus
809 2482 927 2582 vallis
974 2517 1018 2581 et
1059 2482 1241 2585 Goletae
1291 2484 1486 2626 partibus
1538 2483 1835 2624 superioribus
1877 2481 1958 2584 fre·

505 2627 689 2767 quentia
731 2658 950 2724 tormenta
991 2625 1207 2764 disposuit
1242 2701 1257 2746 ,
1296 2628 1344 2728 in
1379 2627 1547 2766 Euripo
1582 2662 1784 2729 rostratas
1831 2665 1958 2728 naves

506 2769 823 2884 collocaverat,
862 2766 991 2868 remis
1028 2769 1211 2869 ademtis
1249 2805 1426 2910 propter
1462 2769 1710 2911 angustiam
1746 2770 1868 2887 loci,
1901 2770 1961 2870 sic

506 2909 734 3011 tormentis
774 2948 852 3051 per
892 2909 1080 3051 singulas
1126 2909 1331 3012 nonnihil
1374 2948 1582 3014 exstantes
1626 2949 1756 3054 supra
1803 2949 1961 3012 terram

508 3088 552 3154 et
586 3052 738 3192 Euripi
775 3055 888 3193 ripas
925 3054 1117 3192 aptatis,
1158 3091 1208 3155 ut
1245 3089 1341 3158 tum
1376 3056 1424 3158 in
1459 3095 1615 3173 mare,
1653 3091 1750 3156 turn
1786 3055 1834 3155 in
1877 3091 1961 3155 ter·

509 3232 645 3314 ram,
681 3231 813 3333 prout
852 3193 988 3294 hostis
1032 3196 1293 3336 ingruisset,
1337 3193 1463 3298 facile
1504 3199 1709 3298 converti
1754 3231 1954 3337 possent.

509 3343 660 3477 Atque
696 3337 800 3437 baec
842 3339 1026 3479 quidem
1067 3338 1187 3480 apud
1231 3338 1533 3444 Charadinum
1568 3375 1609 3444 et
1652 3337 1795 3444 hostes
1837 3379 1964 3483 gere-

513 3482 704 3583 bantur.
1795 3499 1844 3540 '·

583 3632 735 3724 XXX.
811 3625 993 3727 Carolus
1028 3623 1235 3766 expositis
1272 3627 1396 3769 equis
1431 3625 1545 3728 levia
1581 3625 1742 3769 praelia
1778 3625 1969 3728 nonnul-

515 3765 556 3865 la
592 3762 696 3867 fecit
731 3768 1057 3870 continentibus
1094 3767 1277 3889 diebus,
1316 3799 1409 3871 non
1444 3770 1663 3911 equestria
1699 3767 1872 3898 solum,
1893 3771 1972 3872 sed

515 3907 649 4009 eriam
685 3911 849 4049 equites
886 3909 1250 4052 subsequentibus
1286 3911 1621 4044 jaculatoribus.
1667 3925 1794 4036 Quae
1829 3950 1971 4014 certa-

513 4050 636 4152 mina
672 4047 761 4151 fere
790 4057 943 4156 omnia
978 4094 1123 4197 perse
1160 4055 1316 4159 obibat
1341 4057 1566 4198 intrepido
1602 4058 1789 4180 anime,
1822 4053 1973 4158 hostes

515 4192 807 4298 submovendi
843 4198 1011 4340 gratia,
1051 4199 1131 4340 qui
1167 4241 1210 4301 se
1240 4199 1393 4302 crebro
1430 4203 1486 4303 ad
1512 4201 1768 4305 territandos
1798 4234 1973 4301 nostros

516 4337 830 4461 ostendebant,
866 4343 1105 4482 praemissis
1141 4343 1405 4486 equitibus,
1442 4384 1639 4486 quorum
1673 4345 1737 4445 illi
1779 4383 1967 4444 numero

516 4480 663 4580 multis
698 4482 893 4620 partibus
929 4487 1171 4625 superiores
1207 4525 1356 4591 etant.
1394 4491 1531 4630 Equis
1569 4489 1703 4590 etiarn
1738 4485 1967 4588 utebantur

517 4625 730 4760 expeditis
766 4661 810 4726 et
845 4628 1155 4751 velocissimis,
1192 4669 1385 4772 quorum
1421 4631 1675 4776 pernicitate
1719 4623 1821 4730 freti
1856 4667 1970 4769 quo-

518 4766 628 4871 tidie
662 4763 748 4872 fere
789 4773 935 4880 castris
979 4775 1137 4881 nostris
1173 4774 1525 4926 obequitabant,
1550 4817 1646 4886 non
1679 4773 1771 4880 sine
1806 4811 1973 4916 magno

1895 4955 1977 5056 PC.
