4368 5984
675 379 795 466 Vl'l'h
824 379 892 466 ET
915 391 1127 470 SCRiPTA.
1500 397 1606 472 LXV.

186 505 277 596 bare
300 505 412 594 nobis
439 527 495 594 est
519 503 673 612 visum,
699 532 780 624 quo
812 505 888 616 ejus
918 506 1108 592 doctrinae
1135 531 1288 623 gustum
1315 505 1477 624 aliquem
1510 511 1625 600 lecto·

188 629 285 714 ribus
300 625 562 741 praeberemus
579 623 790 740 ,smulque
810 623 1097 740 Sepulvedama
1122 651 1236 731 nora,
1251 653 1368 740 quam
1388 628 1532 714 nomini
1547 630 1626 742 ejus

184 744 356 860 plerique
387 771 521 858 pamm
551 769 674 856 aeque
698 743 890 848 inussere,
913 741 1177 848 liberaremus,
1204 743 1297 832 dum
1325 773 1413 830 eum
1430 771 1627 862 tamquam

183 862 389 977 pessimum
418 888 463 946 ac
495 859 770 976 sanguinarium
786 857 1030 976 Theologum
1057 861 1237 975 impetere
1270 891 1350 947 non
1374 864 1624 974 dubitarunt,

185 1009 277 1065 cum
300 976 427 1093 potius
463 1005 650 1062 stunmam
678 976 718 1063 in
749 979 825 1065 hoc
853 1005 969 1092 opere
1001 978 1211 1064 doctrinam
1236 981 1407 1066 esanctis
1434 984 1628 1091 Patribus,

187 1095 367 1184 Conciliis
395 1118 510 1211 atque
538 1123 584 1180 ex
614 1098 721 1182 omni
751 1097 973 1211 antiquitate
999 1096 1180 1211 petitam,
1200 1097 1309 1182 simul
1334 1101 1495 1186 auctoris
1518 1103 1628 1216 pieta·

189 1239 269 1300 tem
293 1213 496 1299 christiano
534 1211 689 1299 homine
716 1213 869 1330 dignam
904 1213 1036 1327 passim
1078 1213 1185 1300 liceat
1230 1214 1415 1301 admirari.
1452 1234 1465 1273 ¹
1514 1220 1628 1306 Varia

187 1332 249 1418 hic
271 1330 505 1447 Sepulvedae
519 1327 661 1416 libellus
685 1357 857 1446 expertus
884 1354 940 1416 est
954 1325 1032 1416 fata
1056 1332 1169 1416 etiam
1197 1332 1301 1445 apud
1326 1357 1509 1421 nostrates
1524 1397 1537 1440 ,
1552 1362 1625 1422 sta·

187 1448 257 1536 tim
294 1477 339 1534 ac
375 1447 527 1562 exejus
557 1448 728 1535 manibus
758 1447 936 1535 evolavit.
979 1445 1052 1534 Sed
1078 1449 1126 1534 de
1153 1448 1210 1534 his
1246 1445 1395 1536 inferius
1426 1453 1496 1538 erit
1516 1455 1627 1542 disse.

188 1567 297 1655 rendi
323 1566 442 1652 locus.
476 1569 593 1651 Nunc
620 1567 670 1651 ad
695 1565 835 1681 reliqua
863 1594 1076 1682 pergamus.

278 1686 402 1769 Anno
424 1691 532 1792 1548
552 1681 721 1768 Parisiis²
742 1683 865 1770 excusi
879 1707 967 1770 sunt
989 1683 1092 1799 apud
1106 1685 1366 1772 Vascosanum
1378 1686 1585 1776 Aristotelis
1604 1707 1625 1767 s

189 1804 237 1887 de
253 1803 457 1911 Republica
471 1803 565 1886 libri
573 1801 617 1886 V
610 1800 680 1887 iii.
694 1809 898 1912 interprete
912 1817 950 1884 et
964 1817 1181 1886 enarratori
1194 1800 1259 1917 Jo.
1276 1803 1434 1890 Genesis
1448 1806 1626 1916 Sepulve·

188 1925 239 2004 da
254 1919 508 2024 Cordubensi,
530 1917 597 2034 qui
620 1916 658 2002 in
686 1916 915 2034 praefatione
941 1920 991 2006 ad
1009 1918 1217 2034 Philippum
1242 1921 1507 2036 Hispaniarum
1524 1925 1624 2012 Prin·

185 2037 308 2152 eipem
331 2037 515 2123 rationem
545 2034 668 2122 reddit
694 2065 781 2123 suae
805 2036 1127 2150 interpretationis.
1157 2035 1260 2123 Cum
1286 2038 1385 2126 enim
1412 2067 1491 2128 tam
1520 2069 1624 2157 prae·

187 2155 334 2243 clarum
362 2184 460 2269 opus
488 2157 660 2242 versione
692 2153 834 2263 latina,
863 2183 963 2268 quae
994 2154 1149 2269 quidem
1175 2154 1359 2242 nominari
1392 2185 1625 2268 mereretur,
1657 2199 1666 2212 ··

188 2273 241 2357 ad
268 2301 358 2355 eum
382 2300 501 2390 usque
524 2272 622 2358 diem
638 2273 821 2377 caruerit,
840 2270 1022 2386 multique
1037 2300 1118 2357 non
1143 2273 1220 2357 sine
1246 2303 1385 2390 magna
1398 2304 1509 2361 causa
1525 2305 1628 2362 com·

191 2389 404 2474 modiorem
430 2388 540 2473 aliam
564 2389 814 2477 desiderarent
842 2447 858 2494 ,
895 2414 1053 2475 conatus
1077 2412 1133 2474 est
1160 2415 1323 2496 noster,
1353 2392 1475 2506 siquid
1506 2396 1628 2508 aptius

188 2505 265 2590 hac
292 2507 331 2590 in
364 2530 466 2620 parte
499 2536 566 2591 sua
592 2534 682 2591 cura
709 2532 747 2593 et
777 2535 893 2620 opera
920 2530 1044 2621 posset
1075 2501 1257 2612 efficere,
1289 2511 1397 2624 quod
1427 2509 1476 2596 ad
1507 2511 1627 2625 publi·

187 2651 273 2707 cam
302 2623 557 2712 studiosorum
579 2623 773 2710 utilitatem
803 2624 1031 2736 pertinerem
1051 2622 1167 2738 idque
1192 2623 1316 2710 multis
1341 2625 1426 2712 viris
1447 2629 1625 2743 gravibus

188 2766 228 2826 et
253 2739 512 2854 philosophiae
532 2741 702 2828 studiosis
722 2739 1006 2828 cohortantibus
1036 2765 1189 2856 propter
1214 2772 1398 2828 summam
1416 2803 1428 2848 ,
1443 2746 1623 2860 quamde

187 2857 423 2970 Sepulvedae
453 2859 580 2946 studiis
609 2883 888 2972 conceperant,
921 2858 1139 2972 opinionem
1167 2887 1213 2945 ex
1243 2860 1430 2946 nonnullis
1460 2862 1626 2973 ejusdem

190 2973 406 3090 philosophi
429 2975 554 3082 libris,
583 3005 681 3090 quos
711 2977 906 3062 bononiae
937 2980 1161 3092 Romaeque
1190 2975 1370 3064 latinitate
1394 2977 1558 3070 donatos
1586 2982 1625 3066 in

189 3091 314 3178 lucem
345 3091 527 3178 emiserat.
559 3097 689 3208 ltaque
716 3117 845 3179 nactus
868 3091 1072 3209 aliquando
1098 3091 1283 3178 nonnihil
1297 3092 1496 3184 laxamenti
1513 3128 1537 3182 a
1552 3123 1630 3184 stu·

192 3209 260 3295 diis
282 3209 514 3326 gravioribus
540 3239 584 3294 ac
615 3209 818 3297 necessariis
849 3210 1157 3326 occupationibus
1184 3210 1389 3298 Aristotelis
1425 3215 1475 3300 de
1501 3221 1627 3330 Repu·

191 3325 287 3412 blica
309 3326 421 3412 libros
446 3323 708 3436 uonsohime
736 3353 871 3444 graeco
898 3327 937 3413 in
967 3327 1123 3414 latinum
1152 3356 1364 3416 sermonem
1386 3354 1556 3418 veterum
1586 3358 1626 3420 et

190 3445 458 3560 castigatorum
487 3443 750 3560 exemplarium
778 3443 892 3531 fidem
913 3469 1059 3532 secutus
1084 3447 1538 3552 convertit,sedeon1ns
1566 3449 1630 3534 im·

191 3561 418 3674 peditissima
446 3590 622 3678 quaeque
645 3561 726 3648 loca
751 3561 925 3649 brevibus
940 3563 1083 3650 scholiis
1097 3563 1327 3677 expedienda
1347 3567 1630 3680 enarrandaque

190 3679 347 3765 curavit.
366 3684 410 3764 In
425 3706 473 3764 eo
487 3678 697 3796 Sepulveda
712 3679 750 3766 id
766 3678 832 3766 sibi
847 3678 988 3766 consilii
1001 3679 1234 3795 propositum
1251 3679 1357 3767 fuisse
1377 3683 1454 3787 ait,
1479 3711 1560 3768 non
1583 3707 1628 3769 ut

190 3796 390 3882 sententias
417 3794 538 3882 solum
565 3824 670 3882 more
687 3797 916 3912 paraphrasis
933 3797 1180 3913 exprimeret,
1216 3797 1281 3884 sed
1307 3822 1353 3884 ιιι
1373 3801 1488 3886 verba
1502 3799 1629 3906 edun,

191 3938 380 4026 quantum
411 3913 506 4000 ratio
546 3912 648 3998 latini
673 3913 851 4000 sermonis
878 3908 1017 4023 ferret,
1041 3939 1268 4002 sectaretsus
1298 3913 1337 3996 in
1368 3943 1449 4028 quo
1478 3915 1636 4002 Cicero·'

190 4057 282 4116 nem
315 4055 369 4118 est
393 4028 584 4138 imitatus,
611 4030 679 4148 qui
710 4031 848 4148 puerile
872 4031 1084 4138 existimat,
1106 4060 1198 4145 res,
1226 4028 1275 4114 de
1304 4029 1441 4145 quibus
1468 4033 1633 4148 philoso-

1566 4151 1637 4262 phi

235 4283 250 4321 r
291 4263 429 4322 Meminit
447 4263 529 4340 hujus
549 4265 658 4344 dialogi
672 4305 683 4338 ,
697 4264 812 4340 ejusque
831 4263 993 4323 doctrinam
1013 4262 1154 4321 acerrime
1172 4274 1283 4320 tutatus
1302 4278 1346 4322 est
1368 4276 1469 4322 auctor
1500 4266 1636 4338 plurimis

192 4344 224 4400 in
247 4345 317 4401 loeis
335 4361 451 4402 suorum
466 4361 609 4418 operum,
635 4361 707 4416 quae
729 4361 937 4418 supervacuum
952 4355 1027 4402 esset
1043 4343 1092 4402 hic
1105 4343 1304 4402 transcribere.
1326 4345 1435 4420 Aliqua
1455 4355 1555 4402 tamen
1577 4345 1635 4401 in-

191 4423 373 4496 dicabimus,
395 4441 461 4480 cum
474 4425 510 4481 de
523 4425 589 4482 libri
610 4419 682 4482 fatis
695 4423 875 4481 disseremus.

233 4521 251 4560 a
294 4503 331 4558 ln
345 4503 489 4578 privilegii
499 4504 644 4562 sententia
657 4499 750 4561 affixa
762 4503 873 4578 primae
886 4504 1017 4580 pagellae
1029 4503 1103 4578 parti
1117 4519 1237 4563 aversae
1255 4503 1481 4580 legiturDatrrrrr
1500 4503 1639 4568 maiar

195 4581 275 4640 111.
288 4579 363 4640 irat.
379 4581 572 4657 Mort.1548.
1085 4645 1086 4648 Ἴ

234 4679 252 4736 3
295 4651 603 4736 Libr.vl11.deitep.
625 4663 783 4738 interprete
797 4659 960 4737 Sepulveda
981 4663 1052 4722 editi
1067 4675 1135 4721 sunt
1147 4663 1236 4721 ctiam
1250 4660 1393 4722 Coloniae
1407 4661 1586 4738 Agrippinae
1602 4664 1635 4721 in

192 4736 315 4800 officina
328 4739 526 4798 Birckmanica
539 4759 586 4800 an.
602 4743 740 4817 ιόοι.4.ο
754 4741 873 4817 adjectis
886 4743 993 4800 Kirirci
1007 4742 1128 4801 Stroaac
1140 4743 1176 4801 de
1185 4743 1259 4817 Rep.
1275 4743 1356 4800 libris
1366 4742 1632 4814 duobus,videlieet

199 4821 252 4878 lX.
267 4834 298 4877 et
312 4819 350 4877 X.
366 4818 478 4878 Graece
492 4821 683 4896 conscriptis,
698 4835 728 4878 et
750 4821 787 4880 ab
806 4821 907 4879 eodem
935 4820 1038 4879 Strora
1058 4821 1201 4880 latinitati
1223 4823 1347 4880 donatis.
1372 4821 1501 4880 Demurn
1520 4821 1640 4880 Metriti

199 4896 314 4972 (haece
335 4912 367 4961 et
380 4900 488 4964 Latius
506 4901 581 4982 apud
597 4901 702 4982 Joaolx.
716 4901 846 4962 iberiam
860 4901 1075 4980 typographum
1087 4901 1353 4978 elegantissimum,
1363 4917 1411 4962 aa.
1422 4914 1507 4983 1775.
1520 4899 1573 4962 iul.
1587 4921 1593 4930 ·
