4294 5972
595 443 833 528 cauom
875 443 929 526 v.
969 445 1088 525 ura.
1141 449 1218 525 rx.
1297 381 1303 396 ⁸
1508 457 1593 552 293

174 597 388 706 Pontifice
429 597 529 741 ipso
571 597 645 698 die
687 598 823 699 natali
866 638 982 715 suu,
1030 599 1110 737 qui
1155 594 1286 702 festus
1332 597 1481 744 agitur
1530 603 1641 710 Divi

174 746 421 866 Matthiae,
457 745 507 846 id
543 778 605 842 est
640 744 696 842 ad
731 777 899 843 sextum
946 742 1179 842 Kalendas'
1200 747 1383 848 Martias
1403 747 1642 893 insequen-

172 893 228 992 tis
266 891 415 1008 anni,
457 885 540 1029 qui
589 882 673 986 fuit
731 885 897 988 Christi
946 886 1203 987 millesimus
1260 889 1643 1032 quingentesimus

125 1077 135 1087 ’
172 1033 448 1177 trigesimus,
485 1031 540 1130 ad
575 1027 729 1131 fanum
780 1030 889 1130 Divi
938 1030 1132 1133 Petronii
1177 1031 1227 1134 in
1275 1073 1439 1176 magna
1473 1037 1645 1142 Princi-

174 1219 287 1320 pum
322 1188 684 1320 Legatorumque
719 1166 967 1313 frequentia
1003 1213 1255 1317 magnaque
1290 1178 1588 1281 caerimonia.

237 1333 327 1423 ιΧΙ.
404 1317 554 1422 Rebus
595 1317 752 1417 Italicis
796 1319 1043 1419 constitutis
1099 1321 1321 1442 Carolus,
1371 1359 1417 1425 et
1464 1323 1647 1465 publica

175 1466 529 1566 Christianorum
566 1501 674 1604 pace
712 1459 913 1581 firmata,
967 1502 992 1561 a
1034 1461 1265 1566 Clemente
1302 1465 1515 1571 Pontifice
1555 1481 1648 1570 Bo-

176 1609 404 1751 noniaque
447 1643 549 1749 post
599 1608 697 1708 Idus
747 1605 925 1706 Martias
969 1606 1194 1711 discedens
1250 1609 1299 1709 in
1356 1613 1646 1717 Germaniam

176 1755 439 1872 contendit,
475 1788 526 1853 ut
562 1759 652 1884 ejus
690 1785 852 1850 tractus
889 1789 990 1849 suae
1026 1749 1132 1852 fidei
1167 1754 1508 1858 commissorum
1526 1794 1647 1858 mor·

177 1900 335 1999 talium
371 1896 498 2000 rebus
546 1894 819 2012 consuleret,
864 1928 907 1992 et
954 1893 1183 2035 Religioni
1225 1893 1498 1999 Christianae
1542 1940 1649 2041 pro-

177 2043 395 2183 spiceret,
431 2077 546 2180 quae
582 2035 774 2137 Martini
809 2033 993 2136 Lutheri
1034 2036 1372 2143 Haeresiarchae
1418 2042 1648 2183 impietate

180 2222 226 2284 et
260 2179 489 2285 fraudibus
528 2219 605 2324 pet
642 2219 712 2280 eas
748 2179 951 2320 regiones
989 2178 1309 2320 exagitabatur.
1347 2195 1456 2297 Quo
1484 2225 1536 2284 ex
1567 2187 1649 2290 iti-

180 2367 283 2431 nere
316 2367 422 2431 cum
456 2333 693 2430 Mantuam
729 2322 1032 2464 pervenisset,
1067 2323 1322 2423 Fedcricum
1359 2338 1653 2470 Gonzagam,

180 2473 266 2613 qui
301 2471 437 2576 titulo
479 2466 755 2574 Marchionis
802 2466 908 2569 huic
957 2466 1129 2570 civitati
1175 2466 1500 2608 imperitabat,
1542 2472 1649 2614 qui-

180 2655 272 2756 que
306 2619 591 2721 accedentem
627 2613 836 2719 omnibus
885 2609 1045 2715 officiis
1082 2611 1414 2755 diligentissime
1466 2655 1516 2715 ac
1558 2653 1650 2717 stu·

183 2759 429 2865 diorissime
464 2764 633 2883 coluit,
682 2801 764 2903 pro
801 2756 1064 2864 Marchione
1106 2768 1282 2859 Ducem
1326 2758 1486 2859 deinde
1526 2761 1651 2892 jussit

184 2904 392 3046 apellari.
437 2915 542 3009 Erat
589 2905 831 3048 antiquitus
881 2912 1070 3005 Mantua
1114 2942 1167 3002 ex
1216 2939 1370 3003 earum
1420 2904 1651 3007 civitatum

184 3087 401 3170 numer0,
439 3090 553 3192 quae
579 3048 736 3151 liberae
772 3083 813 3152 et
838 3045 1150 3189 Imperatoriae
1184 3047 1496 3152 nominantur.
1515 3060 1652 3149 Cete-

183 3230 287 3294 rum
323 3191 530 3296 civilibus
565 3189 925 3296 contentionibus
961 3190 1166 3334 exagitati
1201 3194 1469 3314 Mantuani,
1504 3204 1654 3294 Posse⁴

185 3336 325 3456 nino,
367 3338 447 3478 qui
484 3337 766 3474 'tyrannidem
802 3333 1057 3457 affectabat,
1095 3374 1173 3476 per
1209 3339 1489 3439 Ludovicum
1532 3349 1655 3437 Gon·

186 3517 345 3623 zagam
388 3490 562 3613 ejecto,
609 3520 709 3580 suae
751 3479 939 3580 civitatis
986 3481 1286 3620 Principatum
1338 3484 1396 3583 ad
1446 3482 1655 3582 eumdem

186 3624 498 3745 Ludovicum,
535 3634 658 3758 cujus
695 3622 967 3764 probitatem
1006 3658 1050 3723 et
1082 3625 1297 3756 justitiam
1331 3661 1658 3765 perspexerant,

186 3769 385 3872 uolentes
423 3769 674 3874 detulerunt
732 3806 851 3870 anno
894 3765 1062 3872 Christi
1108 3769 1346 3869 millesimo
1408 3765 1659 3867 trecentesi-

187 3947 268 4010 mo
320 3911 541 4053 vigesimo
590 3912 822 4054 septim0,
880 3910 937 4013 ab
980 3953 1125 4051 eoque
1176 3948 1377 4052 tempore
1418 3921 1661 4052 Gonzaga-

189 4091 291 4157 rum
336 4049 506 4156 familia
556 4057 783 4196 imperitat
829 4051 934 4156 huic
984 4055 1182 4154 civitati.
1246 4065 1311 4156 Ex
1362 4094 1448 4198 qua
1491 4050 1662 4154 familia

190 4201 422 4332 Joannem
468 4197 743 4300 Franciscum
795 4212 1060 4339 Gonzagam
1118 4197 1339 4300 Ludovici
1393 4202 1663 4340 abnepotem

189 4341 494 4484 Sigismundus
528 4355 770 4484 Imperator
822 4351 1032 4445 Mantuae
1066 4340 1383 4446 Marchionem
1415 4341 1664 4462 constituit,

190 4525 312 4588 anno
333 4483 500 4590 Christi
518 4489 754 4594 millesimo
793 4488 1228 4630 quadringentesimo
1273 4487 1503 4630 trigesimo
1540 4523 1667 4627 quar·

192 4665 274 4752 to,
309 4669 359 4734 ut
396 4633 536 4732 modo
573 4635 759 4736 Carolus
795 4633 1047 4740 federicum
1090 4646 1265 4736 Ducem
1302 4629 1472 4732 effecit.
1515 4635 1666 4771 Atque

193 4769 298 4876 haec
334 4775 518 4919 quidem
554 4779 674 4920 apud
709 4777 922 4878 Carolum
958 4779 1108 4920 ipsum
1144 4772 1422 4917 gerebantur.
