4298 5980
410 429 414 436 ·
535 444 619 533 190
928 431 1013 514 ou
1061 425 1270 510 nurus
1319 419 1541 506 ensms

486 637 572 742 gne
608 593 830 711 admoto,
867 622 926 690 et·
949 616 1276 687 tormentorum
1312 581 1408 681 telis
1445 573 1618 683 emissis
1628 655 1644 701 ,
1679 575 1729 684 in
1764 578 1974 726 oppida·-

485 783 590 862 nos,
627 772 870 881 paucorum
905 733 1036 832 caede
1073 764 1117 831 et
1152 758 1480 830 tormentorum
1516 719 1692 868 fragore
1727 727 1969 833 conturba⁴

487 922 591 1006 tos,
628 876 858 1022 scloppetis
896 909 938 974 et
981 871 1111 976 hastis
1157 872 1364 974 irruentes
1408 864 1533 971 facile
1576 869 1863 1013 repulerunt,
1906 913 1968 978 et

483 1026 698 1170 fugientes
745 1059 837 1122 non
879 1019 990 1119 nihil
1031 1016 1233 1120 insectati
1276 1017 1333 1115 ad
1379 1051 1604 1116 tormenta
1646 1055 1735 1118 sese
1778 1056 1960 1160 recepe-

483 1207 620 1277 runts
667 1165 829 1309 quibus
872 1163 1099 1266 tormentis
1148 1200 1291 1262 rursus
1333 1160 1513 1303 pulvere
1561 1160 1748 1302 telisque
1783 1163 1963 1288 ‚instru-

483 1315 593 1434 ctis,
635 1313 771 1455 parati
815 1308 871 1410 ad
915 1305 1251 1428 obsistendum,
1297 1304 1333 1406 si
1367 1299 1568 1446 'amplius
1610 1304 1956 1452 lacesserentur,

485 1458 791 1599 exspectabant
811 1531 823 1557 .

552 1609 722 1732 XXIV.
796 1601 968 1701 Eodem
1016 1633 1218 1738 tempore
1259 1589 1419 1694 Sfortia
1462 1605 1602 1713 Dux,
1654 1597 1957 1737 quemadmo-

483 1748 592 1848 dum
617 1744 911 1846 constitutum
942 1778 1064 1862 etat,
1096 1779 1174 1881 per
1202 1739 1398 1858 litteras,
1434 1777 1545 1878 quae
1576 1739 1742 1879 sagittis
1768 1745 1823 1843 ad
1855 1782 1960 1843 cet-⁴

481 1925 526 1988 ta
562 1889 660 1987 loca
695 1889 742 1989 in
778 1925 921 1987 arcem
959 1921 1002 1986 et
1038 1927 1091 1984 ex
1125 1922 1250 2000 arce,
1285 1919 1337 1981 ut
1373 1917 1524 2022 postea
1558 1918 1831 2026 compsanam
1867 1920 1951 2006 cst,

484 2028 827 2147 emittebantur,
863 2029 1063 2128 custodes
1099 2024 1297 2146 emittit,
1334 2023 1416 2164 qni
1452 2061 1621 2164 magno
1655 2026 1828 2166 impetu
1865 2024 1955 2131 obs

481 2173 666 2274 sidentes
710 2184 952 2274 Germanos
995 2169 1296 2289 adoriuntur,
1343 2167 1579 2311 oppidanis
1625 2166 1756 2269 simul
1798 2167 1955 2311 impu-

482 2313 722 2458 gnantibus
758 2354 784 2413 a
821 2313 1066 2416 Vercellina
1101 2348 1264 2454 porta;
1302 2313 1376 2413 sed
1414 2311 1477 2413 hi¹
1496 2349 1681 2452 quoque
1713 2321 1956 2415 Germano-

481 2499 582 2560 rum
619 2458 815 2576 virtute,
856 2460 936 2598 qui
973 2496 1156 2556 numero
1192 2491 1317 2558 erant
1343 2456 1399 2557 ad
1435 2456 1514 2555 tria
1550 2455 1713 2576 millia,
1738 2495 1839 2559 cum
1877 2459 1956 2558 dc-

480 2605 691 2704 ttimento
722 2601 911 2739 repulsi.
938 2598 1034 2702 Ubi
1057 2600 1150 2700 dies
1185 2599 1349 2722 illuxit,
1378 2599 1752 2720 Mediolanenses,
1785 2599 1868 2743 qui
1903 2636 1959 2703 te

478 2741 634 2845 frustra
676 2778 887 2862 tentata,
935 2744 1175 2846 exercitum
1223 2782 1315 2846 non
1360 2744 1496 2886 longe
1543 2782 1621 2885 per
1657 2741 1825 2886 oppida
1861 2742 1955 2845 dis-

478 2887 685 3028 pertitum
720 2922 963 2988 metuentes
999 2888 1245 2990 cedendum
1289 2927 1377 2989 esse
1426 2887 1622 3030 tempori
1664 2883 1955 3022 judicabant,

479 3028 636 3131 blanda
672 3029 873 3154 oratione
909 3031 1073 3133 ducum
1105 3030 1280 3134 animos
1315 3032 1482 3174 placare
1519 3029 1870 3134 constituerunt.
1907 3043 1954 3131 1-

479 3209 613 3313 taque
650 3172 868 3314 principes
906 3173 1095 3275 civitatis
1131 3176 1352 3276 adduces
1388 3190 1622 3295 coeuntes,
1665 3176 1805 3278 multa
1843 3212 1947 3318 put·

368 3429 370 3434 ,
479 3316 614 3459 gandi
651 3348 694 3414 et
730 3317 993 3456 deprecandi
1029 3317 1167 3460 gratia
1204 3318 1439 3427 dixerunt
1475 3320 1549 3418 sed
1593 3316 1732 3422 exitus
1776 3319 1947 3420 oratio-

480 3460 546 3560 nis
582 3453 699 3578 fisit,
735 3457 849 3559 nihil
883 3455 1048 3561 factum
1083 3457 1213 3562 fuisse
1249 3459 1431 3601 publico
1468 3457 1687 3583 consilio,
1723 3466 1798 3567 scd
1832 3462 1949 3561 ado-

479 3601 736 3702 lescentium
780 3605 1076 3745 quorumdam
1121 3601 1314 3723 furore,
1364 3642 1408 3708 et
1453 3605 1663 3707 caecitate
1704 3604 1951 3708 tumultum

480 3747 746 3855 excitaturus
783 3749 973 3889 precati,
1003 3787 1060 3849 ne
1096 3785 1340 3888 paucorum
1378 3749 1593 3850 temeritas
1629 3751 1746 3892 apud
1781 3791 1857 3851 eos
1893 3748 1950 3852 sit

483 3887 691 3992 omnibus
732 3887 915 4012 fraudi,
960 3928 1093 4033 atque
1103 3968 1118 4012 ,
1160 3890 1332 3994 civitati
1367 3891 1416 3993 in
1451 3893 1600 3995 Caroli
1635 3895 1864 4014 Caesaris,
1907 3893 1949 3993 i·-

481 4031 689 4173 psiusque
730 4031 1050 4174 praefectorum
1093 4071 1307 4178 potestate
1342 4030 1513 4138 futurae
1549 4037 1823 4181 ignoscatur,
1860 4075 1946 4178 po-

483 4175 668 4276 stulare.
707 4179 780 4276 Ad
817 4176 922 4280 haec
959 4182 1124 4302 duces,
1166 4180 1294 4296 licet,
1331 4221 1382 4281 ea
1424 4221 1517 4324 quo
1561 4182 1712 4284 animo
1750 4182 1947 4282 diceren-

481 4352 572 4436 tur,
592 4318 899 4462 intelligerentr
918 4357 1086 4445 tamen,
1106 4359 1157 4426 ut
1217 4363 1464 4467 uocumque
1490 4325 1657 4428 ratione
1684 4317 1809 4428 tanta
1834 4322 1944 4426 mul-

483 4460 630 4562 titudo
667 4465 929 4606 quiesceret,
964 4510 1015 4570 ac
1051 4470 1099 4571 in
1143 4368 1297 4572 oficio
1342 4469 1675 4592 contineretur,
1720 4471 1944 4616 ignoscere

483 4645 573 4705 sese
607 4610 953 4750 responderunt3
988 4615 1064 4710 sed
1106 4611 1173 4711 his
1217 4613 1577 4718 conditionibus:
1622 4615 1849 4760 primum,
1888 4643 1944 4712 ut

483 4752 739 4894 peregrinos
776 4793 962 4880 omnes,
998 4752 1274 4904 quicumque
1304 4757 1362 4878 ab
1387 4757 1585 4868 hostibus
1621 4756 1851 4868 subornati
1886 4753 1949 4858 ci

1877 4935 1949 5003 Vl·⁴
