4368 5984
537 364 612 433 xa.
932 355 1068 449 Joau.
1085 353 1199 428 osu.
1225 351 1534 427 sanutvaona

379 453 385 472 ¹
463 516 470 528 ·
513 457 586 572 cilii
614 456 855 546 sacerdotum
883 454 952 541 rite
975 453 1126 561 coacti,
1154 452 1216 541 vel
1229 451 1418 540 Pontificis
1449 479 1488 540 et
1503 452 1716 571 Principum
1732 453 1979 546 Christiano·

512 575 599 664 turn
615 603 829 662 consensus.
865 574 1018 660 Etenim
1034 603 1113 660 uno
1130 601 1233 658 anno
1255 632 1268 677 ,
1294 598 1410 689 atque
1427 574 1525 660 adeo
1556 602 1684 660 mense
1700 603 1757 661 res
1776 600 1859 662 tota
1875 605 1980 662 con·

514 693 574 781 fici
592 718 743 810 posset,
774 695 803 780 si
834 694 984 809 publico
1001 690 1166 807 ipsorum
1199 692 1356 778 decreto
1374 693 1506 778 mensis
1537 693 1749 780 December
1774 693 1852 809 ejus
1879 694 1986 780 anni

515 813 646 901 diebus
659 812 837 899 undecim
851 811 1132 918 absolveretur,
1150 810 1272 925 etqui
1299 809 1376 896 dies
1392 810 1562 925 alioquin
1579 807 1726 898 iuturus
1755 838 1851 900 esset
1866 814 1982 900 duo-

516 931 709 1038 decimus,
738 960 819 1047 quo
834 957 925 1017 tunc
941 929 1120 1044 temporis
1135 927 1323 1016 incidebat
1343 931 1510 1031 bruma;
1534 929 1594 1014 hic
1619 957 1713 1016 esset
1728 930 1868 1044 primus
1900 932 1981 1045 Jaq

513 1049 662 1157 nuarii,
691 1049 869 1166 idemque
893 1046 1036 1134 Natalis
1059 1046 1198 1134 Christi
1225 1106 1238 1153 ,
1269 1046 1588 1182 principiumque
1624 1049 1834 1134 communis
1865 1050 1980 1148 anni.

515 1169 581 1274 Ad
596 1166 794 1256 vitandum
825 1195 940 1282 porro
969 1163 1086 1251 futuri
1116 1191 1298 1280 temporis
1327 1195 1487 1251 omnem
1518 1194 1705 1272 errorem,
1739 1166 1779 1254 id
1810 1195 1982 1284 quoque

514 1286 820 1374 constituendum
837 1310 960 1391 esser,
983 1308 1029 1370 ut
1045 1284 1241 1400 incipiente
1264 1283 1406 1399 ‘quinto
1430 1313 1590 1401 quoque
1616 1312 1721 1370 anno
1750 1313 1878 1372 mense
1904 1291 1984 1372 Fe·

515 1406 667 1492 bruario
690 1403 767 1491 dies
792 1432 920 1512 unus,
947 1403 1276 1524 quemadmodum
1301 1400 1431 1508 solet,
1467 1402 1772 1510 intercalaretur,
1801 1428 1979 1520 practer·

515 1555 633 1639 quam
671 1523 766 1608 circa
797 1521 1041 1609 centesimum
1072 1546 1112 1608 et
1142 1519 1361 1608 vicesimum
1395 1520 1549 1606 tertium
1579 1550 1778 1638 quemque
1801 1551 1981 1622 annum.

514 1647 619 1728 Nam
637 1668 725 1727 curn
740 1641 815 1727 hoc
829 1640 1008 1756 temporis
1026 1639 1147 1754 spatio
1167 1638 1349 1736 horarum
1364 1637 1447 1724 illae
1475 1633 1655 1726 minutiae
1675 1701 1689 1746 ,
1721 1669 1822 1757 quae
1844 1641 1982 1759 negle-

515 1785 599 1849 ctae
613 1761 792 1847 tredecim
807 1759 952 1846 dierum
979 1786 1184 1845 errorema
1212 1756 1365 1843 Christo
1383 1781 1478 1844 nato
1496 1787 1545 1844 eo
1573 1786 1698 1875 usque
1723 1784 1981 1874 pepererant„

517 1909 639 1967 unum
654 1873 731 1964 fere
747 1877 847 1965 diem
863 1875 1092 1983 conficiant,
1117 1903 1264 1962 necesse
1288 1893 1389 1981 erat,
1411 1876 1572 1965 totidem
1588 1905 1781 1964 annorum
1795 1877 1983 1966 interval·

515 1999 555 2086 lo
569 2027 814 2085 communem
831 1995 1149 2082 intercalationem
1165 1993 1478 2110 praetermittere:
1512 1995 1562 2081 sic
1590 1995 1694 2082 enim
1717 1993 1825 2087 fieret
1842 2021 1921 2104 „ut
1939 1997 1983 2085 iu

517 2116 663 2235 aliquot
686 2145 874 2202 annorum
890 2114 1001 2202 millia
1017 2143 1065 2200 ne
1081 2113 1191 2200 unius
1206 2112 1365 2231 quidem
1382 2112 1455 2200 diei
1474 2141 1579 2200 error
1595 2114 1853 2203 interveniret.
1947 2181 1950 2190 .

607 2239 757 2322 Praeter
785 2232 922 2320 muas
950 2235 1038 2320 alias
1052 2233 1377 2338 commoditates,
1408 2260 1510 2349 quae
1527 2231 1636 2320 nobis
1666 2261 1732 2348 per
1759 2232 1859 2319 hanc
1886 2235 1984 2342 anti

517 2352 788 2440 correctionem
813 2351 1084 2470 obtingerent,
1109 2349 1316 2438 reclinatum
1347 2351 1459 2438 etiam
1488 2379 1566 2439 esse
1596 2349 1728 2438 lumen
1747 2347 1981 2464 affirmabat,

517 2469 627 2589 quod
642 2471 730 2556 anni
759 2499 803 2555 ac
826 2473 1013 2558 mensium
1029 2470 1277 2556 inconstantia
1307 2493 1349 2562 et
1377 2466 1548 2557 conflatio
1576 2497 1814 2588 consequuta
1837 2472 1979 2562 veteri·

515 2591 590 2676 bus
606 2588 789 2704 scripturis
815 2587 1042 2674 Latinorum
1059 2610 1098 2673 et
1113 2591 1351 2674 Graecorum
1374 2587 1527 2674 ademit.
1557 2589 1690 2686 Quam
1707 2589 1808 2676 enirn
1821 2615 1982 2704 partem

476 2783 479 2790 .
519 2705 637 2814 anni,
661 2705 817 2821 exempli
832 2734 943 2792 causa
958 2767 970 2812 ,
988 2734 1153 2808 mensem
1169 2704 1326 2819 Juniuin
1356 2705 1559 2793 medicinae
1576 2736 1620 2792 ac
1633 2708 1694 2794 rei
1723 2707 1879 2796 rusticae
1909 2739 1982 2798 au⁴

517 2851 640 2923 stores
666 2823 871 2939 antiquitus
893 2847 1162 2929 vocaverunt,
1187 2824 1280 2911 haec
1311 2824 1446 2910 eadem
1479 2824 1712 2939 Sepulvedae
1740 2826 1983 2946 temporibus

519 2971 699 3060 magnam
716 2966 862 3058 partem
888 2944 1017 3056 Maius
1034 2944 1335 3057 nuncupabatur.
1365 2944 1489 3040 Quod
1506 2945 1635 3060 magni
1660 2944 1774 3032 etiam
1808 2944 1876 3034 viri
1891 2974 1984 3033 nou

520 3061 860 3150 animadvertentes
889 3059 965 3165 ,in
992 3060 1145 3148 Graecis
1171 3085 1210 3146 et
1241 3061 1381 3146 Latinis
1422 3060 1667 3179 intelligendis
1694 3062 1984 3173 allucinantur,

522 3204 567 3266 ut
580 3179 738 3296 contigit
757 3178 970 3264 Theodoro
995 3184 1153 3285 Gazae,
1177 3177 1244 3294 qui
1259 3179 1300 3264 in
1315 3179 1411 3266 libro
1433 3178 1482 3266 dc
1503 3183 1693 3267 mensibus
1716 3181 1984 3272 miserandum

522 3297 562 3383 in
592 3297 752 3383 modum
778 3293 962 3385 laboravit
977 3295 1016 3382 in
1032 3295 1226 3384 reddenda
1246 3325 1385 3404 causa,
1417 3326 1484 3384 cur
1502 3321 1646 3387 veteres
1676 3300 1869 3415 scriptores
1897 3329 1979 3390 no·

520 3415 625 3504 mina
640 3419 788 3504 Graeca
811 3415 994 3504 mensium
1009 3415 1290 3530 interpretantes
1306 3474 1318 3521 ,
1336 3417 1386 3502 ab
1401 3445 1447 3501 ea
1460 3417 1606 3503 ratione
1623 3477 1636 3520 ,
1654 3446 1771 3535 quarn
1803 3419 1880 3536 ipse
1894 3443 1976 3528 tra-⁸

523 3534 629 3620 deret
647 3591 660 3638 ,
677 3533 991 3650 certissimamque
1004 3558 1184 3649 putaret,
1214 3531 1462 3621 dissentirent.
1495 3538 1588 3633 Qua
1603 3535 1652 3621 de
1676 3565 1717 3623 te
1744 3538 1830 3627 satis
1857 3565 1976 3626 accus

525 3651 704 3768 rateagit.
740 3654 919 3766 Cumque
935 3653 984 3739 de
1011 3653 1152 3758 Aera,
1179 3679 1258 3766 qua
1272 3651 1431 3766 Hispani
1458 3652 1662 3769 antiquitus
1678 3684 1804 3743 annos
1840 3685 1983 3772 suppu-

530 3771 691 3875 tabant,
715 3769 948 3855 mentionem
975 3764 1115 3856 lecisset
1129 3830 1145 3876 „
1173 3770 1359 3856 rationem
1391 3768 1501 3881 hujus
1537 3771 1590 3858 rei
1617 3797 1659 3862 ,et
1689 3774 1792 3860 vocis
1829 3775 1982 3881 reddita

510 3950 519 3970 ,ι
527 3889 760 4005 exponitque
790 3885 984 4003 primum,
1014 3915 1080 3974 cut
1097 3889 1190 3976 haec
1220 3917 1342 3974 anuos
1372 3889 1583 3978 annotandi
1599 3890 1694 3978 ratio
1719 3922 1862 3981 ιιιιιινιιι.
1885 3921 1979 3982 aute

526 4009 667 4092 Aetam
687 4005 935 4092 Christianam
963 4033 1067 4093 anno
1101 4007 1249 4094 initium
1276 4006 1416 4094 ducat:
1442 4031 1527 4118 tum
1562 4006 1611 4095 de
1643 4011 1747 4098 vocis
1777 4011 1921 4129 origine
1938 4012 1983 4098 il·

519 4122 593 4209 -lud
609 4122 817 4228 existimat,
848 4127 891 4206 τὸ
908 4125 1018 4210 Aera
1034 4154 1116 4215 non
1131 4124 1284 4242 simplex
1300 4154 1376 4218 esse
1406 4126 1662 4236 vocabulum,
1678 4130 1744 4217 sed
1759 4128 1856 4233 tria,
1876 4156 1981 4247 quae

520 4242 629 4354 prius
643 4239 882 4346 abbreviata,
897 4264 937 4326 et
952 4245 1099 4356 punctis
1114 4273 1222 4332 more
1237 4269 1410 4333 veterum
1426 4243 1598 4336 distincta
1612 4299 1635 4352 ,·
1649 4275 1717 4364 per
1732 4243 1981 4335 tabellionum

528 4357 839 4474 librariorumque
867 4358 1130 4477 negligentiam
1152 4388 1192 4449 et
1216 4364 1467 4454 temeritatem
1498 4362 1688 4487 cqnfusa,
1713 4367 1887 4454 inunam
1901 4379 1980 4456 vo&

531 4503 614 4582 cern
625 4475 846 4562 coaluerunt
858 4508 867 4560 ι
881 4500 1025 4564 veteres
1040 4479 1174 4566 scilicet
1189 4506 1379 4596 gestarum
1396 4509 1615 4572 actarumve
1626 4512 1752 4572 rerum
1761 4511 1911 4600 tempus
1926 4483 1981 4570 sic

532 4592 689 4682 initioin
704 4594 890 4709 scripturis
904 4595 1162 4704 adscribebant
1178 4657 1191 4703 ,
1205 4621 1250 4683 ut
1266 4597 1325 4684 ille
1340 4599 1495 4713 quidem
1509 4602 1736 4692 contendit:
1768 4601 1873 4686 Acta
1888 4617 1978 4688 sant

525 4715 623 4797 haec
649 4713 841 4798 Cordubae
870 4709 1056 4829 (exempli
1086 4713 1234 4832 gratia)
1252 4720 1383 4825 pridie
1411 4713 1670 4808 Kalendarum
1692 4721 1860 4830 Aprilis.
1894 4721 1981 4804 An·

530 4857 600 4922 nus
614 4845 698 4920 arat
725 4831 895 4945 Augusti
909 4841 1236 4959 septuagesimus..
1258 4833 1409 4929 Deinde.
1431 4837 1621 4930 brevitatis
1650 4837 1771 4955 gratia
1799 4837 1977 4959 principia

1860 4957 1975 5047 duma
