4368 5984
467 605 538 686 est
567 567 729 683 habita
764 649 779 696 ‚
819 603 1039 718 quaeque
1069 564 1131 674 de
1174 562 1366 714 optimo
1399 563 1619 718 Principe
1650 573 1908 721 praedicari

467 789 515 868 et
545 752 723 902 possit,
756 779 804 858 et
837 748 1048 877 debeat,
1077 747 1118 857 si
1148 748 1192 857 ei
1219 748 1495 903 contingat,
1524 784 1578 861 ut
1594 785 1909 905 posteaquam

300 1021 310 1034 .
368 965 373 976 ·
467 927 713 1084 praeclaris
759 923 1051 1034 facinoribus
1093 963 1280 1034 nomen
1320 963 1593 1077 numquam
1637 927 1909 1038 intermori-

467 1146 631 1241 turum
655 1105 746 1216 sibi
776 1102 1170 1250 comparaverit,
1203 1103 1289 1251 qui
1330 1103 1418 1250 ipsi
1446 1105 1497 1213 in
1530 1106 1734 1254 imperio
1771 1150 1909 1258 prae-

464 1321 733 1420 cesserunt,
767 1289 1029 1436 praeconiis
1057 1327 1161 1396 non
1195 1286 1352 1397 modo
1382 1328 1485 1397 non
1518 1286 1780 1418 detrahat;
1824 1289 1907 1398 scd

467 1473 616 1582 etiam
659 1508 832 1577 eorum
878 1505 951 1575 res
987 1493 1144 1617 gestas
1187 1469 1361 1574 ornare
1391 1499 1441 1581 et
1484 1467 1773 1615 amplificare
1808 1496 1906 1574 stu-

467 1653 590 1760 deat.
634 1647 788 1780 Quod
817 1685 917 1754 rtur
959 1686 1072 1755 sane
1105 1647 1357 1774 evenisse,
1409 1648 1734 1758 Academiam
1766 1667 1907 1754 sunu

467 1825 785 1982 congratulari
809 1863 894 1972 par
924 1856 1023 1952 est,
1057 1823 1170 1971 qui,
1194 1854 1249 1933 ut
1280 1855 1433 1934 cetera
1465 1825 1773 1954 omittamuS,
1791 1866 1907 1936 cum

466 2014 665 2124 Canon
689 2005 904 2114 Caesaris
927 2035 975 2111 et
1004 2002 1263 2149 Hispaniae
1290 2005 1434 2155 Regis
1466 2005 1737 2117 Historiam
1754 2091 1767 2134 ,
1782 2044 1907 2154 quae

468 2189 532 2298 ab
565 2179 961 2330 eloquentissimo
999 2209 1048 2285 et
1096 2176 1459 2327 diligentissimo
1502 2180 1624 2288 illius
1667 2180 1908 2327 Scriptore

468 2370 646 2479 sincere
673 2392 894 2470 contexta
926 2443 941 2488 ,
982 2358 1251 2468 miseranda
1282 2359 1536 2474 oblivione
1565 2359 1740 2469 obruta
1784 2367 1907 2512 iace·

461 2547 578 2673 bat,
607 2539 823 2687 auspiciis
840 2575 944 2645 rurs
962 2538 1171 2688 evulgari
1207 2539 1407 2689 iussisti,
1439 2540 1652 2690 ejusdem
1676 2536 1905 2685 Principis

466 2721 601 2832 factis
617 2805 632 2848 ‚
651 2723 748 2868 iam
774 2755 857 2825 sua
887 2714 1216 2865 magnitudine
1246 2716 1533 2846 illustribus,
1559 2756 1743 2827 novam
1772 2715 1909 2866 quasi

466 2901 625 3012 facem
654 2896 912 3008 accendere
927 2895 1055 3005 visus
1087 2934 1169 3024 cs;
1194 2896 1411 3046 adeoque
1427 2895 1554 3006 hunc
1572 2936 1720 3044 paene
1751 2895 1907 3004 inten-

466 3113 624 3190 tatum
654 3075 877 3186 hactenus
909 3073 971 3183 ad
1000 3074 1415 3183 immortalitatem
1447 3074 1633 3184 aditum
1675 3113 1773 3182 run
1810 3073 1910 3221 ipse

473 3258 708 3408 aperuisti.
751 3255 873 3368 Uno
910 3255 1189 3403 siquidem,
1222 3257 1494 3405 eodemque
1535 3253 1909 3404 praeclarissimo

469 3473 833 3550 nnovrnuurrnu
864 3472 992 3541 runa
1015 3466 1159 3566 nutu,
1187 3468 1294 3546 tum
1311 3437 1447 3546 domi
1464 3437 1757 3584 militiaeque
1774 3473 1909 3584 prae-

470 3620 634 3730 stantis
648 3615 952 3764 Imperatoris
970 3701 983 3744 ,
1001 3615 1178 3726 Proavi
1193 3659 1307 3748 rur,
1329 3649 1436 3727 tum
1454 3618 1600 3726 etiam
1616 3613 1913 3734 celeberrimi

468 3793 857 3946 Historiographi
873 3879 887 3923 ,
904 3794 988 3942 qui
1011 3797 1307 3907 Academiae
1329 3799 1585 3908 nostraein
1607 3794 1913 3907 conscriben-

471 3975 561 4084 dae
585 3981 776 4126 Regum
808 4004 1086 4083 nostrorum
1120 3977 1365 4087 Historiae
1403 4017 1601 4089 munere
1635 3975 1912 4104 antecessit,

471 4149 678 4304 gloriam
704 4146 857 4300 magis
873 4147 1123 4300 magisque
1149 4153 1448 4304 propagasti,
1480 4141 1914 4303 propensae'etiam

464 4367 602 4436 suan
618 4365 727 4478 erga
744 4326 941 4436 litteras
959 4333 1216 4442 voluntatis
1233 4334 1415 4487 insigne
1425 4336 1764 4452 ,testimonium
1782 4421 1797 4466 ,
1813 4373 1916 4482 pre-

475 4505 741 4616 tiosissimis
764 4508 1029 4619 Codicibus
1053 4513 1226 4658 partim
1260 4543 1494 4667 typorum
1520 4553 1615 4660 ope
1630 4512 1914 4664 posteritatis

476 4687 742 4798 memoriae
768 4727 896 4799 nunc
925 4689 1088 4812 denuo
1126 4691 1480 4806 commendatis
1502 4765 1529 4825 -,
1559 4690 1734 4844 partim
1768 4690 1916 4802 etiam

1849 4869 1917 4982 fe·
