4294 5972
570 483 659 601 364
967 502 1052 585 DE
1092 497 1301 584 REBUS
1340 495 1568 586 Gestis

529 703 617 807 que
644 654 867 766 defendere
898 659 1154 783 constituit,
1179 696 1223 761 et
1255 655 1495 803 legationes
1522 691 1864 802 quoquoversus
1892 695 1990 768 tum

531 810 588 909 ad
634 805 841 908 finitimas
886 808 1124 931 civitates,
1161 841 1258 904 tum
1302 805 1358 905 ad
1404 840 1612 947 vagantes
1655 805 1885 904 Nomades
1924 809 1988 908 di-

532 950 674 1053 mittit
710 989 915 1092 rogatum
951 951 1109 1051 auxilia
1143 984 1298 1049 contra
1333 943 1635 1049 Christianum
1671 943 1849 1048 hostem
1862 1025 1877 1070 ,
1909 953 1988 1053 toti

533 1091 737 1215 Africae,
756 1094 792 1194 si
821 1093 978 1216 servire
1016 1091 1304 1213 recusaverit,
1331 1131 1486 1194 necem
1522 1128 1567 1192 et
1596 1088 1888 1220 vastationem
1915 1095 1988 1196 mi·

533 1237 789 1358 nitantem,
833 1237 1000 1380 quique
1044 1235 1129 1338 sibi
1196 1269 1336 1337 cetera
1393 1232 1538 1336 facilia
1584 1227 1705 1334 factu
1753 1228 1851 1335 fore
1900 1277 1990 1339 non

533 1381 742 1524 ignoret,
778 1381 854 1501 si,
889 1381 1015 1524 quod
1058 1379 1256 1524 primum
1303 1378 1509 1482 omnium
1551 1376 1808 1498 moliretur,
1841 1383 1990 1484 Tune-

534 1531 626 1626 t'em
669 1560 943 1668 occuparet,
988 1519 1146 1626 urbem
1203 1515 1376 1626 Africae
1421 1521 1813 1664 potentissimam3
1856 1523 1906 1626 id
1950 1565 1991 1626 se

532 1667 700 1771 malum
739 1666 1001 1811 prohibere,
1034 1675 1348 1808 Tunetemque
1383 1667 1453 1768 vel
1488 1705 1592 1766 cum
1629 1703 1729 1766 suae
1764 1663 1879 1766 vitae
1915 1706 1990 1808 pe-

533 1812 674 1938 riculo
711 1805 939 1913 defendere
976 1847 1175 1950 paratum
1210 1848 1323 1917 esset
1359 1809 1525 1909 sedne
1561 1803 1718 1908 frustra
1751 1805 1824 1908 hic
1858 1849 1990 1913 cona·

536 1992 604 2055 rus
641 1955 730 2074 sit,
766 1955 917 2055 ceteris
962 1949 1136 2055 Africae
1181 1952 1394 2096 populis,
1439 1987 1633 2093 quorum
1680 1949 1816 2050 nihilo
1851 1953 1988 2054 secius

536 2097 647 2198 salus
684 2132 727 2198 et
762 2094 934 2200 libertas
971 2133 1172 2239 ageretur
1207 2131 1251 2196 ct
1289 2096 1337 2197 in
1375 2092 1563 2197 Tunetis
1606 2088 1858 2197 defensione
1888 2135 1990 2198 con·

536 2239 729 2361 sisteret,
770 2243 904 2344 etiam
939 2279 1072 2385 atque
1108 2239 1243 2342 etiam
1278 2238 1504 2343 mittendis
1545 2235 1715 2339 auxiliis
1752 2277 1840 2338 esse
1883 2278 1988 2382 pro-2

536 2383 801 2487 videndum.

610 2535 800 2630 XXVII.
877 2527 1152 2660 Hujusmodi
1194 2521 1490 2669 legationibus
1531 2521 1710 2624 adducti
1743 2523 1880 2627 'cereri
1913 2567 1987 2628 au·

541 2664 645 2768 xilia
683 2704 859 2810 parare,
900 2671 1132 2773 Nomades
1166 2709 1274 2771 vero
1317 2665 1521 2811 praemiis
1557 2702 1602 2768 et
1636 2667 1844 2809 pollicitis
1872 2667 1988 2772 Cha·

538 2810 680 2913 radini
715 2811 875 2934 ducti,
910 2812 1112 2958 neglecto
1150 2814 1365 2955 pulsoque
1400 2821 1618 2933 Hazen0‚
1655 2849 1775 2912 arma
1817 2853 1989 2954 capere,

539 2986 588 3054 et
633 2953 802 3054 Tuneti
851 2959 1235 3099 appropinquare.
1292 2955 1568 3058 Charadinus
1616 2953 1781 3056 interea
1828 2958 1990 3060 callidis

540 3094 685 3197 verbis
730 3095 1060 3240 oppidanorum
1103 3098 1305 3221 animos,
1350 3133 1400 3201 ut
1443 3132 1676 3239 perstarent
1719 3097 1766 3197 in
1808 3095 1990 3221 officio,

540 3237 812 3340 confirmare
841 3281 931 3343 non
968 3244 1229 3370 desistebat,
1265 3277 1308 3342 et
1343 3278 1519 3358 cuncta,
1538 3280 1652 3381 qnae
1677 3240 1734 3339 ad
1769 3239 1890 3343 urbis
1916 3246 1991 3344 de-

539 3375 786 3485 fensionem
822 3387 919 3486 usui
955 3383 1130 3508 forent,
1167 3387 1396 3531 diligenter
1429 3381 1745 3524 comparabat.
1784 3394 1884 3487 Nec
1919 3427 1994 3488 ve·

465 3570 470 3590 ⁴
538 3561 590 3624 ro
626 3527 769 3627 solum
805 3521 1028 3632 Africanas
1063 3565 1213 3672 gentes
1250 3530 1406 3635 talibus
1431 3523 1722 3670 legationibus
1748 3528 1994 3652 solicitam,

542 3668 617 3767 sed
653 3668 810 3770 Turcis
846 3669 1085 3794 omnibus,
1108 3675 1205 3813 ¹qui
1234 3683 1361 3775 Mare
1392 3668 1677 3809 Tyrrhenum
1710 3705 1753 3769 et
1776 3668 1997 3776 Ibericum

540 3809 734 3950 piraticis
780 3807 1076 3936 infestabant,
1111 3816 1332 3942 scribere,
1371 3855 1540 3958 proque
1584 3849 1756 3914 summa
1796 3821 1997 3919 auctori-

529 3985 659 4075 tate,
680 3994 817 4096 quam
853 3958 938 4063 sibi
973 3956 1190 4060 tribuisset
1225 3961 1482 4097 Solymanus
1497 4031 1513 4082 ,
1549 3957 1790 4098 imperare,
1818 3996 1869 4059 ut
1909 3963 1998 4103 pri·-

539 4131 621 4196 mo
657 4137 840 4240 quoque
875 4138 1078 4244 tempore
1115 4104 1171 4203 ad
1213 4145 1256 4203 se
1292 4104 1438 4208 venire
1474 4137 1782 4242 properarent,
1813 4103 1996 4206 classem

386 4339 391 4350 ,
536 4277 802 4384 novumque
854 4245 1097 4383 Solymani
1129 4257 1340 4390 Regnum
1393 4249 1594 4348 adversus
1643 4242 1995 4348 Christianorum

540 4419 720 4482 conatus
758 4385 921 4489 bellum
968 4388 1016 4490 in
1064 4429 1107 4490 se
1143 4391 1389 4532 parantium
1435 4425 1582 4491 seeum
1617 4383 1784 4488 viribus
1826 4391 1993 4491 collatis

540 4519 782 4625 defensuri.
833 4539 933 4631 Nec
979 4534 1144 4669 piratae
1195 4535 1433 4677 imperium
1482 4539 1625 4634 bassae
1653 4531 1990 4653 detrectarunt,

485 4741 487 4745 -
541 4668 615 4766 sed
652 4709 835 4812 propere
865 4674 920 4773 ad
947 4672 1244 4779 Charadinum
1270 4711 1594 4794 convenerunt,
1625 4710 1861 4821 auctusque
1876 4683 1996 4776 Tur-

540 4847 691 4917 carum
727 4855 931 4956 numerus
966 4823 1120 4927 estad
1155 4824 1302 4930 decem
1356 4823 1492 4942 millia
1540 4815 1728 4924 fortium
1774 4857 1820 4924 et
1866 4857 1995 4924 vete-

1925 5007 1994 5069 [αι
