4292 5984
599 493 843 578 cnuotr
885 493 938 574 v,
984 496 1105 576 tra.
1143 499 1179 578 ι.
1509 514 1566 602 23

141 698 231 768 re3
274 656 349 760 sed
386 657 442 758 de
478 652 629 757 ceteris
667 694 747 755 suo
783 652 914 776 loco,
960 691 1078 756 nunc
1114 655 1169 758 de
1214 655 1390 763 Gotthis
1435 696 1612 766 memo·

140 842 305 907 remus.

227 955 400 1053 XXIV.
476 943 750 1050 Gotthorum
787 943 927 1044 natale
964 945 1110 1047 solum
1146 948 1326 1050 Scandia
1361 988 1424 1053 est
1453 951 1615 1092 Scythi-

146 1095 191 1197 ci
230 1092 361 1196 maris
400 1091 664 1234 peninsula,
713 1091 1014 1232 incompertae
1058 1090 1277 1195 veteribus
1324 1098 1615 1222 auctoribus,

144 1241 230 1379 qui
276 1277 374 1339 eam
419 1236 607 1337 insulam
655 1273 742 1335 esse
791 1268 1079 1373 putaverunt,
1123 1239 1473 1382 magnitudinis3
1519 1243 1616 1384 quo

142 1379 277 1484 nobis
314 1379 431 1482 adire
468 1375 652 1520 pedibus
691 1377 774 1478 nisi
811 1378 1071 1521 longissimo
1108 1383 1297 1485 circuitu
1341 1424 1435 1488 non
1484 1385 1614 1489 licet.

140 1535 270 1627 Nam
307 1519 511 1667 profectis
553 1564 579 1623 a
620 1521 831 1625 Sarmatia
880 1525 1002 1627 Sinus
1038 1529 1289 1630 Venedicus
1327 1569 1390 1632 est
1428 1569 1506 1674 per
1542 1533 1619 1634 Li-

142 1670 365 1791 vomam,
402 1704 446 1768 et
482 1669 686 1770 Russiam
734 1705 778 1769 et
819 1671 1103 1774 Moscoviam
1146 1670 1406 1799 obeundus,
1444 1677 1525 1820 qui
1562 1678 1618 1781 ab

147 1855 320 1917 oceano
378 1814 615 1916 Sarmatico
659 1814 881 1917 discedens
935 1815 1048 1917 inter
1103 1854 1254 1919 ortum
1310 1820 1523 1924 aestivum
1575 1857 1621 1922 et

144 1960 512 2102 septemtrionem
547 1961 661 2062 ultra
686 1959 960 2060 Moscovitas
991 1964 1205 2082 excurrit,
1234 2000 1332 2064 tum
1369 1964 1527 2066 itinere
1563 1967 1622 2068 ad

145 2143 357 2208 occasum
414 2105 631 2204 aestivum
682 2102 834 2222 flexo,
885 2140 990 2203 cum
1046 2107 1266 2208 Careliam
1321 2145 1364 2209 et
1413 2109 1622 2213 Botniam

143 2250 456 2391 Lappiamque
484 2245 715 2349 orientales
751 2247 836 2346 late
868 2281 1064 2386 patentes
1091 2249 1292 2390 regiones
1318 2254 1621 2373 transmiseris,
1696 2313 1700 2321 ·

141 2393 487 2494 circumeundus
517 2423 579 2492 est
607 2390 716 2492 alter
749 2389 895 2492 multo
936 2399 1078 2520 major
1116 2390 1261 2507 sinus,
1291 2392 1370 2534 qui
1407 2392 1464 2493 ab
1500 2434 1620 2493 ocea-

145 2571 209 2633 no
249 2535 517 2636 Gtrmanico
568 2537 819 2674 eodemque
861 2531 1079 2634 Gotthico
1121 2529 1377 2674 profectm,
1421 2575 1621 2679 moxque
1666 2619 1671 2630 .

145 2674 449 2781 Gothlandam
480 2678 658 2780 Gotthis
695 2676 752 2778 ab
790 2712 893 2790 ortu
929 2677 1121 2777 vicinam
1149 2677 1336 2778 insulam
1365 2680 1621 2820 complexus

147 2859 174 2923 a
211 2858 335 2963 parte
390 2863 463 2924 seu
507 2825 647 2966 gradu
690 2822 1066 2966 quinquagesimo
1116 2821 1248 2922 tertio
1290 2822 1345 2923 ad
1390 2859 1622 2966 septuage-

147 2967 312 3068 simum
365 3005 616 3090 octavum,
661 2969 710 3069 in
754 2967 1120 3110 septemtrionem
1163 2967 1353 3067 excurrit
1390 2967 1623 3070 Gotthiam

147 3111 421 3250 Uplandiam
474 3113 735 3214 Gestriciam
786 3111 983 3214 Sueciam
1037 3108 1318 3252 Helsingiam
1370 3111 1622 3252 Middelpu

149 3253 292 3375 diam,
321 3255 432 3355 item
467 3257 653 3357 Botniae
682 3257 963 3398 Lappiaeque
998 3291 1170 3395 partem
1206 3256 1264 3353 ad
1293 3253 1509 3356 sinistram
1547 3295 1623 3356 oc-·

149 3435 387 3540 casumque
431 3399 721 3542 relinquens,
768 3432 819 3498 ut
859 3435 1000 3540 nuper
1042 3395 1170 3500 nobis
1212 3399 1335 3499 docti
1382 3395 1619 3518 homines,

149 3577 197 3640 ct
240 3541 354 3643 illius
406 3577 565 3643 tractus
617 3543 748 3687 periti
797 3583 848 3644 ac
896 3541 1133 3683 indigenae
1184 3542 1411 3686 descriptis
1464 3539 1621 3643 tabulis

150 3686 459 3808 tradiderunt,
494 3689 612 3791 unde
649 3727 764 3790 terra
798 3687 1029 3789 continens
1065 3690 1121 3790 ad
1157 3687 1302 3830 ipsum
1348 3727 1460 3828 pene
1505 3683 1621 3784 coeli

149 3831 377 3935 cardinem
414 3835 687 3979 porrigitur3
725 3871 828 3936 nam
866 3832 931 3935 ibi
965 3873 1153 3935 oceanus
1197 3872 1339 3935 rursus
1382 3827 1620 3948 occurrit,

147 4009 195 4071 et
239 3975 286 4072 in
328 3981 535 4117 proximo
577 3981 716 4083 insula
757 3979 986 4117 Magnetum
1027 3980 1374 4118 cognominata,
1417 3971 1501 4115 ipsi
1541 3979 1620 4072 Ar-

149 4115 270 4216 ctico
314 4121 423 4259 polo
468 4162 578 4264 pene
624 4127 848 4258 subjecta,
899 4125 973 4224 sed
1010 4121 1190 4260 paulum
1233 4119 1281 4217 in
1319 4115 1420 4217 solis
1466 4152 1617 4218 ortum

152 4259 396 4368 inclinans:
437 4267 498 4367 ita
533 4308 590 4366 ue
626 4307 719 4369 non
764 4307 925 4368 temere
972 4264 1045 4364 hic
1089 4263 1194 4364 alter
1238 4261 1359 4364 orbis
1404 4296 1617 4363 terrarum

153 4445 179 4503 a
211 4405 483 4545 quibusdam
501 4309 630 4530 init,
662 4448 711 4511 ut
747 4411 910 4510 Plinius
941 4403 1097 4526 refert,
1126 4408 1387 4549 appellatus,
1415 4407 1488 4506 sed
1519 4445 1621 4546 pen·
1701 4461 1705 4470 ·

156 4545 342 4651 insulam
397 4555 638 4696 Procopius
689 4555 871 4656 Tullam
908 4554 1157 4671 nominat,
1203 4587 1247 4652 ct
1289 4551 1511 4652 Britannia
1548 4551 1619 4650 de-

155 4731 253 4794 cem
290 4695 481 4838 partibus
518 4711 733 4842 majorem
769 4743 856 4802 esse
893 4699 1053 4817 tradit,
1092 4735 1135 4798 et
1171 4697 1219 4797 in
1261 4709 1418 4839 Regna
1465 4699 1617 4795 decem

158 4837 367 4945 divisam.
407 4853 534 4952 Haec
569 4846 708 4989 igitur
751 4845 978 4989 peninsula
1023 4841 1294 4948 Gotthorum
1339 4840 1480 4984 patria
1525 4873 1617 4954 est,

1577 5015 1620 5077 et
