4294 5984
589 446 669 535 150
991 429 1076 514 un
1120 428 1338 511 ursus
1386 424 1610 511 cnsrrs

501 591 780 708 ·vabantur,
800 603 802 608 ’
821 619 865 687 et
900 623 1038 728 paene
1073 584 1243 684 cunctis
1280 623 1331 682 ex
1368 579 1563 723 partibus
1601 579 1835 704 interclusi,
1876 586 2014 694 duris.

503 761 625 878 'que
673 729 1029 834 subvectionibus
1084 768 1113 827 a
1162 768 1209 828 te
1251 721 1540 828 frumentaria
1581 725 1860 846 laborantes,
1901 736 2011 841 nibil

534 888 655 1013 jam,
692 876 776 976 nisi
811 878 866 976 de
902 908 1001 974 tuto
1045 909 1255 1014 receptu,
1299 874 1579 1016 domumque
1621 875 1842 976 reditione
1879 883 2011 1025 cogi-

535 1059 654 1141 tare,
692 1056 830 1161 utque
867 1019 1177 1120 Helvetiorum
1215 1055 1359 1117 novae
1396 1018 1597 1160 quinque
1634 1019 1827 1119 millium
1862 1019 2007 1128 homi-

536 1203 647 1266 num
691 1164 840 1264 manui
883 1205 971 1266 sese
1013 1173 1361 1306 conjungerent,
1399 1162 1522 1283 niti,
1566 1200 1681 1303 quac
1724 1202 1878 1266 manus
1922 1170 2002 1270 suis

537 1349 631 1412 non
668 1317 759 1439 jam
795 1308 852 1407 ad
894 1308 1058 1409 bellum
1096 1308 1373 1448 gerendum,
1409 1307 1507 1424 sed,
1549 1343 1600 1406 ur
1638 1308 1826 1409 domum
1869 1313 2002 1415 redire

481 1492 484 1498 ·
540 1491 746 1600 possent,
783 1451 948 1555 auxilio
986 1451 1246 1554 veniebant.
1284 1450 1553 1550 Almirallius
1595 1489 1648 1550 ex
1693 1453 1894 1573 Novaria
1932 1495 2003 1556 co-

543 1599 633 1740 pias
670 1597 893 1698 instructas
925 1608 1212 1738 Romagnum
1249 1595 1462 1718 deducit,
1498 1629 1542 1693 et
1578 1633 1681 1694 curn
1713 1597 1929 1697 Helvetiis
1961 1599 2004 1699 il·

541 1743 622 1860 lis,
659 1742 740 1880 qui
775 1743 832 1841 ad
868 1742 1102 1841 Porediam
1138 1739 1447 1856 constiterant,
1482 1737 1774 1840 conveniendi
1807 1739 1909 1840 loto
1950 1743 2002 1842 ad

542 1885 723 1989 Sesitem
779 1883 967 1983 fluvium
1025 1923 1099 2023 per
1148 1883 1438 1984 internuntios
1493 1882 1735 1982 constituto
1771 1957 1788 2001 ,
1833 1883 2003 1984 silentio

544 2027 686 2126 noctis
722 2064 859 2126 castra
894 2027 1073 2144 movit,
1109 2064 1150 2128 et
1187 2061 1376 2126 extrema
1411 2060 1565 2166 quarta
1601 2025 1789 2167 vigilia,
1813 2065 1890 2166 per
1925 2065 2001 2127 va-

545 2171 657 2270 dum
692 2179 873 2296 trajecto
921 2168 1133 2289 flumine,
1176 2209 1279 2269 cum
1328 2167 1542 2268 Helvetiis
1584 2169 1769 2267 Poredia
1813 2165 2008 2310 profectis

543 2351 638 2412 suas
674 2313 822 2451 copias
858 2315 1117 2441 conjunxit.
1156 2324 1227 2413 De
1270 2309 1350 2410 hac
1393 2311 1527 2412 simili
1567 2304 1699 2452 fugae
1742 2308 2009 2451 profectione

546 2455 752 2555 certiores
789 2451 894 2554 facti
925 2455 1176 2556 Caesariani
1208 2455 1458 2591 equitatum
1494 2454 1551 2552 ad
1586 2458 1899 2556 consectandos
1933 2455 2010 2557 ho·

545 2631 629 2696 stes
676 2595 1009 2715 immisserunt',
1057 2594 1178 2698 mille
1226 2594 1396 2695 circiter
1444 2595 1665 2738 peditibus
1712 2598 2008 2739 scloppetariis

546 2737 758 2876 expeditis
794 2777 869 2836 sua
910 2777 1065 2878 sponte
1106 2736 1272 2880 absque
1316 2740 1445 2880 signo
1481 2740 1662 2843 militari
1703 2742 2007 2882 subsequenti⁴

546 2877 658 3000 bus,
694 2919 721 2978 a
763 2881 924 3021 quibus
965 2883 1137 2985 eminus
1179 2881 1466 3016 jaculantibus
1509 2882 1675 2986 turbati
1720 2883 1903 3005 hostes,
1946 2925 2008 2986 se-

547 3061 637 3164 que
671 3021 747 3122 vix
782 3021 838 3124 ab
874 3021 1009 3126 effusa
1042 3021 1149 3168 fi1ga
1191 3027 1491 3148 continentes,
1533 3029 1647 3127 male
1690 3024 1836 3128 habiti
1879 3065 2005 3146 sunt,

548 3202 795 3305 eorumque
831 3206 922 3269 non
958 3170 1087 3309 pauci
1122 3170 1383 3290 desiderati,
1420 3207 1464 3270 cr
1498 3171 1547 3271 in
1582 3171 1648 3272 his
1685 3172 1887 3313 equitum
1913 3172 2005 3268 duo

549 3301 757 3448 praefecti
793 3317 941 3410 Petrus
978 3313 1179 3442 Bajardus
1216 3352 1259 3413 et
1302 3321 1499 3448 Joannes
1541 3318 1831 3423 Cabanaeust
1874 3311 2009 3454 plures

549 3449 794 3570 vulnerati,
816 3453 863 3554 in
884 3453 1123 3596 primisque
1139 3457 1404 3558 Almirallius
1441 3458 1532 3598 ipse
1567 3497 1703 3602 grave
1738 3458 1896 3560 vulnus
1939 3493 2011 3558 ac·

550 3593 696 3731 ¹cepits
732 3633 813 3694 nec
844 3599 965 3736 prius
1003 3639 1055 3700 cx
1097 3599 1256 3702 timore
1297 3643 1347 3704 ac
1383 3601 1697 3742 trepidatione,
1732 3601 1883 3706 multis
1919 3635 2010 3700 ror·

550 3734 711 3836 mentis
734 3738 973 3883 signisque
1017 3743 1312 3865 militaribus,
1356 3783 1401 3847 er
1443 3747 1773 3885 impedimentis
1816 3743 2012 3865 amissis,

552 3915 640 3978 sese
675 3878 820 3983 hostes
855 3923 1141 4031 receperunt,
1178 3928 1315 4032 quam
1356 3889 1608 3994 Caesariani
1649 3890 1785 3996 finem
1826 3883 2012 3993 facerent

552 4016 841 4159 insequendi.

621 4173 745 4268 XlV.
818 4169 952 4272 Pulsis
988 4175 1110 4276 ltalia
1146 4175 1312 4297 Gallis,
1347 4217 1398 4280 ac
1435 4180 1586 4280 Laude
1623 4188 1835 4321 Pompeja
1878 4214 1924 4279 et
1959 4177 2018 4277 Α·

549 4305 767 4411 lexandria
779 4388 795 4432 ,
831 4354 947 4455 quae
983 4321 1153 4462 oppida
1191 4321 1414 4463 praesidiis
1450 4323 1605 4425 Italicis
1648 4325 1830 4427 nomine
1867 4320 2019 4424 Gallo·

550 4483 652 4548 tum
680 4453 968 4580 tenebantur,
997 4467 1053 4566 ad
1081 4466 1361 4571 deditionem
1388 4469 1659 4611 compulsis,
1691 4469 1876 4573 Carolus
1905 4475 2022 4566 Cae·-

548 4627 620 4690 sar
655 4590 703 4693 in
729 4598 911 4701 Galliam
939 4609 1280 4749 Transalpinam
1314 4609 1479 4713 bellum
1518 4591 1742 4717 tdnsferre
1770 4608 2022 4729 constituit,

552 4769 609 4838 ne
645 4737 730 4846 sibi
762 4783 934 4896 semper
971 4789 1080 4860 esser
1114 4753 1288 4866 illatum
1323 4799 1351 4864 a
1385 4759 1519 4868 Gallis
1555 4757 1881 4868 defendendum
1894 4799 1911 4882 5
1925 4753 2024 5004 Iped

799 4977 800 4981 ι
1974 4937 2024 5000 ex
