4326 5986
1004 437 1010 448 .
1133 435 1155 445 ,,
1547 409 1572 494 8

214 651 217 658 ’
306 605 430 751 Jo.
479 601 870 788 oxursrr
927 433 1602 736 sarurvannd⁹

205 957 209 964 .
513 868 1345 978 onnauusonsars
1646 1061 1651 1070 κ

201 1095 895 1262 [CAROLI
979 1107 1544 1290 QUINTI

375 1413 802 1496 IMPERATORIS
834 1413 912 1492 ET
931 1421 1103 1492 REGIS
1136 1424 1459 1500 HISPANIAE

456 1755 526 1857 LI
542 1753 578 1854 B
593 1753 693 1855 ER
746 1751 1041 1857 DECIMUS
1088 1755 1376 1866 TERTIUS.

205 2029 257 2119 1.
201 1943 541 2152 'HUJus
577 2013 784 2116 victoriae
819 2015 978 2115 nuntio
1013 2017 1060 2116 in
1094 2019 1258 2118 Italiam
1292 2018 1458 2158 perlato
1489 2057 1649 2163 magna

190 2156 360 2298 ubique
397 2159 630 2320 gratulatio
668 2195 758 2257 non
796 2195 887 2295 per
909 2156 1037 2256 urbes
1076 2194 1248 2260 tantum
1279 2195 1322 2258 et
1353 2161 1550 2299 oppida,
1577 2165 1651 2263 sed

83 2298 85 2302 ’
191 2338 268 2439 per
304 2338 424 2398 vtcos
467 2302 600 2400 etiam
649 2334 780 2438 atque
821 2299 941 2397 villas
984 2293 1099 2398 facta
1137 2336 1234 2408 est·
1277 2335 1396 2399 tanta
1439 2337 1551 2400 certe
1600 2303 1649 2402 in

192 2440 303 2546 urbe
345 2451 527 2565 Roma,
562 2475 725 2598 quanta
761 2440 913 2552 nulla,
946 2480 1026 2539 nec
1069 2475 1158 2540 tam
1203 2481 1255 2540 ex
1296 2442 1446 2540 animo
1489 2443 1652 2542 multos

153 2703 155 2714 ‚
192 2621 330 2682 annos
383 2619 506 2684 ante.
560 2582 697 2680 Auxit
740 2579 860 2680 enim
909 2580 1188 2682 vehementer
1225 2581 1420 2723 publicae
1464 2583 1652 2683 laetitiae

192 2762 338 2822 causas
374 2759 559 2861 magnus
595 2722 732 2820 timot
768 2759 898 2860 atque
932 2761 1106 2822 moeror
1141 2764 1192 2822 ex
1230 2725 1522 2862 plurimorum
1560 2727 1653 2824 ani·

193 2863 277 2961 mis
315 2805 548 3002 depulsus,
590 2901 726 3001 quem
768 2901 918 2962 rumor
952 2864 1154 2992 injecerat
1197 2862 1253 2963 ab
1295 2864 1455 2964 invidis
1503 2862 1653 2966 obtre-

195 3005 517 3144 ctatoribusque
551 3004 735 3124 Caroli,
767 3042 868 3103 cum
904 3007 958 3104 de
995 3006 1114 3123 illis,
1151 3009 1258 3144 qu'as
1294 3006 1546 3126 diximus,
1554 3047 1651 3110 eru·

193 3144 421 3285 ptionibus
457 3146 709 3244 nuntiatum
742 3140 935 3265 fixisset,
974 3145 1184 3247 confictus
1220 3147 1343 3245 etin
1381 3084 1564 3288 vulgrim
1602 3193 1651 3250 e-

194 3286 341 3405 ditus,
378 3287 586 3387 Carolum
610 3292 844 3428 desperata
887 3288 1068 3388 Goletae
1113 3290 1475 3448 expugnatione,
1517 3325 1652 3428 utpo-

192 3463 238 3525 te
275 3429 418 3546 viris,
451 3429 720 3545 tormentis,
755 3465 887 3567 atque
924 3429 1130 3587 operibus
1167 3429 1522 3549 munitissimae,
1561 3465 1647 3530 sta

192 3568 321 3666 tuisse
358 3607 403 3666 re
439 3563 598 3666 infecta
633 3569 878 3686 discedere,
914 3604 957 3668 et
991 3607 1037 3666 tn
1073 3570 1259 3669 Siciliam
1295 3611 1395 3670 cum
1428 3573 1645 3710 praetoria

192 3710 420 3808 dumtaxat
463 3706 643 3808 cohorte
685 3709 914 3834 trajicere,
959 3709 1110 3810 relicto
1160 3713 1405 3851 traditoque
1456 3713 1645 3814 exercitu

192 3852 327 3970 duci,
363 3851 442 3990 qui
478 3852 677 3953 Goletam
714 3849 944 3954 obsidione
980 3889 1178 3991 urgeret,
1216 3886 1260 3950 et
1296 3852 1515 4014 reliquum
1550 3851 1645 3954 bel-

192 3992 286 4092 lum
322 3994 662 4094 administraret
683 3995 792 4114 Qui
827 4033 1011 4111 rumor,
1053 4027 1320 4132 quamquam
1350 4035 1375 4092 a
1408 3994 1510 4092 vrris
1542 4033 1645 4133 pru-

193 4132 426 4252 dentibus,
466 4136 630 4272 quique
654 4134 896 4291 ingenium
931 4069 1081 4234 Caioli
1119 4166 1443 4274 perspexerant,
1480 4173 1531 4235 ut
1565 4175 1644 4237 va-

194 4313 275 4374 nus
313 4311 356 4374 et
392 4275 718 4375 commentitius
752 4273 1051 4403 rejiciebatur,
1071 4275 1299 4415 plerosque
1336 4311 1483 4376 tamen
1519 4317 1643 4377 com-

190 4416 365 4535 movit,
403 4419 629 4516 accedente
653 4418 706 4514 ad
732 4454 829 4513 eam
855 4411 1018 4516 famam
1050 4417 1246 4556 longiore
1274 4419 1510 4537 Goletae,
1510 4459 1644 4558 quam

190 4555 249 4656 ab
294 4556 505 4656 omnibus
545 4554 902 4698 exspectabatur,
916 4559 1283 4795 oppugnationis
1328 4597 1477 4659 mora.
1524 4569 1644 4663 Nam

192 4696 241 4797 id
284 4700 542 4802 dedecus
512 4739 549 4801 st
588 4699 823 4802 admissum
872 4693 1020 4799 fixisset
1068 4739 1096 4798 a
1145 4699 1275 4800 Carol
1277 4738 1345 4818 o,
1371 4738 1506 4800 nemo
1557 4735 1647 4800 erat

1536 4843 1648 4980 quin
