4368 5984
570 389 646 460 un.
943 391 1080 484 Jonn.
1113 395 1227 467 cun.
1254 391 1559 466 suovtvuunn

548 509 606 596 hic
622 517 803 600 secundus
829 516 905 605 sive
930 518 1117 627 Dialogus
1139 524 1183 604 de
1200 523 1322 631 justis
1333 521 1419 606 belli
1436 527 1563 604 causis
1588 518 1777 602 aduersus
1802 513 1911 602 Indos
1928 540 1941 619 ;
1957 541 1996 603 et

549 654 677 716 tamen
703 636 901 742 nonnulli,
928 637 1064 750 quibus
1082 667 1130 723 ne
1156 638 1347 723 minimam
1365 638 1518 752 quidem
1544 637 1666 752 operis
1695 635 1912 752 particulam
1939 637 1997 719 le-

552 752 645 866 gisse
670 754 856 870 contigit,
880 755 1136 840 conviciorum
1163 756 1325 870 plaustra
1350 755 1389 840 in
1405 781 1597 840 auctorem
1614 756 1797 864 conjicere
1820 781 1901 836 non
1927 755 1996 838 du·

552 869 782 976 bitaverint,
818 900 982 987 eumque
1013 876 1208 958 traducere
1237 899 1433 989 tamquam
1459 873 1659 988 pessimum
1675 870 1921 985 Theologum
1953 899 1997 955 ac

553 981 742 1074 fautorem
767 990 1100 1075 crudelissimorum
1117 989 1355 1094 facinorum,
1386 1018 1485 1106 quae
1502 1023 1523 1076 a
1542 991 1688 1103 perditis
1712 987 1927 1073 hominibus
1958 1018 1996 1071 a·

555 1103 635 1216 pud
660 1135 805 1192 novum
822 1109 967 1194 Orbem
984 1108 1021 1191 in
1035 1111 1150 1196 Indos
1168 1113 1477 1224 perpetrabantur
1496 1169 1508 1217 ,
1538 1107 1816 1225 indignantibus
1833 1104 1999 1222 Regibus

557 1219 789 1330 Catholicis,
819 1226 958 1344 piisque
976 1227 1059 1311 vitis
1086 1229 1290 1332 omnibus,
1316 1227 1453 1343 quibus
1576 1267 1584 1284 ⁴

826 1346 892 1426 De
906 1350 1053 1428 meliore
1076 1351 1151 1430 luto
1170 1343 1292 1444 fiuxit
1309 1351 1538 1454 praeculta
1561 1346 1694 1428 Titan.

558 1461 685 1548 Nobis
701 1489 794 1546 vero
823 1460 1056 1575 propositum
1074 1489 1129 1548 est
1151 1462 1283 1566 ‚omni
1304 1464 1465 1576 partium
1490 1463 1615 1548 studio
1632 1457 1763 1576 procui
1780 1459 1999 1565 amandato,

560 1579 720 1664 auctoris
750 1580 970 1664 sententiam
987 1582 1090 1665 bona
1108 1578 1181 1665 fide
1205 1581 1242 1663 in
1270 1579 1436 1667 medium
1462 1577 1656 1694 proferre,
1687 1607 1757 1663 nec
1788 1579 2001 1664 dubitamus

561 1697 653 1812 quin
676 1697 746 1780 lrae
777 1721 925 1782 tantum
955 1697 1144 1813 diligentia
1171 1697 1420 1814 supulvedam
1451 1727 1475 1784 a
1507 1697 1774 1784 maledicorum
1798 1694 1934 1809 injuriis
1959 1723 2002 1781 ae

562 1813 798 1900 contumeliis
826 1815 1066 1902 vindicemus.

654 1934 850 2046 Scripserat
881 1933 1091 2046 Sepulveda
1116 1935 1271 2020 doctum
1294 1965 1382 2022 sane
1404 1961 1518 2052 atque
1542 1933 1753 2050 elegantem
1777 1935 1822 2016 de
1837 1934 2002 2016 honesta

563 2063 604 2135 te
626 2054 846 2158 discipliuae
873 2057 1053 2135 militaris
1078 2053 1310 2161 Dialogum,
1345 2083 1460 2170 quem
1479 2057 1741 2136 Democratem
1766 2049 2009 2164 inscripserat,

564 2167 652 2253 hinc
676 2171 916 2253 Democruiis
942 2175 1093 2252 secundi
1123 2171 1277 2255 nomine
1293 2172 1481 2288 insignivit
1507 2171 1608 2254 hune
1624 2175 1669 2251 de
1679 2174 1800 2278 justis
1816 2170 1902 2250 belli
1921 2193 2006 2251 cau·

565 2297 635 2370 sis.
668 2287 887 2401 Agitabatur
909 2311 1001 2372 tnnc
1028 2288 1205 2400 temporis
1234 2317 1373 2406 magna
1405 2289 1617 2371 animorum
1647 2285 1891 2372 contentione
1907 2283 2007 2370 cele·

468 2467 476 2482 .
566 2404 640 2487 bris
665 2404 723 2487 illa
746 2433 784 2492 et
807 2401 1023 2518 perdifficilis
1049 2405 1221 2519 quaestio
1244 2407 1292 2491 de
1324 2405 1456 2517 justitia
1473 2405 1585 2508 belli,
1607 2405 1715 2519 quod
1742 2403 1780 2487 in
1810 2400 1901 2488 novi
1932 2403 2010 2485 Or·

567 2523 625 2605 bis
657 2521 799 2608 accolas
817 2523 1029 2636 gerebatur.
1059 2527 1153 2607 Non
1170 2550 1247 2605 una
1272 2548 1353 2607 erat
1376 2521 1664 2636 Theologorum
1696 2521 1904 2606 sententia:
1936 2517 2010 2602 aliis

569 2639 712 2723 calculo
728 2667 801 2723 suo
812 2639 848 2722 id
869 2639 1141 2750 probantibus,
1168 2639 1242 2724 aliis
1266 2668 1290 2723 e
1314 2638 1503 2726 contrario
1530 2669 1608 2722 non
1625 2639 1765 2723 bellum
1780 2637 1905 2722 modo
1919 2698 1932 2744 ,
1947 2631 2013 2719 sed

569 2779 610 2839 et
624 2755 700 2866 ejus
725 2756 878 2872 gerendi
897 2756 1081 2841 rationem
1106 2757 1396 2869 improbandam
1429 2757 1675 2842 censentibus.
1707 2748 1920 2857 Genesius,
1947 2751 2012 2866 qui

569 2873 787 2990 gravissimis
813 2873 852 2958 id
876 2903 993 2990 genus
1021 2874 1330 2988 disputationibus
1358 2900 1505 2986 semper
1536 2902 1575 2958 se
1604 2873 1842 2988 interponere
1870 2869 2014 2956 solebat

567 2991 733 3075 veritatis
760 2991 1011 3106 anquirendae
1039 2993 1181 3106 gratia,
1208 3019 1278 3076 ceu
1302 2991 1560 3107 gravissimum
1578 2992 1734 3076 decebat
1754 2989 2016 3104 Theologum,

570 3131 616 3192 ur
632 3108 662 3191 si
688 3107 763 3191 fieri
788 3133 936 3222 posset,
964 3136 1036 3221 pax
1066 3109 1163 3196 inter
1183 3109 1398 3194 dissidentes
1414 3108 1704 3211 conciliaretur3
1728 3105 1827 3223 quid
1856 3105 1920 3190 sibi
1939 3103 2015 3190 ‹lics

571 3249 778 3339 noctesque
803 3253 882 3308 rem
908 3225 1102 3311 meditanti
1133 3287 1146 3330 ,
1174 3251 1212 3310 et
1241 3255 1426 3310 sacrarum
1456 3226 1661 3310 litterarum
1692 3284 1705 3330 ,
1754 3229 1815 3310 SS.
1845 3227 2013 3326 Parrum,

572 3367 819 3455 veterumque
841 3340 926 3450 'pitis
951 3343 1064 3429 divim
1080 3367 1118 3428 et
1142 3343 1297 3427 humani
1319 3341 1577 3427 consultorum
1598 3341 1787 3427 doctrinae
1812 3340 1932 3428 visum
1954 3368 2013 3425 es*

569 3483 628 3543 set
659 3459 775 3572 magis
798 3483 1094 3543 consentaneum
1123 3517 1138 3564 ,
1168 3460 1307 3575 scripto
1336 3458 1542 3545 mandavit.
1571 3466 1704 3574 ltaque
1728 3459 1926 3544 laudatum
1939 3456 2016 3541 eln-¹

570 3576 747 3662 eubravir
773 3574 1009 3690 dialogum,
1051 3578 1089 3660 in
1122 3606 1204 3690 quo
1238 3579 1506 3661 Dernocrtatem
1541 3601 1579 3663 et
1607 3577 1830 3687 Leopoldum
1858 3573 2016 3687 loquen-

568 3715 628 3777 tes
656 3690 814 3776 induxit.
848 3693 924 3774 Hic
952 3693 1250 3778 adversariorum
1279 3719 1506 3810 argumenta
1532 3695 1741 3808 proponit,
1766 3691 1826 3777 ille
1857 3691 1978 3776 diluit.

661 3807 736 3894 Sed
750 3809 932 3922 quoniam
952 3809 1092 3896 libellus
1108 3810 1167 3895 hic
1187 3829 1200 3867 ¹
1231 3811 1352 3896 editus
1384 3813 1421 3894 in
1439 3811 1567 3896 lucem
1583 3839 1662 3896 non
1680 3835 1734 3897 est
1751 3810 1831 3916 ,tui
1847 3808 2016 3912 diximus,

570 3951 614 4010 et
629 3955 707 4009 non
723 3925 918 4013 aberretis
945 3927 1090 4023 modo,
1116 3929 1182 4012 sed
1213 3928 1363 4012 etiama
1395 3955 1612 4014 nostrorum
1637 3927 1818 4042 plerisque
1841 3926 1927 4011 atris
1952 3928 2015 4012 de·
2075 4037 2077 4042 ι

569 4042 735 4156 pingitur
759 4043 976 4150 coloribus,
1002 4043 1143 4154 juvabit
1171 4046 1208 4127 in
1224 4074 1272 4130 eo
1289 4046 1516 4130 recensendo
1538 4043 1672 4132 diutius
1696 4044 1896 4128 immorari.

661 4159 909 4273 Leopoldus,
935 4162 1039 4277 “qui
1052 4167 1288 4248 Germanum
1315 4191 1353 4248 se
1383 4161 1489 4279 fingit
1522 4223 1535 4270 ,
1568 4162 1691 4248 statim
1723 4163 1772 4246 ab
1801 4160 1907 4246 initio
1938 4159 2015 4246 bel-
2138 4183 2140 4188 ·

1938 4276 2017 4362 lum

611 4437 628 4478 1
672 4419 850 4494 Sepulvedae
865 4423 1025 4498 Dialognm
1045 4443 1198 4501 tuamquam
1214 4431 1293 4506 typis
1309 4432 1493 4488 commissum
1514 4425 1627 4500 fuisse,¹
1643 4440 1703 4486 tam
1717 4439 1826 4486 eertum
1846 4437 1912 4494 est,
1926 4436 2012 4494 quam

563 4501 643 4574 qttod
657 4503 858 4560 certissimum.
885 4505 945 4578 Qui
965 4506 1050 4561 aliuer
1070 4525 1175 4580 magno
1196 4527 1314 4566 numero
1336 4513 1474 4582 seilpsete
1492 4547 1502 4579 ,
1519 4527 1669 4581 perperam
1685 4525 1753 4565 enm
1775 4524 1810 4564 eo
1832 4501 2011 4561 confundunt

566 4579 749 4658 Apologiom
766 4595 822 4653 pro
841 4581 922 4638 libra
937 4583 973 4640 da
993 4585 1084 4651 justis
1096 4586 1169 4643 belli
1188 4590 1282 4644 cauus
1295 4605 1313 4643 a
1326 4587 1367 4644 V.
1381 4589 1427 4646 Cl.
1445 4591 1578 4644 Antonio
1596 4589 1760 4662 Augustino
1770 4587 1880 4642 Romae
1893 4581 2009 4640 edituu-

565 4659 634 4736 Qno
654 4665 689 4714 de
706 4662 790 4714 latius
806 4675 913 4732 postea
928 4663 1108 4721 disseremus.

604 4757 622 4796 a
665 4739 824 4812 Dialogum
845 4741 1073 4812 huncseriptum
1099 4744 1264 4802 vallisoleti
1293 4746 1424 4804 iudicant
1445 4747 1532 4802 verba
1555 4746 1606 4802 illa
1625 4744 1786 4817 Leopoldi:
1817 4739 2002 4820 Quandonot

560 4821 593 4876 lu
606 4819 659 4877 boc
673 4821 776 4890 oppida
799 4821 827 4876 R
837 4823 906 4896 egio
921 4821 1086 4894 Hispaniae
1100 4822 1289 4882 celeberrimo
1297 4865 1307 4898 ,
1321 4829 1439 4897 nescio,
1462 4843 1532 4900 quoe
1546 4823 1674 4900 fortmm
1688 4823 1857 4894 conjunxit:
1881 4830 1910 4881 et
1927 4814 2007 4878 bodl!

557 4901 649 4956 ariam
662 4899 693 4958 t'o
709 4899 750 4957 iis
767 4899 807 4958 od
831 4900 997 4962 Pt'sarocae
1014 4904 1111 4974 ripum
1128 4905 1254 4965 amoenis
1276 4905 1372 4968 horris
1388 4907 1468 4964 nacti
1481 4921 1596 4980 sumus,
1611 4914 1667 4962 eet.
