4368 5984
549 385 611 452 ur.
935 379 1071 472 Jonu.
1091 375 1528 454 communiverant

524 537 595 595 nus
612 507 741 612 dedit,
779 535 817 595 et
835 507 1027 594 succisivns
1049 508 1191 613 horas,
1217 538 1312 623 quas
1344 499 1548 618 litterarum
1579 511 1813 600 Graecarum
1836 514 1984 625 studio,

523 629 672 744 inquo
703 629 769 713 diu
802 628 1040 742 multumque
1072 623 1193 712 fuerat
1224 653 1421 732 versatus,
1451 629 1668 744 impendere
1699 663 1982 743 consueverat,

523 747 613 833 huic
642 748 748 863 operi
784 745 1020 833 conficiendo
1050 745 1274 832 destinavit.
1307 747 1434 843 'Quod
1465 779 1561 863 opus
1586 750 1789 839 Ludovico
1822 756 1982 841 Carrillo

525 867 798 956 albornotio1
831 866 909 978 jure
925 864 1074 980 optimo
1103 863 1305 951 dicandum
1322 864 1592 971 statuit·,·viro
1620 897 1701 954 non
1732 872 1854 956 solum
1883 873 1982 959 inter

524 986 731 1101 Hispaniae
755 1013 926 1099 proceres
955 983 1098 1100 generis
1130 982 1323 1069 nobilitate
1344 1007 1382 1070 et
1406 984 1512 1069 omni
1548 985 1688 1074 virtute
1718 991 1983 1102 praestantissi-

525 1137 622 1211 mo,
651 1105 717 1191 sed
732 1104 844 1189 etiam
862 1101 1139 1188 Albornotiane
1153 1099 1310 1188 familiae
1333 1103 1512 1218 principi,
1530 1133 1575 1188 ac
1590 1106 1748 1217 proinde
1777 1109 1918 1224 gloriae
1932 1139 1982 1195 ac

524 1224 681 1312 laudum
708 1222 856 1340 Aegidii
885 1221 1051 1339 legitimo
1075 1221 1213 1306 heredi.
1247 1220 1456 1335 Sepulveda
1480 1223 1639 1308 candide
1672 1223 1847 1332 fatetur,
1879 1228 1981 1313 mul-

523 1369 607 1430 tum
635 1373 674 1430 se
714 1371 853 1456 operae
890 1340 1054 1456 posuisse
1084 1367 1165 1424 non
1198 1338 1317 1424 modo
1342 1365 1386 1425 ut
1419 1341 1580 1427 orationi
1614 1341 1774 1430 Latinae
1814 1345 1979 1462 aliquem

524 1463 687 1548 nitorem
715 1461 900 1566 adderet,
930 1459 995 1544 sed
1015 1457 1137 1543 multo
1151 1457 1268 1574 magis
1283 1457 1320 1541 in
1352 1459 1588 1547 revolvendis
1604 1459 1668 1547 illis
1692 1464 1831 1578 scriptis
1849 1525 1860 1570 ,
1878 1494 1978 1579 quo·

524 1612 610 1667 rum
632 1579 774 1686 fidem,
804 1579 869 1664 sed
905 1603 1179 1694 praepostere,
1216 1599 1363 1663 secutus
1397 1574 1518 1665 luerat
1550 1584 1681 1666 Garzo
1713 1642 1726 1686 ,
1764 1606 1807 1667 ut
1849 1582 1980 1698 aliqua

524 1701 643 1786 saltim
664 1700 838 1785 locorum
867 1725 911 1782 ac
935 1719 1153 1813 temporum
1175 1694 1271 1781 ratio
1298 1720 1512 1805 constaret,
1529 1723 1569 1784 et
1594 1727 1694 1814 quae
1718 1698 1980 1788 desideraban-

523 1845 614 1923 tur,
639 1817 816 1933 expleret.
1796 1881 1798 1887 s
2056 1917 2060 1923 ¹

614 1941 794 2023 Ceterum
810 1959 889 2020 ram
918 1930 1109 2020 cumulate
1134 1932 1281 2018 muneri
1307 1963 1377 2020 suo
1393 1931 1584 2042 satisfecit,
1610 1963 1654 2022 ut
1685 1965 1731 2023 ex
1759 1936 1830 2022 hac
1854 1938 1978 2052 prima

524 2056 757 2172 Sepulvedac
782 2053 1042 2141 lucubratione
1063 2053 1147 2138 satis
1170 2053 1378 2140 luculenter
1403 2080 1610 2169 appareat,
1644 2081 1834 2171 quantum
1865 2051 1980 2143 fuerit

523 2176 601 2288 ejus
623 2174 845 2290 ingenium,
878 2196 1099 2292 quantaque
1124 2170 1163 2258 in
1190 2172 1340 2288 optimis
1380 2172 1535 2260 Latium
1568 2172 1719 2294 l'mguae
1760 2175 1979 2263 auctoribus

524 2292 710 2380 imitandis
726 2289 892 2379 facultas.

610 2417 801 2497 Excusum
825 2436 880 2498 est
904 2413 981 2497 hoc
1007 2441 1104 2524 opus
1139 2410 1336 2496 Bononiae
1363 2412 1527 2524 primum
1552 2410 1652 2524 typis
1684 2411 1913 2526 Hieronymi
1929 2413 1982 2500 de

517 2530 726 2616 Benedictis
740 2559 830 2614 ann.
855 2557 981 2639 ¹52¹·
1010 2557 1099 2613 curn
1116 2528 1187 2611 hac
1218 2527 1486 2642 inscriptione:
1512 2529 1652 2610 Rerum
1666 2544 1863 2638 gestarum
1896 2535 1975 2613 Ae-

517 2653 620 2757 gidil
648 2649 862 2732 Alburnotii
891 2647 1050 2732 Curtilli
1074 2646 1297 2732 Cenabensis
1327 2647 1373 2729 S.
1392 2643 1446 2744 dl.
1465 2649 1518 2732 E.
1544 2645 1763 2731 Cardinalis
1790 2708 1803 2752 ,
1828 2662 1867 2730 et
1895 2651 1980 2732 Ar·

519 2769 748 2875 chiepircopi
762 2766 947 2871 Toletani,
959 2769 1067 2849 ducis
1082 2772 1287 2848 clarissimi
1304 2765 1398 2850 libri
1413 2781 1507 2872 tres,
1524 2775 1564 2848 iu
1580 2769 1727 2872 qulbus,
1743 2791 1817 2872 qua
1832 2774 1978 2852 ratione

520 2892 719 2995 ipranmea
742 2905 958 2994 oppressam
982 2893 1168 2969 servitute
1185 2883 1334 2967 ltaliam
1364 2893 1403 2966 in
1428 2887 1640 2968 libertatem
1668 2892 1862 2989 asseruit,
1897 2888 1977 2970 Ec-

521 3009 725 3109 clesiaeque
747 3012 948 3109 restituit,
975 3020 1013 3086 et
1037 2999 1238 3098 Pontifices
1267 3004 1463 3088 Aveuione
1489 3009 1705 3087 exsulantes
1729 2997 1888 3092 liumam
1917 3031 1978 3086 re·

518 3127 661 3226 duxit,
690 3127 825 3230 legisse
852 3141 985 3231 operae
997 3119 1309 3230 pretiumfuerit.
1343 3123 1407 3207 Ad
1423 3119 1561 3206 calcem
1578 3120 1687 3233 hujus
1709 3120 1881 3208 historiae
1898 3125 1976 3207 Ae-

522 3241 694 3357 gidianae
717 3241 922 3326 adteritur:
942 3241 1088 3325 Brevis
1105 3241 1347 3324 Bononiensis
1365 3239 1522 3350 Collegii
1539 3238 1800 3351 Hispanorum
1829 3243 1979 3326 descri-
2098 3247 2101 3254 ’

516 3369 603 3470 ptt'o
620 3418 633 3463 ,
660 3375 697 3440 et
720 3363 986 3464 quorumdam,
1016 3384 1110 3466 quae
1126 3362 1178 3440 ad
1192 3367 1314 3467 ipsum
1327 3367 1518 3468 pertinent
1531 3389 1558 3463 ,‘
1569 3367 1872 3444 commemoratio.

613 3477 755 3563 Prodiit
779 3478 914 3563 iterum
947 3506 992 3561 ac
1023 3477 1135 3563 tertio
1165 3476 1364 3563 Bononiae
1401 3477 1620 3586 Aegidiarru
1645 3479 1832 3580 historia,
1865 3503 1978 3562 nem«

525 3623 573 3711 pe
598 3625 685 3681 ann.
723 3625 846 3706 1559.
875 3593 942 3682 fol.
967 3595 1066 3712 typis
1104 3595 1261 3682 Antonii
1293 3595 1509 3689 Giaccarelli
1534 3625 1578 3682 ac
1611 3595 1800 3712 Peregrini
1832 3599 1978 3681 Bonar·

471 3703 475 3714 ’
524 3714 601 3819 di,
634 3742 778 3799 sumtus
804 3714 1065 3830 suppeditante
1099 3713 1274 3831 Collegio
1308 3776 1320 3820 ,
1356 3715 1419 3799 cui
1459 3738 1542 3801 turn
1591 3738 1760 3833 praeerat
1808 3709 1978 3799 Michael

524 3831 755 3938 Salazarius,
781 3859 913 3947 postea
930 3834 1054 3948 Judex
1084 3833 1299 3954 provinciae
1319 3833 1553 3919 Calabrensis
1575 3832 1613 3919 in
1642 3862 1763 3950 regno
1792 3829 1977 3946 Neapoli-

524 3973 647 4054 tano,
673 3951 809 4038 deinde
827 3981 914 4038 ann.
940 3955 1065 4036 1628.
1090 3951 1229 4039 ibidem
1246 3951 1343 4067 typis
1368 3951 1574 4038 Clementis
1602 3952 1788 4036 Petronii.
1823 3955 1866 4034 In
1892 3949 1978 4036 edi·

524 4067 630 4153 tione
646 4097 738 4155 vero
763 4101 923 4184 operum
954 4072 1017 4184 Jo.
1033 4071 1186 4156 Genesii
1208 4071 1473 4187 Sepulvedae,
1506 4099 1606 4187 quae
1636 4068 1791 4183 junctim
1827 4066 1976 4181 prodie-

525 4215 566 4271 re
589 4186 777 4272 Coloniae
801 4190 1030 4306 Agrippinae
1055 4219 1101 4276 ex
1121 4187 1272 4276 officina
1301 4183 1586 4275 Birckmannica
1613 4187 1795 4274 sumtibus
1811 4183 1978 4278 Arnoldi

527 4305 639 4434 Mylii
663 4335 754 4391 ann.
772 4310 834 4394 M.
851 4311 939 4393 DC.
952 4312 997 4395 11.
1021 4307 1153 4416 in4⁰²
1194 4311 1357 4425 primum
1374 4309 1521 4396 obtinet
1536 4309 1676 4396 locum.

1872 4425 1978 4510 Cum

579 4577 593 4618 1
649 4561 813 4620 Ludovieus
828 4559 968 4620 Curtillus
982 4559 1103 4622 fratrem
1123 4564 1223 4623 habuit
1240 4565 1412 4624 Gomeaium
1427 4607 1438 4640 ,
1465 4567 1512 4640 qui
1533 4549 1741 4645 magnu'ant'mo
1754 4583 1799 4623 ma
1823 4580 1912 4640 traque
1924 4581 1976 4620 aa·

522 4643 641 4718 pientia
662 4644 769 4717 (verba
785 4661 851 4700 sunt
866 4643 1045 4717 Sepulvedae
1064 4647 1095 4702 in
1113 4645 1293 4720 praefatIone
1314 4649 1350 4703 ad
1365 4665 1455 4720 opus,
1476 4648 1583 4717 dequo
1603 4649 1762 4721 loquimur)
1811 4645 1975 4702 auriensem

527 4720 698 4781 Ecclesium
718 4721 935 4782 Thesaurnrius
962 4729 1126 4783 moderatur
1153 4766 1164 4798 ,
1195 4745 1300 4803 quoque
1322 4725 1433 4784 alumno
1462 4724 1625 4807 Collegium
1653 4737 1780 4783 nostrum
1804 4723 1972 4805 gloriatur,

524 4821 685 4878 quemque,
698 4805 739 4860 ait
753 4846 763 4878 ‚
778 4807 911 4864 litterisa
925 4824 955 4864 se
975 4811 1138 4864 consultum
1156 4813 1249 4865 tttulta
1262 4827 1278 4866 e
1292 4807 1421 4865 fidelibus
1435 4811 1630 4865 monumentis
1639 4807 1834 4880 suppeditasse
1848 4805 1884 4863 ad
1897 4805 1974 4862 hanc

528 4885 678 4946 historiam
694 4887 880 4959 pertinentia.

581 4982 599 5026 a
654 4965 804 5050 Quoniam
823 4967 923 5028 erebra
939 4985 957 5028 a
973 4969 1056 5028 nobis
1081 4967 1193 5029 mentio
1215 4967 1297 5046 hujus
1310 4969 1447 5031 editionis
1468 4987 1527 5030 uon
1544 4967 1636 5028 cuivis
1655 4967 1760 5028 obviae
1773 4968 1805 5026 in
1828 4983 1980 5047 progressa

1907 5062 1980 5122 ope-
