4294 5984
654 549 778 696 Jo.
827 541 1224 726 Guuosn
1282 461 1899 670 saiunvaono

866 819 991 928 DE
1051 811 1328 923 REBUS
1381 803 1708 922 GESTIS

546 1001 1255 1222 cattoit
1339 1047 1914 1236 Qururr

734 1371 1165 1458 IMPERATORIS
1196 1367 1276 1446 ET
1295 1371 1469 1447 REGIS
1502 1368 1829 1446 HISPANIAE

569 465 648 526 100

952 1659 1171 1765 ararit
1222 1653 1608 1789 QUARTUS.
1931 1802 1938 1817 Ι

584 1943 615 2032 1.
651 1861 1058 2034 FRANCISCUS
1095 1927 1325 2031 Gallorum
1361 1935 1492 2048 Rex,
1529 1925 1583 2030 de
1608 1924 1914 2070 Hispanorum
1946 1929 2008 2034 in-

551 2074 711 2178 restino
761 2074 878 2176 bello
922 2111 1027 2174 cum
1068 2075 1377 2216 cognovisset,
1420 2071 1581 2173 horum
1624 2073 1890 2173 discordiam
1931 2073 2007 2174 ab·

551 2217 818 2358 sentiamque
861 2216 1014 2320 Caroli
1055 2255 1180 2319 suarn
1230 2217 1507 2320 occasionem
1559 2252 1718 2335 ratus,
1770 2214 1882 2319 hanc
1929 2216 2008 2319 sibi

550 2362 979 2507 praetermittendam
1015 2399 1110 2462 non
1146 2364 1350 2502 putavit,
1386 2360 1422 2460 si
1459 2393 1602 2501 posset
1639 2369 1888 2461 Navarram
1930 2360 2007 2460 sal·

552 2539 643 2605 tern
696 2506 925 2645 recipere,
978 2543 1122 2647 eoque
1175 2505 1422 2605 Henricum
1473 2503 1718 2622 reducere,
1767 2517 2007 2645 cognatum

550 2647 842 2790 clientemque
877 2687 1036 2768 suum,
1075 2647 1217 2751 filium
1253 2645 1441 2788 Joannis
1477 2647 1614 2789 Regis
1639 2655 1895 2769 Navarrae,
1933 2648 2050 2790 qui·

551 2799 747 2930 Joannes
778 2793 890 2928 Julii
918 2791 1142 2895 Pontificis
1171 2791 1359 2893 Maximi
1390 2791 1555 2928 judicio
1592 2824 1636 2894 et
1666 2791 1872 2913 decreto,
1908 2829 2007 2932 pro-

550 2970 697 3076 pterea
732 2936 856 3078 quod
892 2933 1175 3038 schismaticis
1221 2930 1425 3057 favisset,
1467 2950 1630 3080 Regno
1675 2937 1899 3081 privatus,
1942 2973 2007 3038 ar*

550 3079 634 3179 mis
670 3119 776 3180 vero
812 3082 1024 3182 Femandi
1058 3077 1281 3183 Catholici
1315 3083 1450 3186 nostri
1484 3081 1619 3224 Regis
1657 3081 1804 3226 pulsus
1839 3077 2003 3181 fuerat.

549 3224 791 3324 Franciscus
827 3225 998 3366 igitur,
1034 3264 1191 3328 coacto
1232 3227 1423 3329 exercitu
1468 3227 1667 3368 peditum
1708 3270 1761 3328 ex
1797 3223 2009 3331 Vasconi-

549 3361 628 3464 bus
666 3405 709 3466 et
747 3369 984 3508 Aquitanis
1022 3405 1126 3472 octo
1170 3369 1341 3473 circiter
1385 3371 1607 3491 millium,
1654 3371 1857 3513 equitum
1905 3408 2006 3470 vero

549 3510 968 3653 quadringentorum
1017 3513 1381 3658 quinquaginta,
1431 3554 1535 3617 cum
1582 3513 1671 3615 hoc
1722 3519 2007 3655 Aspanosum

547 3691 734 3794 magnae
771 3654 916 3757 virum
950 3658 1238 3780 auctoritatis,
1271 3659 1449 3804 imperii
1481 3698 1652 3762 summa
1687 3658 1849 3777 delata,
1880 3666 2008 3793 Pyre-

546 3833 707 3899 naeum
742 3837 934 3940 superare
969 3799 1092 3932 jubet
1128 3838 1172 3903 et
1205 3811 1452 3905 Navarram
1492 3845 1518 3904 a
1562 3803 1778 3946 praesidio
1818 3837 2007 3903 vacuam

543 3975 784 4080 occupare,
819 3983 900 4044 nec
934 3945 1067 4050 ullam
1102 3983 1319 4088 praeterea
1347 3949 1410 4049 rei
1439 3945 1547 4048 bene
1574 3947 1785 4090 gerendae
1815 3944 2007 4045 occasio·

544 4119 649 4183 nem
699 4087 928 4188 omittere:
979 4128 1259 4232 compertum
1315 4093 1436 4194 enim
1482 4089 1711 4211 habebat,
1755 4088 2005 4192 Antonium

542 4227 798 4333 Manricum
833 4243 1008 4335 Ducem
1044 4244 1364 4370 Najarensem,
1400 4223 1481 4377 qui
1523 4275 1605 4378 pro
1649 4246 1809 4378 Rege,
1846 4267 1900 4332 ut
1933 4267 2009 4330 su-

541 4403 619 4506 pra
654 4372 1001 4492 demonstratum
1038 4414 1132 4498 est,
1159 4388 1407 4482 Navarram
1442 4376 1734 4520 procurabat,
1763 4377 2008 4478 deductum

539 4509 801 4646 praesidium
838 4517 1002 4615 Inecho
1038 4522 1248 4620 Castellae
1291 4520 1616 4644 Comestabili,
1662 4517 2010 4668 proceribusque

535 4651 700 4754 auxilio
737 4656 937 4756 adversus
974 4660 1199 4801 populares
1235 4663 1428 4767 misisse.
1591 4737 1594 4744 ·

601 4805 654 4896 11.
728 4811 832 4902 Dux
867 4838 1017 4907 autern
1052 4805 1196 4954 idem,
1220 4806 1299 4912 ubi
1334 4811 1390 4913 de
1416 4809 1645 4914 Gallorum
1682 4811 1882 4915 adventu
1920 4847 2008 4906 co-

1883 4991 2001 5094 8¹¹0·
