4294 5984
567 415 651 526 15⁶
957 437 1040 518 ou
1075 434 1278 516 nunus
1319 431 1539 518 eusrts

523 594 591 741 gis
626 592 814 699 consilio
850 628 1159 742 cognoverunt
1194 592 1434 694 invadendi
1474 585 1626 735 Regni
1665 589 1987 733 Neapolitani,

523 783 573 842 ac
615 742 652 843 si
694 744 927 845 deductam
967 777 1151 841 manum
1194 737 1442 839 Caesariani
1488 770 1876 859 consectarentur,
1921 740 1985 842 bis

524 885 696 1031 longius
732 885 979 1005 submotis,
1015 919 1202 1026 pontem
1236 883 1293 984 ab
1330 882 1390 982 eis
1435 883 1485 983 in
1519 883 1642 982 Pado
1690 881 1823 1020 paulo
1857 924 1983 1026 supra

423 1089 427 1097 ·
525 1043 797 1133 Cremonam
831 1027 1023 1150 factum,
1060 1027 1340 1166 occupandi,
1369 1064 1420 1128 ut
1451 1065 1582 1128 amne
1619 1022 1818 1126 hostibus
1852 1029 1981 1132 exclu·
2128 1057 2129 1074 ¹

526 1173 612 1297 sis,
639 1167 810 1275 facilius
834 1173 1198 1316 Transpadanam
1227 1172 1397 1272 ltaliam
1431 1171 1481 1272 in
1518 1205 1781 1309 potestatem
1816 1172 1981 1314 redigt·

525 1353 612 1426 retr
648 1321 774 1459 quod
802 1359 859 1418 ne
891 1319 1107 1419 accideret
1133 1314 1384 1418 Caesariani
1420 1313 1724 1455 providentes,
1749 1315 1982 1418 exercitum
2131 1449 2132 1454 Ν

406 1585 408 1592 y
525 1456 578 1563 in
612 1497 748 1564 castra
783 1462 843 1562 ad
877 1464 1073 1564 Laudem
1107 1459 1312 1562 reducere
1348 1455 1585 1576 festinant,
1608 1456 1827 1598 simulque
1850 1466 1982 1562 Lano

526 1616 595 1742 jus
632 1645 708 1748 pet
743 1607 952 1726 nuntios,
988 1642 1032 1705 et
1066 1604 1224 1703 litteras
1265 1602 1582 1742 Neapolitanos
1623 1637 1821 1740 proceres
1861 1641 1981 1744 prae-

526 1751 835 1892 sidiorumque
871 1745 1112 1892 praefectos
1155 1749 1210 1847 de
1253 1745 1523 1888 profectione
1568 1743 1799 1846 Gallorum
1832 1749 1983 1849 certio-
2132 1765 2133 1776 '

527 1934 593 1996 res
627 1891 765 2013 facit,
801 1932 845 1999 et
878 1931 929 1994 ut
966 1932 1119 1994 manus
1155 1894 1389 2029 equiturn,
1425 1888 1712 2030 peditumque
1748 1926 1980 2032 cogerent,

527 2073 664 2180 atque
691 2038 859 2177 oppida
885 2074 928 2135 et
951 2075 1065 2137 arces
1095 2033 1316 2176 praesidiis
1353 2033 1597 2149 firmarent,
1628 2030 1916 2154 cohortatur,
1940 2072 1982 2134 et

530 2182 661 2290 stad
703 2182 836 2280 Gallis
882 2181 961 2282 iter
1002 2189 1108 2310 jam
1128 2178 1362 2318 ingressis,
1399 2179 1540 2278 donec
1574 2216 1600 2272 a
1634 2215 1712 2295 se,
1748 2177 1821 2278 vel
1852 2217 1878 2276 a
1908 2190 1982 2279 Ca·

527 2325 631 2424 tolo
666 2335 848 2424 Caesare
883 2323 1070 2441 auxilia,
1107 2321 1144 2422 si
1187 2361 1299 2464 opus
1342 2358 1480 2441 esset,
1520 2318 1826 2442 mitterentur,
1868 2319 1983 2426 obsi·

526 2467 737 2570 stenelum
772 2502 1100 2614 compararent.
1121 2558 1126 2567 ,
1417 2587 1420 2594 Δ

619 2619 725 2712 XX.
821 2609 970 2711 Paucis
1006 2607 1178 2709 diebus
1206 2609 1483 2748 interjectis,
1518 2609 1576 2714 ab
1612 2609 1810 2716 Antonio
1846 2607 1984 2710 Leiva

529 2752 697 2854 litterae
719 2745 1027 2893 perferuntur,
1057 2763 1332 2880 Germanos,
1352 2759 1433 2898 qui
1460 2791 1580 2858 erant
1608 2758 1656 2858 in
1682 2757 1839 2896 Papiae
1864 2793 1983 2897 prae·

528 2895 686 3027 sidio,
713 2897 918 3035 quamvis
954 2897 1009 3001 ab
1046 2893 1291 3002 obsidionis
1325 2903 1456 3004 initio
1492 2900 1823 3041 oppidanorum
1865 2935 1984 2998 sum-

529 3037 649 3139 tibus
690 3039 929 3160 alerentur,
975 3041 1244 3183 stipendium
1290 3075 1437 3147 t'amen
1478 3039 1755 3186 efflagitare,
1798 3039 1982 3161 urbem,

527 3182 614 3284 nisi
642 3178 735 3282 sibi.
753 3183 953 3305 satisfiat,
982 3184 1181 3286 hostibus
1211 3229 1299 3289 sese
1327 3190 1558 3290 tradituros
1587 3189 1864 3290 minitantes.
1895 3195 1979 3285 La-

527 3322 764 3428 borabantr
799 3330 1083 3468 pecuniarum
1119 3329 1271 3473 inopia
1307 3331 1585 3432 vehementer
1621 3331 1849 3433 incastris
1884 3341 1986 3434 cae.

528 3468 734 3591 surianis,
771 3472 1042 3610 stipendium
1078 3473 1198 3574 enim
1233 3516 1258 3575 a
1299 3476 1464 3578 Carolo
1511 3489 1692 3576 Caesare
1740 3514 1869 3616 parce
1910 3471 1986 3572 ad-

527 3615 719 3716 modum
754 3653 806 3712 ex
836 3616 1051 3757 Hispania
1086 3615 1464 3758 suppeditabatur.
1493 3627 1613 3720 Nam
1640 3617 1841 3722 Clemens
1878 3622 1984 3717 Pon·

527 3751 658 3876 tifex,
679 3792 724 3856 et
753 3758 1017 3879 Florentini,
1039 3802 1088 3862 ac
1113 3756 1203 3863 fere
1232 3761 1422 3904 reliquae
1450 3761 1608 3864 liberae
1628 3762 1852 3884 civitates,
1876 3800 1984 3900 quae

526 3893 689 4001 foedus
708 3941 820 4006 ,cum
862 3902 1025 4006 Carolo
1067 3916 1250 4007 Caesare
1293 3904 1511 4027 fecerant,
1555 3907 1750 4047 tempori
1793 3905 1986 4006 servien-

527 4076 590 4142 tes
627 4038 683 4142 ab
719 4039 869 4145 officio
905 4047 1211 4160 discesserante
1250 4087 1294 4152 ct
1328 4061 1423 4184 ejus
1458 4051 1651 4154 amicitia
1662 4127 1677 4170 ‚
1715 4087 1758 4152 et
1793 4044 1986 4166 fortuna,

525 4223 664 4327 quam
699 4184 954 4291 inclinatam
989 4191 1274 4328 judicabant,
1311 4197 1490 4317 relicta,
1525 4197 1581 4298 ad
1617 4195 1838 4336 Regiam,
1877 4231 1984 4334 quae

521 4364 635 4434 stare
669 4369 802 4473 atque
840 4335 973 4438 etiam
1010 4378 1232 4482 augescere
1268 4339 1533 4462 videbatur,
1569 4379 1614 4442 se
1649 4371 1980 4452 converterant,

524 4507 577 4572 ut
613 4511 665 4572 ex
700 4467 875 4582 foedere
907 4519 1089 4621 pactum
1126 4487 1392 4626 stipendium
1430 4487 1615 4588 minime
1660 4483 1984 4626 suppeditarent

522 4623 623 4717 Nee
659 4620 822 4724 Veneti
857 4624 912 4723 de
950 4627 1090 4769 copiis
1135 4631 1409 4733 auxiliaribus
1451 4671 1501 4732 ex
1545 4624 1721 4732 foedere
1763 4620 1985 4730 mittendis

522 4759 658 4868 fidem
695 4765 994 4906 praestabant.
1023 4773 1339 4910 Quamobrem
1365 4785 1592 4912 Lanojus,
1628 4814 1732 4878 curn
1759 4766 1985 4880 Borbouio

1945 4945 1989 5024 Gt
