4368 5984
580 365 703 436 txvr.
946 363 1536 457 tortuosusnnunvnnxn

556 485 622 601 phi
654 485 863 589 disserunt,
891 513 1024 573 ornate
1048 484 1142 573 velle
1166 486 1316 589 dicere,
1346 484 1449 571 docti
1464 510 1591 570 autern
1610 489 1650 572 e't
1674 485 1908 606 intelligentis
1923 487 2006 586 viri,

556 602 667 717 plane
703 629 743 689 et
777 604 976 718 perspicue·
995 633 1057 688 eas
1087 604 1259 718 expedire
1292 632 1413 720 posse.
1446 603 1554 689 Nam
1584 604 1651 718 qui
1686 605 1922 691 Aristotelica
1949 609 2006 692 in·

555 745 799 834 terpretantes
828 722 875 807 de
899 724 1100 808 verborum
1125 721 1263 808 ornatu
1287 723 1405 838 magis
1430 750 1548 836 quam
1562 720 1610 807 de
1626 725 1735 808 rebus
1753 722 1883 808 soliciti
1900 715 2006 838 prae·

445 943 446 948 x
554 863 742 952 posteram
770 840 892 926 alieno
922 839 1010 926 loco
1041 840 1279 954 eloquentiae
1313 839 1464 924 laudem
1496 838 1647 924 ridicule
1677 837 1881 945 affectant,
1913 871 2005 956 pto-

554 957 635 1070 ptia
664 957 850 1043 interdum
881 956 1067 1044 vocabula
1089 958 1219 1074 ineptis
1246 956 1521 1042 circuitionibus
1537 957 1782 1072 explicantes,
1798 958 1889 1043 nihil
1904 959 2005 1046 aliud

554 1103 671 1188 quam
704 1075 961 1190 philosophiae
1000 1077 1254 1164 venerandam
1284 1072 1445 1161 l'otmam
1473 1100 1513 1161 et
1545 1075 1650 1190 quasi
1680 1073 1812 1161 faciem
1842 1074 1933 1161 fuco
1965 1101 2004 1164 et

555 1190 766 1278 calamistris
797 1192 924 1279 misere
948 1195 1178 1305 deturpant,
1208 1223 1374 1308 quotum
1402 1217 1496 1278 esset
1527 1193 1753 1281 tolerabilior
1775 1196 2002 1308 ineptitudo,

555 1309 584 1393 si
609 1311 684 1394 hoc
712 1307 849 1395 laceret
878 1310 985 1398 salvis
1019 1311 1123 1422 ejus,
1153 1339 1269 1426 quem
1299 1311 1587 1425 interpretantur
1616 1311 1829 1425 philosophi
1853 1336 2004 1397 senten·

446 1433 450 1444 '
554 1425 640 1530 tiis,
685 1457 754 1513 nec
786 1458 847 1512 eas
885 1429 1017 1544 passim
1050 1427 1233 1543 pudendis
1260 1429 1419 1543 lapsibus
1436 1428 1711 1542 depravarent,
1744 1455 1786 1514 ut
1808 1429 2000 1544 quosdam

554 1540 680 1628 fecisse
709 1569 894 1632 asseverat
925 1545 1002 1661 ipse
1032 1547 1271 1661 Sepulveda‚
1296 1573 1448 1654 qaorum
1481 1573 1658 1652 errores,
1695 1546 1844 1661 inquit,
1872 1552 1998 1634 dicato

555 1670 668 1745 eriam
696 1678 709 1719 ¹
740 1667 858 1753 libello
874 1671 1108 1751 taxavimus.
1143 1661 1265 1751 Nobis
1280 1664 1496 1780 hujusmodi
1513 1663 1648 1750 librum
1664 1665 1794 1753 videte
1807 1694 1997 1782 nusquam

551 1781 727 1898 contigit.
836 1827 838 1834 v

641 1901 838 1986 Postremo
864 1929 935 1986 nos
961 1903 1073 1989 docet
1087 1898 1297 2018 Sepulveda
1320 1901 1388 1986 sibi
1411 1901 1483 2016 jam
1500 1901 1556 1988 de'
1570 1901 1708 2012 horum
1726 1901 1775 1987 de
1783 1898 1995 2016 'Republica

552 2012 733 2101 librorum
766 2019 930 2104 editione
953 2021 1134 2137 cogitanti
1163 2013 1379 2104 nuntiatum
1403 2048 1480 2106 esse
1513 2021 1605 2106 duas
1633 2049 1753 2105 novas
1779 2018 1995 2134 interpreta-

552 2131 674 2220 tiones
700 2136 875 2251 prodiisse
891 2167 914 2221 a
930 2136 1014 2222 vitis
1038 2137 1213 2240 emissas,
1241 2136 1309 2251 qui
1334 2165 1372 2222 se
1401 2162 1484 2222 tum
1513 2137 1666 2223 disertos
1686 2161 1726 2223 et
1747 2161 1907 2249 utraque
1922 2135 1990 2223 lin·

551 2279 629 2364 gua
655 2253 794 2367 petitos
825 2315 838 2359 ,
874 2282 956 2338 tum
988 2255 1028 2339 in
1061 2253 1295 2369 philosophia
1322 2254 1538 2341 exercitatos
1583 2284 1659 2340 esse
1698 2253 1990 2369 profiterentur,

552 2395 782 2486 quapropter
804 2372 967 2488 coepisse
999 2372 1192 2488 diligenter
1223 2371 1335 2459 latina
1362 2400 1449 2456 cum
1478 2373 1616 2489 graecis
1643 2367 1843 2477 conferre,
1874 2395 1919 2457 ut
1943 2372 1992 2459 de

551 2483 699 2572 illorum
731 2490 971 2604 interpretum
1005 2489 1190 2604 diligentia
1220 2515 1261 2574 er
1289 2489 1487 2578 virtutibus
1517 2488 1704 2600 judicaret.
1738 2490 1811 2575 Sed
1840 2512 1991 2581 tantum

550 2600 671 2691 abfuit
699 2634 741 2690 ut
762 2605 812 2689 ab
836 2606 1001 2693 editione
1028 2636 1177 2690 suatum
1206 2604 1508 2712 lucubrationum
1537 2607 1809 2711 deterreretur,
1841 2629 1884 2692 ut
1909 2605 1990 2692 fare·

549 2719 657 2804 rint²
693 2719 817 2835 potiris
847 2751 976 2809 nostro
998 2723 1049 2810 ad
1075 2723 1266 2810 edendum
1291 2753 1432 2841 magno
1456 2723 1728 2830 incitamento,
1759 2752 1845 2808 cum
1870 2722 1988 2838 plera-

549 2864 625 2950 que
652 2837 734 2924 loca
751 2869 773 2924 a
789 2841 1000 2954 Sepulveda
1025 2840 1201 2927 illustrata
1231 2842 1477 2956 expeditaque
1498 2837 1634 2929 fuerint
1652 2901 1665 2946 ,
1682 2841 1720 2926 in
1732 2842 1868 2956 quibus
1892 2845 1986 2926 novi

549 2951 764 3069 interpretes
795 2956 963 3045 videntes
992 2955 1261 3062 offenderunt,
1293 2958 1333 3044 id
1364 2959 1473 3078 quod
1494 2987 1540 3043 ex
1566 2959 1649 3074 ipsis
1671 2959 1986 3073 interpretationi·

549 3071 645 3177 bus,
661 3075 710 3160 ad
726 3102 898 3192 graecam
914 3075 1117 3162 Aristotelis
1131 3075 1237 3192 quasi
1253 3076 1381 3162 libram
1397 3075 1631 3181 examinatis,
1648 3075 1791 3192 liquido
1814 3101 1983 3190 apparet.

636 3191 783 3286 Quanti
803 3191 909 3279 labor
925 3193 983 3277 hic
1000 3194 1231 3308 Sepulvedae
1259 3193 1358 3306 justis
1389 3223 1511 3278 rerum
1537 3194 1830 3281 aestimatoribus
1857 3195 1901 3279 sit
1918 3195 1985 3278 ha·

547 3303 674 3410 bitus,
698 3308 906 3396 ostendunt
927 3313 1077 3413 crebra,
1105 3310 1328 3426 quibuscum
1344 3335 1548 3415 ornarunt,
1565 3309 1698 3428 elogia.
1734 3313 1899 3396 Obertus
1916 3312 1983 3396 Gi·

547 3421 706 3534 ph'anius
722 3484 733 3531 ,
749 3424 852 3536 cujus
867 3429 906 3512 in
928 3432 1069 3545 graecis
1089 3428 1213 3514 litteris
1228 3454 1342 3543 atque
1358 3426 1561 3544 omnigena
1575 3429 1783 3515 eruditione
1800 3459 1982 3544 magnum

546 3542 649 3654 apud
686 3543 849 3631 eruditos
877 3570 931 3631 est
956 3574 1124 3650 nomen,
1156 3544 1196 3631 in
1224 3546 1495 3662 prolegomenis
1526 3547 1575 3634 ad
1608 3577 1694 3632 suos
1715 3546 1753 3630 in
1785 3547 1853 3632 hos
1890 3548 1979 3630 Ari-

545 3657 684 3743 stotelis
712 3659 825 3746 libros
854 3663 1172 3769 commentarios,
1201 3687 1402 3778 postquam
1434 3692 1566 3749 eorum
1590 3663 1832 3778 interpretum
1863 3688 1979 3778 atque

546 3774 830 3889 explanatorum
857 3781 985 3866 seriem
1000 3780 1155 3866 attexuit
1172 3840 1184 3884 ,
1200 3781 1409 3896 subjungit:
1429 3796 1447 3856 ³
1469 3781 1536 3864 Ex
1549 3784 1682 3887 quibus
1699 3791 1837 3891 optima
1852 3791 1981 3892 versio

544 3895 637 3975 mihi
664 3900 818 3979 viderur
844 3921 926 3980 esse
941 3900 1224 4006 Sepulvedam
1243 3899 1372 4006 Quam
1388 3903 1595 3982 vunonem
1617 3915 1655 3980 et
1679 3915 1810 4004 notas,
1826 3899 1876 3983 ait
1891 3902 1979 3983 Ga-

545 4006 636 4095 btiel
651 4014 855 4101 Naudaeus
875 4023 915 4100 itt
930 4015 1221 4126 Bibliograpbr'a
1249 4021 1439 4126 politica,
1470 4023 1687 4124 utquisque
1718 4017 1792 4100 erit
1815 4024 1980 4126 ingenio·

1396 4165 1400 4169 ·
1896 4142 1976 4221 sior

585 4321 600 4363 1
643 4303 748 4364 Cittnt
764 4305 840 4367 hunc
858 4305 988 4366 libellum
1006 4310 1079 4366 varii
1100 4311 1275 4386 scriptores,
1293 4326 1413 4383 eumque
1428 4309 1695 4382 adversusPetrum
1717 4307 1889 4386 Alcyonurn
1904 4311 1979 4368 seri.

543 4396 627 4521 mim
643 4399 837 4524 idihiudirtdtur
850 4467 880 4522 ln
893 4446 1019 4540 epistola
1030 4469 1064 4522 ad
1080 4467 1228 4527 Simonem
1239 4467 1411 4526 Collnaeum
1425 4476 1437 4531 (
1445 4467 1593 4525 xxvnt.
1606 4468 1676 4527 edit.
1691 4468 1816 4554 Calon.)
1831 4486 1886 4540 qua
1903 4470 1977 4543 perit

543 4543 582 4600 ab
594 4561 629 4600 eu
643 4558 673 4600 ut
688 4545 774 4601 libros
787 4546 873 4602 hosce
886 4547 921 4603 de
935 4547 1055 4620 Republ.
1070 4549 1149 4620 typis
1166 4550 1305 4618 excudat,
1320 4549 1391 4603 nihil
1406 4565 1436 4604 se
1449 4549 1616 4605 deterritum
1634 4549 1675 4606 ait
1693 4561 1832 4623 occupata
1851 4566 1868 4604 a
1891 4551 1977 4608 novis

543 4622 905 4777 {qqerreppeepqlquepditlone,
917 4641 1036 4699 quorum
1050 4641 1193 4700 utriusque
1208 4644 1342 4700 magnum
1364 4627 1589 4702 negligentiam,
1607 4633 1652 4685 vel
1668 4623 1839 4688 eaecitate'm
1858 4629 1953 4702 potius
1961 4668 1974 4704 ,

540 4805 545 4818 ·
582 4800 602 4858 3
643 4783 713 4840 Vid.
728 4779 923 4842 edinMatrlr.
936 4801 1003 4842 ann.
1022 4799 1106 4860 1775.
1124 4803 1186 4860 pag.
1197 4785 1320 4846 xxlv„

581 4878 607 4938 4
642 4862 733 4923 Paulo
750 4859 872 4926 inferius
888 4877 974 4938 tutat
988 4864 1067 4924 idem
1081 4865 1241 4940 Giphunius
1254 4867 1377 4942 optimas
1389 4863 1573 4942 Sepulvedae
1587 4863 1812 4943 explanationes.
