4294 5972
548 469 635 590 298
957 474 1041 556 on
1084 471 1289 556 ansus
1336 445 1563 555 cnsr‘rs

585 651 725 747 XVII.
798 642 924 740 Dum
955 631 1064 734 haec
1093 631 1149 732 ad
1179 630 1403 732 Perusiam
1442 649 1700 768 geruntus,
1736 621 1989 770 copiaeque

516 785 791 892 'conveniunt
827 779 945 913 (huc
983 779 1103 880 enim
1139 776 1268 879 Vasti
1292 772 1516 894 ,Maschio
1558 770 1780 910 Hispanas
1822 771 1989 874 cohor-

517 971 612 1054 tes,
648 927 894 1030 Fernandus
939 935 1152 1065 Gonzaga
1193 921 1438 1062 equitatum
1483 955 1526 1018 et
1568 914 1821 1018 Italicorum
1864 919 1986 1060 pedi·

519 1115 618 1180 tum
654 1110 760 1175 octo
787 1069 959 1190 millia,
993 1109 1107 1212 quae
1141 1060 1347 1167 Pontifex
1377 1061 1608 1180 mittebat,
1644 1061 1847 1196 induxit)
1885 1061 1984 1166 Phi·

519 1220 699 1324 libertus
736 1215 907 1354 Joanni
941 1213 1139 1316 Urbinae
1174 1210 1409 1352 negotium
1446 1208 1550 1326 dat,
1573 1238 1641 1324 ut
1681 1206 1859 1344 Spelum
1903 1215 1985 1309 Pe·

522 1365 658 1468 rusini
700 1362 796 1507 agri
847 1358 1117 1476 castellum,
1168 1357 1293 1496 quod
1339 1388 1494 1454 contra
1551 1347 1816 1451 Pontificem
1864 1391 1986 1454 arma

524 1545 762 1628 sumserat,
797 1538 999 1648 pacaret.
1041 1515 1080 1604 Is
1126 1535 1265 1642 spreta
1310 1496 1472 1599 castelli
1514 1493 1795 1637 exiguitate,
1837 1499 1983 1638 paucis

525 1649 741 1758 militibus
784 1649 1013 1767 inductis,
1058 1643 1324 1746 contemtim
1364 1641 1567 1760 accedit,
1603 1639 1869 1779 praemisso,
1907 1644 1985 1784 qui

527 1796 793 1942 periculum,
820 1795 905 1894 nisi
935 1793 1148 1931 imperata
1182 1782 1376 1888 facerent
1392 1864 1408 1908 ,
1442 1785 1737 1886 denuntiaret.
1773 1788 1984 1888 Castella-

527 1943 604 2062 ni,
640 1938 832 2038 vicissim
868 1936 1060 2034 militurn
1096 1934 1317 2076 paucitate
1358 1965 1617 2049 contemta,
1642 1964 1983 2033 ,tormentorum

527 2081 621 2184 telis
656 2123 709 2181 ex
752 2119 881 2180 muro
924 2119 1019 2179 rem
1062 2115 1208 2220 gerere
1266 2074 1527 2217 hostemque
1571 2070 1830 2174 submovere
1877 2113 1981 2174 coe-

527 2259 715 2370 perunt.
753 2237 932 2365 ltaque,
969 2261 1014 2322 sc
1050 2217 1245 2341 infecta,
1287 2256 1331 2320 ct
1365 2260 1488 2321 crure
1531 2219 1715 2320 letaliter
1758 2219 1982 2360 scloppeto

529 2370 774 2472 vulneratus
799 2377 996 2507 joannes
1025 2365 1200 2468 Urbina
1226 2364 1445 2485 discessit,
1479 2362 1684 2505 obiitque
1709 2363 1856 2508 paucis
1885 2402 1981 2503 post

528 2513 715 2632 diebus,
752 2514 821 2612 vir
857 2551 1024 2652 magno
1062 2509 1279 2630 consilio,
1321 2547 1579 2650 summaque
1603 2510 1804 2630 uirtute,
1839 2508 1980 2610 multis

529 2691 573 2758 et
605 2653 837 2766 illustribus
874 2654 1152 2753 documentis
1187 2655 1427 2772 declarata,
1462 2653 1627 2754 Carolo
1653 2653 1737 2796 ipsi
1762 2687 1973 2792 acceptus,

529 2801 704 2936 totique
741 2797 951 2898 exercitui
992 2836 1148 2917 carus,
1194 2833 1238 2898 et
1272 2797 1536 2941 importunis
1577 2796 1791 2900 militibus
1834 2796 1978 2897 inimi-

529 2982 605 3044 cus
641 2976 685 3041 et
720 2935 1057 3051 formidandum
1099 2941 1312 3082 quicum
1350 2978 1457 3042 esset
1497 2941 1693 3045 militum
1731 2941 1980 3059 Tribunus,

460 3193 464 3200 ,
529 3081 615 3186 hoc
651 3121 743 3210 est,
781 3086 987 3188 exercitus
1023 3081 1261 3231 Magister,
1297 3086 1390 3219 (sic
1425 3087 1547 3189 enim
1582 3084 1866 3228 Magistratus
1909 3085 1978 3185 di-

528 3229 645 3366 citur
671 3308 687 3350 ,
717 3231 796 3370 qui
842 3230 1039 3330 militum
1079 3231 1393 3336 controversias
1442 3230 1609 3333 minuis
1660 3231 1797 3370 inque
1836 3263 1974 3328 sontes

531 3373 878 3510 animadvertit)
915 3375 1131 3515 quosdam
1162 3411 1308 3492 tamen
1322 3453 1337 3497 ,
1373 3376 1428 3478 de
1452 3415 1645 3517 quorum
1669 3374 1844 3514 flagitiis
1867 3411 1980 3474 com

527 3553 703 3659 petrum
749 3514 943 3618 habebat
958 3594 973 3638 ,
1018 3520 1074 3620 ad
1116 3554 1289 3662 tempus
1334 3520 1577 3641 tolerabat,
1622 3554 1674 3619 ut
1714 3516 1783 3619 his
1824 3517 1981 3618 merita

526 3699 634 3762 nece
669 3696 866 3804 tempore
903 3662 1053 3787 illata,
1096 3665 1232 3764 etiarn
1274 3662 1577 3788 melioribus,
1618 3704 1675 3764 ne
1721 3659 1779 3764 ab
1829 3656 1982 3762 officio

525 3806 824 3925 discederent,
869 3841 1078 3909 terrorem
1123 3807 1407 3910 utilissimum
1454 3809 1667 3909 incuteret
1712 3844 1847 3948 quam
1891 3807 1983 3946 ipse

526 3949 745 4050 solertiam
795 3960 968 4052 Romae
1004 3987 1105 4094 post
1140 3952 1476 4093 direptionem,
1511 3954 1712 4053 nondum
1753 3950 1984 4052 Caesaria-

523 4129 586 4193 no
623 4093 809 4194 exercitu
845 4093 1074 4237 digresso,
1109 4096 1256 4196 amico
1291 4097 1391 4197 viro
1428 4094 1612 4216 nobili,
1648 4095 1730 4237 qui
1758 4092 1882 4206 ,mihi
1917 4133 1981 4197 re-

521 4235 653 4356 tulit,
690 4237 933 4356 indicavit3
969 4239 1042 4341 cui
1073 4239 1307 4340 demiranti
1358 4274 1491 4384 atque
1526 4241 1736 4383 roganti,
1774 4277 1854 4340 cus
1899 4237 1981 4340 ob

518 4380 657 4517 vium
680 4383 867 4484 militem
902 4382 1022 4504 levi,
1059 4418 1109 4483 ut
1143 4380 1401 4506 videbatur,
1440 4424 1493 4486 ex
1528 4424 1685 4508 causa,
1723 4383 1833 4482 dum
1870 4380 1974 4480 mili·

445 4523 454 4540 ’
517 4555 578 4622 tes
646 4559 769 4624 atum
805 4526 929 4627 dicto
963 4527 1190 4628 audientes
1223 4529 1279 4626 acl
1316 4529 1442 4666 signa
1465 4543 1675 4668 cogeret,
1714 4566 1758 4626 se
1799 4525 1970 4626 vidente

510 4563 798 4773 conliidisset:
831 4675 934 4804 Jam
968 4675 1145 4803 pridem,
1180 4673 1444 4812 respondit,
1473 4678 1540 4772 hot
1576 4676 1698 4772 scelus
1736 4707 1842 4807 saepe
1871 4703 1971 4800 gra-

506 4818 616 4917 uiora
654 4824 833 4916 meritum
891 4820 980 4915 haic
1021 4823 1209 4920 occasioni
1253 4819 1531 4937 reservabam,
1573 4851 1619 4917 ut
1665 4820 1778 4916 unius
1812 4814 1971 4950 pessimi

1894 4958 1964 5053 bo·
