4368 5984
534 379 580 446 11.
741 331 744 336 ’
933 378 1068 471 Joau.
1085 379 1199 452 otu.
1217 375 1525 450 sEuULVEDAE

538 525 640 615 nque
656 515 799 584 annum
818 525 855 583 se
877 496 952 610 jam
968 500 1235 620 sexagesimum
1259 524 1442 615 quartum
1469 526 1695 603 numerare3
1718 501 1864 588 tametsi
1890 527 1977 586 non

510 533 697 707 defuerint
719 647 765 702 ex
786 616 910 703 amicis
937 617 1044 705 saluti
1069 620 1147 734 ejus
1172 619 1459 724 metuentibus,
1487 621 1555 737 qui
1580 618 1787 735 suspicione
1805 621 1854 706 ad
1872 651 1977 706 sexa·

513 739 695 857 gesimum
714 737 863 824 renium
880 764 1130 846 revocarent,
1166 769 1309 826 annum
1335 739 1470 826 scilicet
1486 739 1773 830 climactericum
1799 739 1978 825 traditio-

514 887 564 944 ne
590 857 823 942 medicorum
851 853 1043 943 infamem.
1078 860 1182 944 Hinc
1207 853 1313 944 facile
1339 889 1385 944 ex
1406 856 1490 974 ipsis
1514 859 1675 970 auctoris
1704 858 1827 944 verbis
1858 857 1977 942 inno·

515 977 651 1076 tescit,
676 1005 764 1061 eum
782 1000 921 1063 aestate
936 1007 1027 1064 ann.
1048 1005 1171 1090 1554.
1187 977 1302 1090 Junio
1317 975 1502 1085 fortasse,
1532 1003 1601 1063 aut
1624 976 1726 1090 Julio
1742 1038 1755 1082 ,
1771 1007 1853 1091 quo
1872 1005 1974 1062 mor-

404 1151 409 1162 ·
517 1099 609 1182 bum
634 1094 815 1201 incurrit,
848 1095 1098 1206 aurpaaripa
1122 1126 1340 1182 communem
1368 1104 1551 1182 seniorum
1575 1104 1729 1182 amrium
1756 1103 1910 1182 tertium
1936 1109 1977 1178 et

518 1223 793 1324 sexagesimum
818 1213 963 1327 (verba
978 1239 1065 1302 sunt
1081 1218 1268 1334 auctoris)
1294 1226 1479 1302 evasisse.
1515 1216 1631 1334 Igitur
1649 1214 1677 1299 si
1693 1243 1739 1300 ex
1763 1213 1839 1298 hoc
1853 1240 1977 1298 anno-

519 1365 604 1422 turn
631 1361 793 1420 numero
809 1359 978 1449 quatuor
993 1357 1030 1420 et
1048 1336 1237 1451 sexaginta
1255 1337 1410 1443 demas,
1440 1337 1545 1424 haud
1574 1334 1701 1449 inepte
1730 1331 1883 1420 Genucii
1902 1361 1978 1418 na-

520 1454 612 1542 tales
634 1453 684 1538 ad
710 1481 800 1538 ann.
831 1481 953 1564 1490.
981 1456 1195 1543 revocabis.

609 1570 739 1658 Altera
773 1570 1026 1681 conjectura,
1060 1605 1139 1691 qua
1167 1575 1206 1660 in
1235 1574 1333 1660 hanc
1370 1574 1590 1690 opinionem
1620 1571 1837 1689 vergimus,
1877 1568 1979 1655 erui·

522 1715 585 1778 tut
612 1720 660 1776 ex
675 1689 831 1805 epistola
855 1691 1016 1777 auctoris
1052 1723 1143 1780 102.
1172 1693 1346 1782 editionis
1382 1691 1677 1780 Salmanticensis
1698 1715 1737 1776 et
1765 1718 1834 1800 99.
1853 1688 1981 1774 Colo-

523 1809 658 1897 niensis
676 1870 688 1915 ,
711 1809 761 1896 ad
778 1808 1022 1896 Guilielmum
1040 1813 1273 1906 Malinaeum
1293 1811 1435 1898 Carolo
1452 1814 1502 1897 V.
1519 1841 1541 1894 a
1557 1810 1715 1898 consiliis
1728 1831 1876 1896 exarata
1891 1805 1981 1894 Kal.

524 1930 616 2044 Jun.
644 1957 734 2014 ann.
756 1927 894 2014 Christi
915 1958 1040 2039 1557.
1063 1931 1194 2048 inqua
1219 1929 1331 2018 refert
1348 1929 1633 2016 incommodam
1656 1927 1912 2016 valetudinem
1939 1955 1981 2011 se

527 2046 754 2134 contraxisse
778 2071 862 2134 turn
883 2076 929 2134 ex
944 2047 1048 2166 longi
1065 2079 1109 2136 ac
1133 2049 1249 2138 totius
1264 2049 1467 2165 Hispaniae
1483 2045 1684 2136 difficillimi
1711 2045 1847 2133 itineris
1869 2045 1983 2130 labo-

527 2196 597 2274 re,
622 2191 705 2252 tum
730 2195 776 2253 ex
791 2167 970 2284 temporis
985 2170 1155 2256 inusitate
1183 2169 1377 2260 saevientis
1391 2169 1552 2284 iniuria,
1577 2197 1665 2256 curn
1682 2194 1809 2252 mense
1836 2164 1985 2248 Martio

527 2285 620 2384 illius
637 2285 725 2371 anni
741 2315 787 2372 ex
809 2289 985 2374 Baeturia
1001 2287 1039 2372 in
1067 2319 1202 2408 agrum
1231 2288 1486 2376 Placentinum
1516 2289 1705 2391 venisset,
1728 2309 1772 2370 ut
1799 2279 1986 2368 Carolum

528 2408 729 2491 Caesarem
746 2405 866 2524 longo
890 2409 1180 2524 quatuordecim
1203 2438 1393 2494 annorum
1425 2406 1624 2493 intervallo
1648 2407 1784 2490 viseret
1814 2397 1989 2513 (tamdiu

528 2525 630 2610 enim
654 2524 715 2610 hic
730 2519 901 2611 abfuerat
924 2527 975 2612 ab
1000 2526 1211 2643 Hispania)
1238 2552 1277 2613 et
1305 2525 1596 2614 venerabundus
1624 2521 1676 2610 ad
1690 2551 1779 2608 eum
1803 2547 1990 2604 secessum

530 2643 728 2746 salutaret,
746 2672 863 2758 quem
890 2642 957 2730 sibi
982 2646 1033 2732 ad
1058 2645 1199 2734 radices
1220 2644 1444 2761 Orospedae
1461 2643 1626 2749 montis,
1643 2671 1722 2759 qua
1737 2636 1929 2724 meridiem
1947 2661 1989 2722 et

530 2761 766 2848 occidentem
791 2762 907 2851 solem
935 2789 1104 2879 spectat,
1136 2791 1358 2881 opportuno
1372 2763 1461 2851 loco
1474 2825 1487 2869 ,
1502 2791 1696 2868 amoeno,
1728 2782 1767 2844 et
1782 2755 1918 2844 salubri
1934 2755 1988 2841 ad

529 2880 650 2968 vitam
676 2882 861 2996 privatam
878 2876 1143 3002 'peragendam
1168 2885 1377 3002 delegerat.
1409 2883 1562 2980 Quibus
1590 2875 1841 2966 incommodis
1865 2875 1989 2959 homo

531 2998 572 3086 id
594 3000 753 3105 aetatis,
781 3010 977 3112 septimum
1006 3029 1139 3088 aunum
1163 3030 1279 3114 agens
1306 3019 1343 3088 et
1359 3010 1634 3112 sexagesimum
1657 2997 1805 3112 (verba
1820 3017 1908 3079 sunt
1923 3020 1988 3076 au·

532 3118 674 3236 ctoris)
703 3147 874 3234 cumpar
897 3150 1075 3208 essenon
1100 3151 1252 3238 posset,
1279 3121 1407 3208 incidit
1425 3119 1609 3235 paulatim
1626 3119 1665 3204 in
1690 3116 1868 3202 morbum
1899 3139 1991 3196 sane

534 3266 652 3351 quam
668 3237 987 3326 molestissimum.
1019 3241 1122 3326 Hinc
1136 3241 1249 3326 etiam
1269 3266 1371 3328 certa
1390 3239 1534 3325 ratione
1551 3235 1776 3338 deducitur,
1806 3228 1993 3346 Sepulve-

532 3356 627 3442 dam
642 3385 744 3440 anno
778 3386 900 3468 1490.
923 3359 963 3445 in
988 3359 1110 3446 lucem
1126 3358 1301 3466 editum,
1322 3389 1412 3446 curn
1427 3357 1477 3446 ad
1499 3383 1624 3467 1557.
1642 3351 1832 3471 sexaginta
1847 3371 1993 3465 septem

536 3501 627 3558 anm
655 3501 922 3562 numerentur.

627 3597 688 3678 De
713 3593 773 3678 die
808 3621 937 3682 autem
953 3595 1067 3682 natali
1092 3656 1104 3700 ,
1130 3596 1257 3710 deque
1289 3623 1417 3682 mense
1442 3592 1532 3680 nihil
1556 3621 1628 3678 nos
1656 3587 1746 3676 certi
1763 3613 1894 3673 eruere
1918 3613 1996 3698 po-

538 3710 680 3796 tuimus
713 3737 839 3827 neque
880 3741 928 3804 ex
955 3715 1118 3801 auctoris
1149 3712 1344 3831 epistolis,
1373 3741 1443 3802 nec
1469 3711 1633 3798 aliunde.
1664 3709 1797 3803 Quare
1825 3705 1998 3837 ineptum

539 3854 634 3914 esset
666 3829 705 3918 in
733 3859 773 3916 re
805 3853 884 3916 tarn
914 3835 1076 3920 obscura
1103 3857 1142 3920 et
1170 3861 1252 3920 non
1276 3831 1377 3920 adeo
1411 3830 1539 3950 magni
1563 3825 1747 3916 momenti
1778 3846 2000 3938 conjecturas

540 3944 761 4062 indulgere.
1881 3987 1888 4000 ·

471 4075 473 4080 '
630 4069 804 4152 Parentes
825 4084 839 4124 ¹
871 4067 1022 4158 sonitus
1060 4093 1117 4158 est
1157 4069 1338 4159 honestos
1383 4067 1463 4154 illos
1510 4065 1666 4184 quidem
1704 4086 1744 4149 et
1772 4088 1854 4147 non
1885 4057 2001 4174 igno.-

540 4181 656 4288 biles,
680 4183 885 4270 Genesium
913 4188 1164 4302 Sepulvedam
1195 4191 1387 4278 Sanctium
1414 4186 1622 4273 Cordubae
1650 4205 1791 4304 'natum
1817 4241 1829 4282 ,
1857 4177 2004 4310 quique

540 4303 724 4419 originem
753 4304 915 4392 ducebat
935 4336 981 4393 ex
1010 4311 1203 4396 Montoro
1228 4333 1344 4428 atque
1375 4305 1626 4410 Adamuzio,
1655 4327 1694 4389 et
1716 4296 1881 4388 Mariam
1905 4300 2005 4430 llut-

936 4461 938 4469 †
1901 4441 2004 4498 ziam

585 4579 599 4620 1
643 4564 727 4644 Quae
748 4567 785 4628 de
806 4566 986 4644 Sepulvedae
1005 4569 1172 4642 parentibus
1192 4567 1242 4626 hie
1261 4581 1460 4628 memorantur
1483 4607 1495 4643 ‚
1519 4567 1651 4626 desumet
1674 4579 1743 4626 sunt
1766 4577 1802 4621 ex
1827 4556 1942 4650 erudita
1967 4569 2005 4648 ae

542 4645 672 4720 eleganti
696 4648 818 4723 epistola
842 4689 852 4720 ,
879 4667 951 4722 quae
971 4666 989 4706 a
1011 4650 1137 4708 Rectore
1160 4661 1246 4721 atque
1278 4650 1401 4706 alumnis
1432 4646 1559 4722 Collegii
1587 4651 1783 4724 Hispanorum
1812 4641 2006 4697 Bonomensts

544 4728 712 4786 transmissa
728 4743 773 4786 est
793 4729 863 4787 Vll.
888 4733 951 4788 Kal.
975 4730 1047 4806 Maj.
1063 4749 1130 4798 ann.
1149 4729 1235 4806 1978.
1247 4729 1284 4786 ad
1309 4731 1348 4789 V.
1364 4730 1410 4788 111.
1431 4729 1582 4787 doetrinae
1606 4730 1687 4808 juxta
1710 4743 1744 4783 ac
1764 4723 1926 4780 litterarum
1950 4731 2005 4788 pa-

543 4808 668 4866 trocinlo
681 4809 717 4866 de
732 4829 790 4884 rep.
806 4809 915 4883 optime
932 4811 1069 4867 meritum
1080 4810 1240 4868 D.Petrum
1248 4811 1323 4868 Rod.
1341 4808 1615 4884 Campomanesium
1632 4807 1707 4884 Regi
1721 4801 1876 4863 Catholieo
1890 4816 1907 4854 a
1919 4789 2007 4892 flon-

542 4888 615 4944 siliis
630 4890 659 4944 in
674 4904 792 4962 utroque
802 4889 949 4949 Castellae
962 4891 1127 4947 Dicasterio
1135 4930 1145 4962 ,
1159 4891 1324 4965 Regiaeque
1338 4891 1420 4966 hujus
1434 4891 1610 4948 Academiae
1624 4888 1860 4953 Moderatotem,
1880 4879 1927 4938 ubr
1942 4891 2003 4932 non
2045 4927 2049 4936 .

544 4983 635 5041 pauca
654 4969 811 5026 afferuntur
831 5010 841 5042 ‚
863 4988 934 5043 quae
960 4971 997 5029 ad
1010 4971 1190 5048 Sepulvedae
1211 4973 1303 5032 vitatu
1319 4989 1354 5034 ae
1372 4973 1482 5048 scripta
1501 4969 1674 5038 ilbuttauda
1690 4960 1750 5030 null
1763 4955 1905 5036 Μαάθ
1918 4955 2002 5018 nobb

543 5049 683 5108 rutulum
711 5050 949 5126 suppeditarunt.
1852 5091 1855 5098 .
