4298 5980
525 404 612 512 260
901 424 989 507 DE
1034 422 1251 506 REBUS
1298 420 1526 508 GESTIS
1572 433 1577 450 ¹

489 589 597 733 gior
631 627 785 713 mora,
814 575 866 694 ut
897 583 990 693 fere
1029 581 1354 728 trepidantibus
1389 584 1585 686 accidere
1607 581 1732 684 solet
1744 657 1759 704 ,
1788 576 1977 690 duceba'

487 769 585 838 tut.
610 747 660 856 ,E
695 735 805 839 uites
848 769 998 836 autem
1039 733 1202 833 eodem
1244 730 1425 875 regressi
1473 770 1500 831 a
1539 726 1626 828 suis
1672 726 1981 833 multitudine·

488 911 533 981 et
573 775 833 980 conlusione
875 874 1173 980 laborantibus
1221 875 1406 978 transitu
1448 867 1822 1017 prohibebantur.
1881 885 1978 976 Ita·-

488 1063 592 1125 cum
627 1020 826 1124 hostibus
861 1019 1116 1166 urgentibus
1154 1010 1232 1165 pet
1268 1056 1472 1122 montem
1495 1018 1643 1159 ipsum
1672 1017 1855 1120 evadere
1884 1057 1971 1122 ne·³

488 1167 765 1309 quirent,in
799 1165 975 1270 hostem
1009 1167 1207 1270 conversi
1254 1163 1473 1308 impetum
1515 1171 1606 1296 ejus
1643 1161 1958 1305 aliquantisper

488 1311 823 1433 sustinuerunt,
852 1310 1115 1414 adhortante
1151 1310 1207 1412 ad
1244 1348 1442 1452 pugnam
1477 1311 1629 1407 Zuazo
1665 1306 1767 1408 viro
1803 1301 1959 1410 fortis-

491 1454 637 1578 simo,
673 1458 879 1600 equitum
909 1453 1290 1602 cataphractorum
1315 1490 1398 1598 pro
1422 1451 1578 1558 Garcia
1608 1448 1818 1554 Manrico
1841 1492 1961 1598 prae·

491 1593 642 1702 fecto·

580 1753 721 1849 XXII.
811 1757 976 1850 Interea
1012 1743 1241 1892 Hispani,
1277 1740 1391 1888 qui,
1433 1777 1485 1847 ut
1519 1740 1621 1880 jussi
1658 1778 1806 1865 erant,
1845 1739 1958 1848 citra

491 1924 692 1991 montem
737 1885 1059 2012 substiterant,
1115 1929 1295 1994 suorum
1345 1884 1501 2032 fugam
1556 1890 1950 1991 animadvertentes

490 2069 617 2132 causa
652 2033 857 2134 nondum
897 2033 1115 2134 intellecta
1157 2029 1509 2138 conturbantur.
1555 2033 1637 2134 Sed
1686 2067 1809 2174 terga
1849 2034 1954 2134 dare

492 2213 538 2277 se
588 2173 826 2316 indignum
873 2211 1123 2321 reputantes
1178 2180 1237 2283 ad
1283 2177 1490 2318 proxima
1535 2174 1785 2296 aedificia,
1835 2176 1967 2276 unde

490 2318 773 2422 commodius
810 2359 1008 2464 pugnare
1044 2356 1252 2464 possent,
1293 2321 1489 2464 primum
1503 2359 1618 2500 jesa
1659 2356 1950 2460 reseperuntt

490 2463 651 2566 deinde
686 2501 783 2604 pars
821 2464 1056 2606 scloppetis
1091 2464 1281 2585 armati,
1326 2491 1502 2567 auctore
1538 2500 1581 2565 et
1613 2465 1724 2566 duce
1748 2463 1950 2565 Domini·

491 2645 547 2706 co
584 2606 821 2706 Arriatano
857 2606 1141 2731 centurione,
1178 2643 1381 2713 montem
1415 2618 1537 2744 juxta
1567 2603 1711 2710 fauces
1747 2647 1959 2708 conscen-

490 2749 642 2868 dunt,
681 2747 731 2848 in
749 2763 752 2769 “
767 2747 1054 2894 hostiumque
1088 2788 1377 2892 conspectum
1428 2752 1643 2895 progressi
1687 2751 1962 2892 Hispaniam·

490 2929 653 3033 magna
698 2930 812 2994 voce
852 2894 1171 2998 conclamantes
1220 2896 1452 3037 scloppetis
1488 2902 1658 2997 eminus
1698 2933 1788 2998 rem
1825 2933 1952 3038 gerc-

489 3071 536 3134 re
575 3068 849 3176 coeperunt,
887 3074 930 3139 et
974 3040 1209 3180 repentino
1254 3039 1489 3161 clamore,
1533 3041 1949 3184 scloppetorumque

490 3178 672 3320 strepitu
707 3216 752 3280 et
786 3179 882 3280 telis
923 3180 1069 3283 hostes
1104 3223 1243 3326 usque
1290 3184 1403 3285 adeo
1439 3218 1795 3304 contemnemur,
1819 3217 1869 3284 ut
1892 3185 1957 3285 si-‘

489 3355 598 3422 stete
634 3322 824 3464 gradum
863 3363 913 3423 ac
948 3326 1105 3466 partim
1143 3329 1277 3428 etiam
1313 3321 1472 3430 referre
1507 3363 1748 3471 cogerent.
1798 3335 1959 3468 Itaque-

488 3461 654 3567 horum
698 3464 978 3605 potissimum
1023 3467 1184 3570 virtute
1229 3466 1438 3572 cohibitis
1480 3468 1718 3592 hostibus,
1760 3470 1953 3610 spatium

486 3645 565 3751 pet
598 3609 818 3750 angustias
854 3611 1081 3712 remeandi
1115 3613 1294 3754 reliquis
1330 3616 1507 3736 datum,
1542 3649 1586 3715 et
1619 3615 1668 3714 in
1698 3611 1861 3714 urbem
1898 3615 1954 3716 si-

486 3790 543 3852 ne
585 3753 740 3854 ordine
781 3785 928 3854 tamen
978 3787 1021 3855 et
1062 3755 1250 3898 imperio
1296 3761 1447 3898 paucis
1495 3759 1662 3862 amissis
1710 3757 1961 3860 redeundi.¹

485 3901 611 3996 Nam
646 3896 738 4036 ipse
774 3898 1018 3999 Fernandus
1054 3898 1186 4001 initio
1222 3902 1338 4002 inter
1373 3939 1556 4003 suorum
1590 3899 1744 4045 fugam
1781 3936 1827 4003 er
1864 3937 1953 4003 tte-

484 4037 808 4178 pidationem‚
852 4037 979 4142 rebus
1016 4044 1298 4185 desperatis,
1342 4085 1421 4186 per
1456 4047 1692 4188 impeditas
1725 4046 1952 4186 angustias

486 4183 662 4287 transire
698 4222 793 4286 non
829 4184 974 4286 valens
1022 4226 1074 4287 ex
1116 4227 1234 4330 equo
1270 4188 1482 4310 desiluit,
1518 4225 1561 4292 et
1602 4228 1679 4331 per
1715 4223 1961 4308 montem,

482 4362 570 4463 qua
607 4326 732 4468 equis
769 4328 853 4428 iter
888 4368 981 4431 non
1015 4327 1195 4472 patebat
1207 4411 1223 4454 ,
1259 4333 1397 4434 evasit
1442 4337 1499 4434 ad
1534 4334 1806 4474 salutemque
1842 4373 1949 4433 con-

482 4465 648 4568 tendit.
686 4479 736 4566 In
772 4468 857 4571 hac
892 4474 1187 4613 trepidatione
1224 4512 1269 4578 et
1304 4473 1413 4620 fuga
1449 4477 1632 4580 trecenti
1654 4476 1838 4578 ,circiter
1872 4475 1947 4576 ho

478 4607 618 4710 mines
654 4609 816 4750 partim
853 4614 1016 4732 occisi,
1047 4616 1210 4753 partim
1244 4619 1392 4756 capti,
1431 4655 1475 4718 et
1512 4620 1559 4722 in
1595 4620 1662 4723 his
1699 4625 1864 4722 Zuazus
1898 4617 1951 4716 i·’

475 4791 583 4908 pse,
614 4786 785 4862 strenue
813 4794 918 4858 cum
952 4757 1104 4902 paucis
1138 4759 1342 4866 adversus
1376 4761 1577 4869 hostium
1612 4762 1949 4868 multitudinem

1864 4907 1948 5007 de-
