4284 5982
530 388 553 466 a
871 381 942 460 nr
966 367 1188 482 Jocm.
1218 347 1516 465 strumum*

499 511 606 591 ribos
632 525 699 584 non
725 509 935 600 inservire,
962 520 1075 602 atque
1104 510 1200 585 aliis
1227 529 1276 582 err
1299 509 1395 584 aliis
1422 501 1663 584 nascentibus
1690 511 1854 611 negotiis
1880 513 1940 588 ind

503 611 797 696 extricabiiibos
830 634 898 685 non
928 611 1138 706 implicari.
1170 609 1418 690 Commodum
1447 608 1536 690 huic
1565 606 1642 709 ejus
1672 634 1761 694 voto
1790 613 1941 707 aceldit,

503 740 586 823 post
610 717 728 794 XXII.
753 737 863 792 annos
877 713 1021 792 Italicae
1047 738 1132 794 suae
1157 716 1454 816 peregrinationis
1469 765 1482 808 ,
1509 713 1684 794 adventus
1698 717 1856 796 Romam
1869 719 1944 798 cr-

504 826 575 906 roli
596 820 786 910 Caesaris,
813 818 880 917 qui
906 841 991 894 eum
1012 818 1124 918 Regii
1147 816 1431 920 Chronographi
1455 817 1564 898 titulo
1586 814 1862 900 cohonestatum
1885 844 1946 898 se·

508 929 577 1032 qui
598 923 717 1004 aulam
739 918 854 1019 jussit.
881 919 923 995 In
949 923 1102 998 transitu
1118 921 1341 1000 bononiense
1365 923 1527 1001 visitavit
1553 921 1763 1028 Collegium
1791 948 1836 1004 ex
1862 924 1946 1001 alu·

511 1055 597 1112 mno
610 1028 749 1104 Censor
775 1021 893 1102 factus
914 1021 1110 1101 Pontificia
1140 1027 1356 1103 auctoritate
1379 1049 1401 1103 a
1427 1022 1619 1113 Qutfionto
1642 1021 1715 1123 jam
1745 1045 1946 1104 memorato

464 1211 470 1224 ,
508 1131 693 1216 cardinali
707 1129 864 1231 Collegii
879 1126 1088 1206 Protectore
1101 1127 1173 1204 sibi
1185 1149 1395 1228 procuratas
1411 1152 1538 1228 nempe
1552 1151 1645 1204 anno
1660 1131 1716 1208 M.
1730 1129 1917 1207 DXXXV
1917 1129 1948 1205 1.

509 1259 553 1320 ut
568 1262 612 1314 ex
628 1234 807 1330 Epistola
822 1226 899 1326 ejus
912 1248 1043 1310 octava
1056 1228 1103 1308 ad
1116 1229 1345 1308 Matthaeum
1359 1231 1553 1314 Gibettum
1567 1254 1724 1332 apparet.
1739 1231 1816 1310 Sub
1836 1230 1950 1309 finem

511 1339 671 1440 ejusdem
700 1337 786 1414 anni
810 1335 960 1411 Genuae
990 1333 1091 1412 dedit
1117 1334 1332 1436 Epistolam
1366 1335 1527 1427 XXIII,
1560 1340 1801 1436 sequentique
1839 1337 1952 1413 trice-

384 1531 386 1536 ,
512 1450 640 1526 simam
665 1441 807 1519 Pintiae
820 1439 1072 1515 Vaccaeorum
1101 1438 1138 1512 in
1168 1439 1367 1538 HispanIa,
1395 1458 1505 1538 atque
1531 1437 1618 1516 inde
1646 1439 1732 1517 alias
1761 1461 1877 1537 usque
1906 1434 1955 1516 ad

511 1571 646 1630 annum
670 1543 767 1618 illius
792 1539 925 1617 saeculi
937 1540 1049 1619 LVII.
1073 1541 1131 1618 vel
1156 1542 1193 1615 in
1219 1565 1263 1616 eo
1286 1540 1449 1641 oppido,
1479 1539 1536 1618 vel
1551 1541 1771 1635 Cordubae,
1796 1544 1853 1618 vei
1869 1539 1954 1618 Ma·

512 1653 619 1742 triti,
645 1647 705 1727 vel
732 1646 771 1722 in
793 1640 955 1722 hibernis
984 1645 1057 1721 suis
1069 1643 1277 1721 Putalbanis
1292 1698 1302 1738 ‚
1320 1669 1396 1744 quo
1421 1640 1467 1721 ad
1494 1643 1683 1723 vitandum
1698 1645 1877 1724 Castellae
1890 1647 1956 1721 a'e'·

514 1759 563 1834 ris
590 1757 775 1854 rigorem,
804 1769 869 1824 seu
893 1747 1015 1846 potIus
1037 1748 1153 1850 gratia
1177 1746 1406 1839 studiorum,
1431 1769 1548 1824 amua
1570 1747 1830 1827 consuetudine
1850 1769 1953 1825 sece-

512 1859 634 1936 debat.
649 1851 778 1932 Medio
793 1847 867 1927 hoc
891 1870 1054 1948 tempore
1067 1850 1105 1924 in
1120 1849 1330 1950 Hispaniam
1351 1849 1505 1928 redierat
1517 1850 1688 1929 Indorum
1710 1875 1855 1932 causam
1869 1872 1955 1950 pro·

515 1977 740 2066 pugnaturus
767 1948 1060 2030 Bartholomaeus
1075 1952 1194 2046 Casas,
1208 1953 1483 2047 Dumnitonus,
1496 1952 1711 2054 ChiapensIs
1741 1955 1958 2054 Episcopus,

512 2054 998 2241 ‘bithalassi‘
1011 2057 1433 2238 ’ξὲἳὶωῗεςῐ’ἔξιξοωι
1467 2058 1632 2240 vi‘⁰¹¹¹i2
1659 2056 1959 2238 alafrbmffi

602 2191 626 2242 ιι
1377 2183 1445 2237 nec
1480 2183 1553 2236 non
1734 2188 1748 2235 r

515 2191 661 2368 {bipes
683 2283 829 2354 nostes,
858 2261 964 2339 licere
984 2182 1365 2366 Hugmueuiiegtbis
1389 2264 1427 2340 in
1449 2261 1626 2340 ditionem
1647 2184 1754 2342 Indueras
1776 2184 1869 2340 bione
1890 2259 1960 2340 he·

520 2377 632 2453 rilem
648 2423 672 2463 ,.
684 2364 748 2445 sed
766 2364 914 2445 civilem
934 2365 1126 2467 &regiam
1149 2366 1230 2468 lege
1254 2366 1340 2446 belli
1363 2365 1535 2469 redigere.
1560 2365 1667 2454 Quae
1686 2369 1825 2470 magnis
1841 2368 1958 2442 uttin·

520 2502 595 2581 que
618 2471 746 2552 animis
770 2468 950 2546 decertata
974 2491 1081 2545 causa
1107 2490 1187 2550 ests
1212 2470 1251 2546 in
1281 2493 1354 2572 qua
1379 2470 1449 2546 sibi
1473 2468 1639 2548 adversos
1668 2467 1799 2549 habuit
1823 2469 1961 2546 Domi·

520 2585 668 2658 nicanos
690 2597 776 2652 cum
790 2572 883 2650 Casa
898 2594 1025 2648 eorum
1051 2569 1186 2664 sodaII,
1210 2573 1324 2648 immo
1347 2593 1385 2649 et
1398 2573 1692 2672 Complutensem
1707 2571 1960 2666 Academiam,

522 2685 579 2762 uti
609 2681 655 2758 de
685 2675 792 2753 rebus
816 2674 926 2776 gestis
951 2674 1112 2750 Ximenii
1137 2674 1338 2752 Cardinaiis
1368 2673 1464 2752 libro
1490 2676 1588 2757 VIII
1613 2677 1805 2756 Gometius
1832 2671 1961 2752 refert.

526 2779 716 2874 Quare'&
739 2773 984 2855 aMeIchiore
1003 2778 1108 2854 Cano
1130 2777 1190 2856 lib
1217 2779 1281 2855 Xl.
1310 2778 1356 2856 de
1384 2777 1493 2856 Locis
1520 2775 1758 2883 TheologIcis
1784 2801 1865 2877 cap.
1901 2799 1962 2854 ιι.

522 2913 599 2969 non
634 2882 785 2963 omnino
818 2877 1003 2980 probatur.
1031 2883 1142 2956 Anno
1173 2881 1285 2960 LVII.
1316 2881 1488 2959 Carnium
1522 2881 1611 2960 adiit
1642 2907 1686 2961 ex
1714 2882 1867 2961 Caesare
1892 2876 1966 2976 iam

523 2996 733 3098 privatum,
755 2981 1081 3063 &coenobitarum
1096 2982 1246 3062 Ordinis
1258 2987 1292 3061 S.
1305 2985 1526 3084 Hieronymi
1555 2987 1872 3064 contubernalems
1903 3006 1969 3061 ac·

524 3096 703 3192 cessitque
729 3110 795 3187 per
820 3089 1048 3165 occasionem
1060 3086 1311 3166 salmanticam
1336 3107 1446 3188 atque
1461 3089 1677 3182 Bletissam,
1708 3083 1813 3187 cujus
1835 3083 1967 3164 Eccle÷

525 3205 599 3281 siae
621 3189 994 3291 Atthipresbytetatu
1016 3187 1178 3288 quodam
1205 3189 1322 3269 fuerat
1347 3214 1461 3291 nuper
1483 3210 1639 3270 ornatus.
1663 3192 1728 3271 Ab
1753 3216 1797 3268 eo
1824 3211 1966 3288 tempo·

525 3332 593 3395 te,
620 3323 706 3378 cum
729 3318 861 3372 annum
884 3290 957 3392 jam
981 3313 1104 3394 ageret
1128 3298 1388 3396 sexagesimum
1413 3295 1634 3394 septImum,
1661 3294 1874 3374 abstinuisse
1905 3292 1967 3370 vi·

528 3409 634 3486 detur
649 3401 784 3479 Curiae
798 3397 984 3487 tumultu,
1002 3395 1040 3470 in
1055 3398 1276 3497 proprioque
1295 3397 1464 3498 frequens
1478 3421 1552 3476 esse
1568 3419 1702 3477 tractus
1717 3395 1969 3476 Cordubensis

530 3506 690 3619 praedio,
705 3500 805 3602 quod
820 3500 866 3578 ad
880 3499 1078 3579 convallem
1089 3501 1249 3578 Mariani
1264 3503 1409 3593 montis,
1424 3523 1497 3600 qua
1507 3500 1700 3580 Cordubae
1715 3501 1906 3588 imminet,
1921 3498 1969 3575 si·

528 3639 609 3698 tum
625 3603 797 3711 graphice
811 3606 842 3683 is
855 3624 964 3704 atque
978 3602 1158 3706 eleganter
1173 3605 1209 3678 in
1227 3603 1418 3700 Epistolis
1434 3604 1565 3684 LXIV.
1582 3605 1731 3683 LXVII
1746 3600 1973 3680 LXXXIVL

533 3713 741 3812 descripsit·
766 3709 854 3797 Quo
888 3709 926 3783 in
957 3707 1065 3798 loco,
1091 3727 1155 3783 aut
1179 3706 1399 3800 Cordubae,
1421 3728 1484 3784 aut
1511 3705 1725 3799 Putalbanl,
1754 3725 1795 3784 ιιι
1825 3703 1973 3783 credere
2062 3759 2064 3762 -

533 3846 597 3927 par
623 3833 676 3895 est
697 3818 810 3916 (nam
825 3812 864 3890 δι
883 3808 1129 3888 Cordubensis
1153 3810 1333 3888 Ecclesiae
1360 3809 1561 3888 sacerdotio
1585 3809 1741 3886 ditatum
1766 3832 1851 3885 eum
1876 3803 1972 3886 fuis·

517 3953 572 4020 ¹se
594 3919 691 4022 apud
711 3913 930 3995 Rematdum
953 3911 1169 3990 Aldererum
1195 3912 1279 3988 libri
1316 3914 1426 4012 primi
1451 3913 1738 4009 Antiquitatum
1763 3911 1971 4007 Hispano·

536 4053 618 4108 rom
645 4038 682 4098 et
707 4021 989 4113 Africanarum
1010 4017 1140 4115 capitis
1164 4017 1229 4094 IV.
1255 4012 1333 4092 fme
1363 4015 1525 4119 legitur)
1554 4039 1647 4093 anno
1678 4015 1734 4092 M.
1750 4015 1802 4091 D.
1817 4009 1972 4089 LXXII.

537 4154 614 4212 uno
639 4118 753 4220 major
774 4121 1008 4221 octogenario
1035 4119 1132 4196 diem
1162 4117 1257 4197 vidit
1277 4141 1490 4198 extremum.
1515 4116 1635 4217 Hujus
1658 4115 1844 4194 clarissimi
1870 4135 1975 4192 mot·

538 4237 620 4316 talis
643 4224 777 4304 famam
800 4222 1082 4323 divulgaverunt
1102 4223 1219 4314 olim,
1243 4245 1287 4300 ac
1314 4246 1412 4300 nunc
1428 4241 1598 4315 tuentur,
1625 4242 1698 4295 non
1725 4219 1873 4320 quidem
1900 4239 1978 4295 ma·

542 4361 634 4444 gnae
665 4330 799 4420 molis,
826 4322 888 4403 sed
908 4325 954 4401 ad
965 4321 1152 4403 Cleanthis
1180 4325 1361 4404 lucernam
1391 4323 1560 4426 evigilata
1586 4346 1726 4426 opera,
1754 4323 1977 4425 vulgareq'ue

543 4434 844 4538 amplissimorum
873 4425 1063 4506 hominum
1091 4451 1187 4505 nunc
1214 4426 1330 4507 deco
1358 4426 1548 4527 iudicium.
1577 4429 1618 4504 In
1645 4447 1801 4528 quotum
1828 4445 1981 4500 numero

541 4563 627 4628 sunt
650 4534 864 4614 Ambrosios
886 4533 1070 4620 Morales,
1097 4531 1229 4607 Paulus
1241 4531 1395 4630 Jovius,
1424 4532 1540 4606 Lilius
1561 4527 1772 4630 Gyraldus,
1798 4521 1981 4631 josephus

546 4645 741 4743 Scaliger,
771 4631 932 4714 Michael
961 4633 1147 4724 Medina,
1176 4634 1358 4710 Martinus
1388 4635 1530 4711 Docrot
1564 4635 1749 4711 Navarrus
1774 4683 1786 4724 ,
1816 4627 1982 4708 Didacus

391 4793 396 4803 ·
546 4747 741 4831 Gratianus
764 4791 775 4830 ,
813 4737 998 4814 Antonius
1021 4735 1256 4829 Possevinus,
1287 4737 1425 4834 Gaspar
1451 4730 1658 4826 Barreritss',
1691 4731 1865 4810 Alfonsus
1888 4731 1982 4806 Gar-

549 4857 618 4938 sias
642 4849 901 4934 Metamotus,
937 4840 1072 4944 aliique
1102 4834 1212 4942 hujus
1240 4837 1388 4922 ordinis
1415 4839 1574 4922 Moraies
1610 4859 1740 4940 nempe
1765 4835 1851 4916 le.
1865 4828 1980 5012 illiti-II·
