4326 5986
534 430 638 523 454·
917 429 1001 510 DE
1044 415 1523 516 REBUSJ'GESTI‘S

516 679 521 686 .
580 596 696 692 XV.·
765 584 840 691 Ad
876 581 1000 684 diem
1034 581 1258 683 decimum
1294 580 1534 718 septimum
1565 575 1660 680 Kal.
1693 574 1962 704 Decembris,

498 733 713 851 Carolus,
750 767 853 828 cum
889 765 954 828 res
1002 725 1167 826 Italicas
1204 724 1538 842 constituisset,
1574 720 1728 823 Alvari
1773 723 1957 828 adventu

501 917 594 978 non
631 905 912 1012 exspectat0,
950 869 1030 1009 qui
1066 870 1122 970 ad
1163 867 1347 970 Venetis
1395 903 1576 1007 portum
1620 863 1808 966 adversis
1851 901 1962 970 tem-¹

502 1015 736 1160 pestatibus
772 1011 1087 1132 detinebatur,
1120 1027 1196 1154 p'et
1231 1007 1388 1112 urbem
1433 1020 1634 1110 Genuam
1678 1048 1797 1149 equo
1839 1006 1965 1112 inve-

503 1200 596 1263 ctus
632 1161 680 1261 in
716 1161 884 1269 molem
921 1155 1161 1296 procedit,
1186 1171 1317 1294 'quac
1362 1189 1543 1294 portum
1585 1147 1721 1252 e‘fficit
1764 1151 1965 1256 fluctibus

507 1302 714 1434 objectat
753 1337 797 1402 et
832 1337 966 1401 vento
1009 1299 1239 1400 dumtaxat
1283 1295 1611 1416 subinvitante,
1651 1335 1758 1396 nam
1794 1298 1965 1398 coelum

507 1483 598 1548 erat
633 1485 725 1547 non
762 1445 858 1546 satis
895 1482 1124 1560 serenum,
1155 1441 1482 1582 quadriremem
1517 1479 1622 1542 cum
1659 1441 1835 1541 Andtea
1868 1453 1965 1542 Do··

506 1591 569 1691 ria
603 1597 693 1719 jam
728 1625 825 1688 sero
861 1587 950 1687 diei
987 1583 1280 1702 conscendit,-
1312 1582 1559 1684 triremibus
1597 1582 1762 1724 viginti
1798 1618 1961 1724 septem

508 1729 827 1873 sequentibus,
864 1729 1024 1870 quibus
1061 1729 1144 1828 viri
1179 1719 1434 1867 principes,
1474 1763 1518 1826 et
1555 1725 1635 1866 qui
1682 1727 1835 1868 aliquo
1878 1766 1962 1827 nu·-

508 1913 633 1976 mero
669 1873 911 1978 ethonore
945 1906 1095 1989 erant,
1128 1885 1231 1970 cum
1269 1868 1535 2008 paucissimis
1571 1867 1804 1970 comitibus
1835 1868 1968 1970 vehe-

510 2017 696 2116 bantur.
755 2025 913 2115 Cetera
937 2011 1086 2114 turba
1143 2051 1262 2114 cum·
1295 2011 1621 2152 impedimentis
1676 2013 1970 2153 jumentisque

510 2158 724 2297 impositis
760 2158 815 2260 ad
852 2195 981 2259 naves
1019 2155 1237 2256 onerarias
1275 2189 1579 2294 tempestatem
1614 2156 1971 2258 commodiorem

510 2336 748 2442 exspectare
783 2311 907 2432 jussa.
947 2300 1151 2400 Proxima
1187 2335 1320 2398 nocte
1356 2299 1539 2398 Carolus
1575 2337 1679 2398 cum
1715 2334 1813 2401 tota
1840 2301 1967 2400 classe

509 2446 558 2554 in
591 2443 786 2544 anchoris
822 2441 1021 2548 constitit
1056 2453 1155 2541 ante
1192 2450 1436 2542 Savonam.
1484 2441 1698 2544 Postridie
1745 2439 1830 2542 sub
1864 2443 1970 2544 Solis

510 2625 715 2692 occasum
749 2586 806 2687 in·
837 2620 1014 2725 portum
1048 2583 1300 2704 Herculis,
1340 2583 1421 2724 qui
1466 2624 1583 2686 nunc
1635 2589 1762 2688 Villae
1810 2591 1968 2686 Fratcaa

509 2729 797 2849 nominatur,
824 2728 996 2830 duobus
1032 2769 1057 2828 a
1099 2729 1267 2828 Nicaea
1304 2739 1508 2865 passuum
1550 2727 1744 2830 millibus
1781 2726 1967 2828 advehi·

508 2907 605 2976 tur.
644 2870 737 2972 Hic
771 2872 952 2976 Carolus
987 2870 1223 2972 Sabaudiae
1256 2882 1360 2972 Dux
1395 2909 1501 2978 cum
1535 2907 1672 2974 uxore
1700 2869 1968 2974 Beatricein

511 3016 597 3116 suis
612 3075 617 3082 ·
633 3014 793 3116 scilicet
827 3013 987 3117 finibus
1026 3013 1245 3154 expositus
1279 3013 1523 3117 remansit..

583 3165 705 3258 XVI.
779 3170 900 3259 Cum
935 3157 1027 3257 dies
1061 3192 1257 3296 posterus
1293 3156 1466 3258 nubilus
1508 3155 1746 3276 illuxisset,
1774 3190 1818 3257 et
1848 3159 1968 3256 maro

512 3298 653 3410 ventis
689 3298 952 3439 agitaretur,
984 3299 1201 3399 incertum
1238 3336 1420 3417 errore,
1454 3337 1511 3400 an
1547 3299 1784 3441 praecipite
1819 3300 1967 3400 consi·

512 3443 577 3544 lio
612 3477 792 3582 portum
828 3442 965 3542 classis
1002 3442 1256 3582 egreditur,
1280 3442 1514 3581 validaque
1550 3478 1811 3581 tempestate
1845 3450 1968 3573 jacta·

514 3621 559 3686 ta
609 3586 682 3686 vix
723 3584 863 3685 tenuit
903 3586 1007 3684 duas
1043 3621 1193 3723 parvas
1228 3583 1416 3702 insulas,
1455 3623 1570 3724 quae
1606 3584 1755 3705 olim,
1789 3619 1840 3684 ut
1877 3584 1972 3724 opi-

518 3765 628 3846 nor,
665 3736 818 3852 Lero,
850 3726 1093 3864 Lerinaque
1139 3725 1321 3845 dictae,
1373 3764 1492 3826 nunc
1537 3736 1699 3828 Sanctae
1741 3735 1974 3863 Margaritae

520 3869 930 4011 cognominantur,
965 3867 1187 3985 humiles,
1222 3866 1555 4007 importuosae,
1593 3907 1637 3970 et
1682 3867 1976 3988 inhabitatae,

520 4011 605 4112 nisi
649 4011 773 4151 quod
818 4011 866 4111 in
911 4011 1038 4110 altera
1083 4009 1356 4111 coenobium
1405 4048 1537 4134 erat,
1583 4013 1709 4152 quod
1760 4009 1975 4111 Monachi

521 4152 682 4253 aemuli
731 4150 874 4254 Sancti
916 4151 1140 4255 Benedicti
1181 4151 1412 4254 tenebant.
1469 4156 1667 4296 Appulsa
1717 4188 1780 4256 est
1830 4189 1975 4256 autem

523 4291 823 4433 compluribus
859 4295 988 4395 remis
1030 4288 1297 4415 confractis,
1333 4331 1468 4436 quam
1514 4297 1729 4398 fluctuum
1771 4296 1974 4427 injuriam

522 4473 625 4536 cum
660 4436 779 4537 nulla
810 4473 909 4540 non
943 4436 1064 4538 navis
1107 4437 1321 4556 senserit,
1359 4441 1643 4579 Imperatoria
1688 4439 1974 4580 quadriremis

522 4578 812 4722 quadraginta
846 4577 1038 4717 amplius
1072 4617 1215 4680 remos
1249 4579 1421 4688 annau.
1458 4581 1616 4684 Insulas
1645 4580 1782 4724 igitur
1812 4617 1972 4722 magno

521 4721 699 4866 impetu⁴
730 4755 1035 4865 praetergressa
1070 4721 1212 4828 classis
1247 4760 1352 4830 cum
1386 4723 1573 4869 ingente
1600 4727 1824 4868 remigum
1854 4723 1977 4826 labo

1918 4903 1975 4982 re,
