<?xml version="1.0" encoding="UTF-8"?>
<!DOCTYPE html PUBLIC "-//W3C//DTD XHTML 1.0 Transitional//EN"
    "http://www.w3.org/TR/xhtml1/DTD/xhtml1-transitional.dtd">
<html xmlns="http://www.w3.org/1999/xhtml" xml:lang="en" lang="en">
 <head>
  <title>
</title>
<meta http-equiv="Content-Type" content="text/html;charset=utf-8" />
  <meta name='ocr-system' content='tesseract 3.04.00' />
  <meta name='ocr-capabilities' content='ocr_page ocr_carea ocr_par ocr_line ocrx_word'/>
</head>
<body>
  <div class='ocr_page' id='page_1' title='image "./joannisgenesiis02sepgoog_0181.png"; bbox 0 0 4284 5982; ppageno 0'>
   <div class='ocr_carea' id='block_1_1' title="bbox 217 315 1740 598">
    <p class='ocr_par' dir='ltr' id='par_1_1' title="bbox 217 315 1740 598">
     <span class='ocr_line' id='line_1_1' title="bbox 385 315 1740 470; baseline -0.004 -18"><span class='ocrx_word' id='word_1_1' title='bbox 385 315 398 332; x_wconf 72' lang='grc'>”</span> <span class='ocrx_word' id='word_1_2' title='bbox 560 365 887 452; x_wconf 79' lang='lat' dir='ltr'>resrruoura</span> <span class='ocrx_word' id='word_1_3' title='bbox 905 365 984 448; x_wconf 52' lang='lat' dir='ltr'>,rr</span> <span class='ocrx_word' id='word_1_4' title='bbox 1016 355 1221 448; x_wconf 74' lang='lat' dir='ltr'>tronus:</span> <span class='ocrx_word' id='word_1_5' title='bbox 1539 377 1652 470; x_wconf 64' lang='grc' dir='ltr'>ηρ</span> <span class='ocrx_word' id='word_1_6' title='bbox 1736 459 1740 468; x_wconf 15' lang='grc' dir='ltr'><strong><em>Δ</em></strong></span> 
     </span>
     <span class='ocr_line' id='line_1_2' title="bbox 217 497 1618 598; baseline -0.005 -16"><span class='ocrx_word' id='word_1_7' title='bbox 217 501 415 587; x_wconf 82' lang='lat' dir='ltr'>PETRUS</span> <span class='ocrx_word' id='word_1_8' title='bbox 443 499 670 584; x_wconf 83' lang='lat' dir='ltr'>CURTlUS</span> <span class='ocrx_word' id='word_1_9' title='bbox 698 505 737 576; x_wconf 79' lang='lat' dir='ltr'>ta</span> <span class='ocrx_word' id='word_1_10' title='bbox 763 504 870 598; x_wconf 79' lang='lat' dir='ltr'>Apol.</span> <span class='ocrx_word' id='word_1_11' title='bbox 896 520 968 598; x_wconf 87' lang='lat' dir='ltr'>pro</span> <span class='ocrx_word' id='word_1_12' title='bbox 991 503 1106 577; x_wconf 80' lang='lat' dir='ltr'>Italis</span> <span class='ocrx_word' id='word_1_13' title='bbox 1130 500 1319 576; x_wconf 85' lang='lat' dir='ltr'>aduersus</span> <span class='ocrx_word' id='word_1_14' title='bbox 1341 497 1555 578; x_wconf 83' lang='lat' dir='ltr'>Erasmum.</span> <span class='ocrx_word' id='word_1_15' title='bbox 1609 507 1618 518; x_wconf 89' lang='grc'>”</span> 
     </span>
    </p>
   </div>
   <div class='ocr_carea' id='block_1_2' title="bbox 161 602 1609 1022">
    <p class='ocr_par' dir='ltr' id='par_1_2' title="bbox 161 602 1609 1022">
     <span class='ocr_line' id='line_1_3' title="bbox 245 602 1608 710; baseline -0.002 -27"><span class='ocrx_word' id='word_1_16' title='bbox 245 607 349 694; x_wconf 89' lang='lat' dir='ltr'>Quid</span> <span class='ocrx_word' id='word_1_17' title='bbox 377 627 420 688; x_wconf 90' lang='lat' dir='ltr'>tu</span> <span class='ocrx_word' id='word_1_18' title='bbox 449 609 644 710; x_wconf 86' lang='lat' dir='ltr'>(Erasme</span> <span class='ocrx_word' id='word_1_19' title='bbox 665 603 681 699; x_wconf 88' lang='lat'>)</span> <span class='ocrx_word' id='word_1_20' title='bbox 706 607 903 682; x_wconf 83' lang='lat' dir='ltr'><strong>Genesium</strong></span> <span class='ocrx_word' id='word_1_21' title='bbox 920 603 1156 704; x_wconf 86' lang='lat' dir='ltr'>Sepulvedam</span> <span class='ocrx_word' id='word_1_22' title='bbox 1173 605 1401 703; x_wconf 88' lang='lat' dir='ltr'>Hispanum,</span> <span class='ocrx_word' id='word_1_23' title='bbox 1427 607 1494 706; x_wconf 93' lang='lat' dir='ltr'>qui</span> <span class='ocrx_word' id='word_1_24' title='bbox 1517 602 1608 682; x_wconf 89' lang='lat' dir='ltr'>Phi-</span> 
     </span>
     <span class='ocr_line' id='line_1_4' title="bbox 166 700 1609 812; baseline -0.002 -23"><span class='ocrx_word' id='word_1_25' title='bbox 166 709 370 812; x_wconf 83' lang='lat' dir='ltr'>losoplriam</span> <span class='ocrx_word' id='word_1_26' title='bbox 397 735 439 790; x_wconf 93' lang='lat' dir='ltr'>ac</span> <span class='ocrx_word' id='word_1_27' title='bbox 465 700 712 812; x_wconf 74' lang='lat' dir='ltr'>Theologiam</span> <span class='ocrx_word' id='word_1_28' title='bbox 728 710 876 787; x_wconf 87' lang='lat' dir='ltr'>Graecis</span> <span class='ocrx_word' id='word_1_29' title='bbox 892 710 1105 810; x_wconf 80' lang='lat' dir='ltr'>Latinisque</span> <span class='ocrx_word' id='word_1_30' title='bbox 1134 709 1263 786; x_wconf 89' lang='lat' dir='ltr'>litteris</span> <span class='ocrx_word' id='word_1_31' title='bbox 1291 711 1453 810; x_wconf 84' lang='lat' dir='ltr'>grauiter</span> <span class='ocrx_word' id='word_1_32' title='bbox 1486 733 1609 808; x_wconf 87' lang='lat' dir='ltr'>perse-</span> 
     </span>
     <span class='ocr_line' id='line_1_5' title="bbox 164 811 1607 912; baseline 0 -20"><span class='ocrx_word' id='word_1_33' title='bbox 164 835 302 908; x_wconf 92' lang='lat' dir='ltr'>cutus,</span> <span class='ocrx_word' id='word_1_34' title='bbox 332 835 525 912; x_wconf 89' lang='lat' dir='ltr'>utramque</span> <span class='ocrx_word' id='word_1_35' title='bbox 553 815 663 890; x_wconf 85' lang='lat' dir='ltr'>etlam</span> <span class='ocrx_word' id='word_1_36' title='bbox 691 814 865 891; x_wconf 89' lang='lat' dir='ltr'>orationis</span> <span class='ocrx_word' id='word_1_37' title='bbox 918 812 1067 891; x_wconf 89' lang='lat' dir='ltr'>ravitate</span> <span class='ocrx_word' id='word_1_38' title='bbox 1081 811 1354 905; x_wconf 87' lang='lat' dir='ltr'>decoravir,ad</span> <span class='ocrx_word' id='word_1_39' title='bbox 1375 811 1607 894; x_wconf 87' lang='lat' dir='ltr'>scribendum</span> 
     </span>
     <span class='ocr_line' id='line_1_6' title="bbox 161 915 1367 1022; baseline -0.002 -24"><span class='ocrx_word' id='word_1_40' title='bbox 161 937 294 998; x_wconf 82' lang='lat' dir='ltr'>contra</span> <span class='ocrx_word' id='word_1_41' title='bbox 325 939 362 996; x_wconf 92' lang='lat' dir='ltr'>te</span> <span class='ocrx_word' id='word_1_42' title='bbox 390 921 536 996; x_wconf 72' lang='lat' dir='ltr'>naxisse</span> <span class='ocrx_word' id='word_1_43' title='bbox 563 919 731 1022; x_wconf 81' lang='lat' dir='ltr'>cogites,</span> <span class='ocrx_word' id='word_1_44' title='bbox 760 918 877 994; x_wconf 88' lang='lat' dir='ltr'>nisio</span> <span class='ocrx_word' id='word_1_45' title='bbox 922 919 1050 1009; x_wconf 89' lang='lat' dir='ltr'>cium,</span> <span class='ocrx_word' id='word_1_46' title='bbox 1077 919 1147 994; x_wconf 86' lang='lat' dir='ltr'>nisi</span> <span class='ocrx_word' id='word_1_47' title='bbox 1169 915 1367 1017; x_wconf 71' lang='lat' dir='ltr'>pietatem?</span> 
     </span>
    </p>
   </div>
   <div class='ocr_carea' id='block_1_3' title="bbox 161 1070 1611 2414">
    <p class='ocr_par' dir='ltr' id='par_1_3' title="bbox 272 1070 1250 1174">
     <span class='ocr_line' id='line_1_7' title="bbox 272 1070 1250 1174; baseline -0.003 -21"><span class='ocrx_word' id='word_1_48' title='bbox 272 1070 350 1174; x_wconf 80' lang='lat' dir='ltr'>Jo.</span> <span class='ocrx_word' id='word_1_49' title='bbox 375 1071 606 1152; x_wconf 79' lang='lat' dir='ltr'>VnsAI-:US</span> <span class='ocrx_word' id='word_1_50' title='bbox 629 1075 668 1148; x_wconf 82' lang='lat' dir='ltr'>iu</span> <span class='ocrx_word' id='word_1_51' title='bbox 689 1071 829 1152; x_wconf 87' lang='lat' dir='ltr'>Chron.</span> <span class='ocrx_word' id='word_1_52' title='bbox 851 1095 929 1150; x_wconf 85' lang='lat' dir='ltr'>rer.</span> <span class='ocrx_word' id='word_1_53' title='bbox 953 1071 1075 1166; x_wconf 86' lang='lat' dir='ltr'>Hisp.</span> <span class='ocrx_word' id='word_1_54' title='bbox 1103 1091 1187 1170; x_wconf 83' lang='lat' dir='ltr'>cap.</span> <span class='ocrx_word' id='word_1_55' title='bbox 1213 1097 1250 1174; x_wconf 91' lang='lat'>7.</span> 
     </span>
    </p>

    <p class='ocr_par' dir='ltr' id='par_1_4' title="bbox 161 1173 1611 2414">
     <span class='ocr_line' id='line_1_8' title="bbox 245 1173 1609 1276; baseline 0.001 -24"><span class='ocrx_word' id='word_1_56' title='bbox 245 1177 354 1252; x_wconf 93' lang='lat' dir='ltr'>Duos</span> <span class='ocrx_word' id='word_1_57' title='bbox 377 1173 450 1256; x_wconf 88' lang='lat' dir='ltr'>hoc</span> <span class='ocrx_word' id='word_1_58' title='bbox 483 1175 565 1252; x_wconf 94' lang='lat' dir='ltr'>loco</span> <span class='ocrx_word' id='word_1_59' title='bbox 593 1176 817 1269; x_wconf 85' lang='lat' dir='ltr'>nominabo,</span> <span class='ocrx_word' id='word_1_60' title='bbox 844 1176 910 1276; x_wconf 92' lang='lat' dir='ltr'>qui</span> <span class='ocrx_word' id='word_1_61' title='bbox 940 1173 1011 1252; x_wconf 83' lang='lat' dir='ltr'>lroc</span> <span class='ocrx_word' id='word_1_62' title='bbox 1040 1199 1188 1254; x_wconf 89' lang='lat' dir='ltr'>munere</span> <span class='ocrx_word' id='word_1_63' title='bbox 1216 1176 1325 1254; x_wconf 90' lang='lat' dir='ltr'>docte</span> <span class='ocrx_word' id='word_1_64' title='bbox 1355 1196 1464 1276; x_wconf 92' lang='lat' dir='ltr'>atque</span> <span class='ocrx_word' id='word_1_65' title='bbox 1494 1175 1609 1256; x_wconf 72' lang='lat' dir='ltr'>mulce</span> 
     </span>
     <span class='ocr_line' id='line_1_9' title="bbox 164 1275 1609 1382; baseline 0.001 -27"><span class='ocrx_word' id='word_1_66' title='bbox 164 1275 286 1358; x_wconf 83' lang='lat' dir='ltr'>functi</span> <span class='ocrx_word' id='word_1_67' title='bbox 307 1301 402 1358; x_wconf 91' lang='lat' dir='ltr'>sunt.</span> <span class='ocrx_word' id='word_1_68' title='bbox 418 1279 523 1354; x_wconf 83' lang='lat' dir='ltr'>Prior</span> <span class='ocrx_word' id='word_1_69' title='bbox 543 1298 595 1355; x_wconf 83' lang='lat' dir='ltr'>est</span> <span class='ocrx_word' id='word_1_70' title='bbox 610 1277 669 1380; x_wconf 90' lang='lat' dir='ltr'>Jo.</span> <span class='ocrx_word' id='word_1_71' title='bbox 686 1279 733 1356; x_wconf 90' lang='lat' dir='ltr'>G.</span> <span class='ocrx_word' id='word_1_72' title='bbox 748 1278 960 1378; x_wconf 85' lang='lat' dir='ltr'>Sepulveda,</span> <span class='ocrx_word' id='word_1_73' title='bbox 979 1275 1212 1382; x_wconf 89' lang='lat' dir='ltr'>Theologus,</span> <span class='ocrx_word' id='word_1_74' title='bbox 1228 1277 1494 1378; x_wconf 87' lang='lat' dir='ltr'>Philosophus,</span> <span class='ocrx_word' id='word_1_75' title='bbox 1510 1279 1609 1357; x_wconf 90' lang='lat' dir='ltr'>Ora-</span> 
     </span>
     <span class='ocr_line' id='line_1_10' title="bbox 165 1377 1609 1486; baseline -0.001 -25"><span class='ocrx_word' id='word_1_76' title='bbox 165 1403 224 1462; x_wconf 87' lang='lat' dir='ltr'>tot</span> <span class='ocrx_word' id='word_1_77' title='bbox 248 1385 421 1486; x_wconf 89' lang='lat' dir='ltr'>insignis,</span> <span class='ocrx_word' id='word_1_78' title='bbox 444 1381 490 1460; x_wconf 92' lang='lat' dir='ltr'>de</span> <span class='ocrx_word' id='word_1_79' title='bbox 513 1377 616 1481; x_wconf 86' lang='lat' dir='ltr'>cujus</span> <span class='ocrx_word' id='word_1_80' title='bbox 641 1383 814 1485; x_wconf 83' lang='lat' dir='ltr'>singulari</span> <span class='ocrx_word' id='word_1_81' title='bbox 834 1381 1038 1458; x_wconf 84' lang='lat' dir='ltr'>eruditione</span> <span class='ocrx_word' id='word_1_82' title='bbox 1062 1383 1153 1482; x_wconf 91' lang='lat' dir='ltr'>quid</span> <span class='ocrx_word' id='word_1_83' title='bbox 1177 1407 1269 1484; x_wconf 92' lang='lat' dir='ltr'>opus</span> <span class='ocrx_word' id='word_1_84' title='bbox 1293 1406 1346 1461; x_wconf 90' lang='lat' dir='ltr'>est</span> <span class='ocrx_word' id='word_1_85' title='bbox 1364 1383 1506 1476; x_wconf 87' lang='lat' dir='ltr'>dicere,</span> <span class='ocrx_word' id='word_1_86' title='bbox 1521 1407 1609 1462; x_wconf 90' lang='lat' dir='ltr'>cum</span> 
     </span>
     <span class='ocr_line' id='line_1_11' title="bbox 163 1481 1605 1588; baseline 0 -25"><span class='ocrx_word' id='word_1_87' title='bbox 163 1505 221 1564; x_wconf 90' lang='lat' dir='ltr'>tot</span> <span class='ocrx_word' id='word_1_88' title='bbox 256 1485 363 1565; x_wconf 85' lang='lat' dir='ltr'>editis</span> <span class='ocrx_word' id='word_1_89' title='bbox 398 1487 499 1562; x_wconf 89' lang='lat' dir='ltr'>libris</span> <span class='ocrx_word' id='word_1_90' title='bbox 530 1489 756 1564; x_wconf 84' lang='lat' dir='ltr'>testatissima</span> <span class='ocrx_word' id='word_1_91' title='bbox 785 1487 898 1588; x_wconf 91' lang='lat' dir='ltr'>vulgo</span> <span class='ocrx_word' id='word_1_92' title='bbox 930 1481 1006 1563; x_wconf 80' lang='lat' dir='ltr'>sit?</span> <span class='ocrx_word' id='word_1_93' title='bbox 1034 1485 1126 1562; x_wconf 87' lang='lat' dir='ltr'>Satis</span> <span class='ocrx_word' id='word_1_94' title='bbox 1150 1488 1198 1563; x_wconf 91' lang='lat' dir='ltr'>sit</span> <span class='ocrx_word' id='word_1_95' title='bbox 1224 1486 1270 1565; x_wconf 95' lang='lat' dir='ltr'>ad</span> <span class='ocrx_word' id='word_1_96' title='bbox 1298 1486 1441 1565; x_wconf 90' lang='lat' dir='ltr'>laudern</span> <span class='ocrx_word' id='word_1_97' title='bbox 1469 1489 1605 1586; x_wconf 90' lang='lat' dir='ltr'>ipsius,</span> 
     </span>
     <span class='ocr_line' id='line_1_12' title="bbox 162 1589 1607 1690; baseline 0.003 -24"><span class='ocrx_word' id='word_1_98' title='bbox 162 1590 266 1690; x_wconf 90' lang='lat' dir='ltr'>quod</span> <span class='ocrx_word' id='word_1_99' title='bbox 292 1590 399 1665; x_wconf 88' lang='lat' dir='ltr'>illum</span> <span class='ocrx_word' id='word_1_100' title='bbox 422 1615 467 1666; x_wconf 88' lang='lat' dir='ltr'>err</span> <span class='ocrx_word' id='word_1_101' title='bbox 490 1611 589 1667; x_wconf 89' lang='lat' dir='ltr'>tanto</span> <span class='ocrx_word' id='word_1_102' title='bbox 612 1589 904 1670; x_wconf 86' lang='lat' dir='ltr'>doctissimorum</span> <span class='ocrx_word' id='word_1_103' title='bbox 923 1590 1088 1668; x_wconf 86' lang='lat' dir='ltr'>vitorum</span> <span class='ocrx_word' id='word_1_104' title='bbox 1109 1614 1259 1668; x_wconf 91' lang='lat' dir='ltr'>numero</span> <span class='ocrx_word' id='word_1_105' title='bbox 1283 1590 1437 1670; x_wconf 85' lang='lat' dir='ltr'>Carolus</span> <span class='ocrx_word' id='word_1_106' title='bbox 1451 1594 1500 1672; x_wconf 91' lang='lat' dir='ltr'>V.</span> <span class='ocrx_word' id='word_1_107' title='bbox 1517 1591 1607 1689; x_wconf 91' lang='lat' dir='ltr'>Imp.</span> 
     </span>
     <span class='ocr_line' id='line_1_13' title="bbox 165 1691 1610 1796; baseline 0 -25"><span class='ocrx_word' id='word_1_108' title='bbox 165 1718 307 1795; x_wconf 87' lang='lat' dir='ltr'>semper</span> <span class='ocrx_word' id='word_1_109' title='bbox 330 1695 523 1796; x_wconf 87' lang='lat' dir='ltr'>Augustus</span> <span class='ocrx_word' id='word_1_110' title='bbox 547 1691 775 1794; x_wconf 88' lang='lat' dir='ltr'>potissimum</span> <span class='ocrx_word' id='word_1_111' title='bbox 800 1693 1001 1795; x_wconf 86' lang='lat' dir='ltr'>delegerit,</span> <span class='ocrx_word' id='word_1_112' title='bbox 1025 1717 1046 1770; x_wconf 89' lang='lat' dir='ltr'>a</span> <span class='ocrx_word' id='word_1_113' title='bbox 1069 1717 1221 1793; x_wconf 87' lang='lat' dir='ltr'>quotes</span> <span class='ocrx_word' id='word_1_114' title='bbox 1246 1695 1358 1794; x_wconf 75' lang='lat' dir='ltr'>Ipsius</span> <span class='ocrx_word' id='word_1_115' title='bbox 1383 1712 1477 1772; x_wconf 88' lang='lat' dir='ltr'>terra</span> <span class='ocrx_word' id='word_1_116' title='bbox 1500 1697 1610 1772; x_wconf 91' lang='lat' dir='ltr'>mari·</span> 
     </span>
     <span class='ocr_line' id='line_1_14' title="bbox 166 1795 1610 1899; baseline 0.001 -26"><span class='ocrx_word' id='word_1_117' title='bbox 166 1821 243 1898; x_wconf 90' lang='lat' dir='ltr'>que</span> <span class='ocrx_word' id='word_1_118' title='bbox 276 1797 532 1898; x_wconf 89' lang='lat' dir='ltr'>preclarissime</span> <span class='ocrx_word' id='word_1_119' title='bbox 572 1817 719 1899; x_wconf 85' lang='lat' dir='ltr'>gestae,</span> <span class='ocrx_word' id='word_1_120' title='bbox 746 1819 940 1896; x_wconf 85' lang='lat' dir='ltr'>perpetuae</span> <span class='ocrx_word' id='word_1_121' title='bbox 970 1798 1164 1874; x_wconf 89' lang='lat' dir='ltr'>memoriae</span> <span class='ocrx_word' id='word_1_122' title='bbox 1193 1795 1542 1877; x_wconf 90' lang='lat' dir='ltr'>commendarentur.</span> <span class='ocrx_word' id='word_1_123' title='bbox 1575 1799 1610 1874; x_wconf 92' lang='lat' dir='ltr'>Is</span> 
     </span>
     <span class='ocr_line' id='line_1_15' title="bbox 162 1899 1611 2003; baseline 0.003 -29"><span class='ocrx_word' id='word_1_124' title='bbox 162 1899 304 2002; x_wconf 73' lang='lat' dir='ltr'>Igitur,</span> <span class='ocrx_word' id='word_1_125' title='bbox 331 1925 417 1978; x_wconf 91' lang='lat' dir='ltr'>cum</span> <span class='ocrx_word' id='word_1_126' title='bbox 445 1901 514 2000; x_wconf 87' lang='lat' dir='ltr'>lpsi</span> <span class='ocrx_word' id='word_1_127' title='bbox 538 1924 560 1977; x_wconf 97' lang='lat' dir='ltr'>a</span> <span class='ocrx_word' id='word_1_128' title='bbox 580 1901 834 1978; x_wconf 86' lang='lat' dir='ltr'>Maximiliano</span> <span class='ocrx_word' id='word_1_129' title='bbox 856 1899 1050 1978; x_wconf 87' lang='lat' dir='ltr'>Bohemiae</span> <span class='ocrx_word' id='word_1_130' title='bbox 1075 1925 1112 1976; x_wconf 89' lang='lat' dir='ltr'>re</span> <span class='ocrx_word' id='word_1_131' title='bbox 1139 1924 1159 1975; x_wconf 92' lang='lat' dir='ltr'>e</span> <span class='ocrx_word' id='word_1_132' title='bbox 1187 1921 1275 1977; x_wconf 89' lang='lat' dir='ltr'>tunc</span> <span class='ocrx_word' id='word_1_133' title='bbox 1300 1903 1417 2003; x_wconf 89' lang='lat' dir='ltr'>regias</span> <span class='ocrx_word' id='word_1_134' title='bbox 1445 1901 1542 1980; x_wconf 87' lang='lat' dir='ltr'>vices</span> <span class='ocrx_word' id='word_1_135' title='bbox 1570 1903 1611 1980; x_wconf 90' lang='lat' dir='ltr'>in</span> 
     </span>
     <span class='ocr_line' id='line_1_16' title="bbox 162 1925 1609 2107; baseline 0 -27"><span class='ocrx_word' id='word_1_136' title='bbox 162 2005 341 2103; x_wconf 85' lang='lat' dir='ltr'>Hispania</span> <span class='ocrx_word' id='word_1_137' title='bbox 369 2030 454 2084; x_wconf 88' lang='lat' dir='ltr'>cum</span> <span class='ocrx_word' id='word_1_138' title='bbox 478 2028 590 2081; x_wconf 86' lang='lat' dir='ltr'>uxore</span> <span class='ocrx_word' id='word_1_139' title='bbox 616 2005 737 2081; x_wconf 85' lang='lat' dir='ltr'>Maria</span> <span class='ocrx_word' id='word_1_140' title='bbox 763 2024 909 2107; x_wconf 88' lang='lat' dir='ltr'>gerente</span> <span class='ocrx_word' id='word_1_141' title='bbox 939 2025 1088 2080; x_wconf 89' lang='lat' dir='ltr'>censura</span> <span class='ocrx_word' id='word_1_142' title='bbox 1113 1925 1224 2098; x_wconf 49' lang='lat' dir='ltr'>{ujus</span> <span class='ocrx_word' id='word_1_143' title='bbox 1248 2003 1431 2080; x_wconf 76' lang='lat' dir='ltr'>Chronica·</span> <span class='ocrx_word' id='word_1_144' title='bbox 1458 2002 1609 2082; x_wconf 90' lang='lat' dir='ltr'>deman-</span> 
     </span>
     <span class='ocr_line' id='line_1_17' title="bbox 161 2105 1611 2210; baseline 0.001 -28"><span class='ocrx_word' id='word_1_145' title='bbox 161 2105 248 2186; x_wconf 89' lang='lat' dir='ltr'>data</span> <span class='ocrx_word' id='word_1_146' title='bbox 274 2131 390 2202; x_wconf 86' lang='lat' dir='ltr'>esset,</span> <span class='ocrx_word' id='word_1_147' title='bbox 419 2105 572 2191; x_wconf 89' lang='lat' dir='ltr'>candide</span> <span class='ocrx_word' id='word_1_148' title='bbox 599 2129 709 2210; x_wconf 90' lang='lat' dir='ltr'>atque</span> <span class='ocrx_word' id='word_1_149' title='bbox 743 2107 883 2186; x_wconf 89' lang='lat' dir='ltr'>erudite</span> <span class='ocrx_word' id='word_1_150' title='bbox 912 2105 1090 2208; x_wconf 87' lang='lat' dir='ltr'>quaedam</span> <span class='ocrx_word' id='word_1_151' title='bbox 1120 2108 1287 2198; x_wconf 89' lang='lat' dir='ltr'>notavit,</span> <span class='ocrx_word' id='word_1_152' title='bbox 1318 2108 1358 2181; x_wconf 90' lang='lat' dir='ltr'>in</span> <span class='ocrx_word' id='word_1_153' title='bbox 1387 2105 1525 2208; x_wconf 91' lang='lat' dir='ltr'>quibus</span> <span class='ocrx_word' id='word_1_154' title='bbox 1556 2107 1611 2184; x_wconf 88' lang='lat' dir='ltr'>illl</span> 
     </span>
     <span class='ocr_line' id='line_1_18' title="bbox 164 2207 1609 2312; baseline 0.005 -26"><span class='ocrx_word' id='word_1_155' title='bbox 164 2233 241 2286; x_wconf 89' lang='lat' dir='ltr'>non</span> <span class='ocrx_word' id='word_1_156' title='bbox 266 2207 517 2292; x_wconf 88' lang='lat' dir='ltr'>satisfecerant.</span> <span class='ocrx_word' id='word_1_157' title='bbox 544 2211 658 2300; x_wconf 93' lang='lat' dir='ltr'>Quod</span> <span class='ocrx_word' id='word_1_158' title='bbox 684 2210 775 2289; x_wconf 92' lang='lat' dir='ltr'>adeo</span> <span class='ocrx_word' id='word_1_159' title='bbox 804 2236 877 2287; x_wconf 92' lang='lat' dir='ltr'>non</span> <span class='ocrx_word' id='word_1_160' title='bbox 900 2234 1006 2311; x_wconf 85' lang='lat' dir='ltr'>aegre</span> <span class='ocrx_word' id='word_1_161' title='bbox 1034 2209 1103 2286; x_wconf 90' lang='lat' dir='ltr'>tuli</span> <span class='ocrx_word' id='word_1_162' title='bbox 1120 2263 1131 2302; x_wconf 95' lang='lat'>,</span> <span class='ocrx_word' id='word_1_163' title='bbox 1149 2231 1191 2286; x_wconf 86' lang='lat' dir='ltr'>ut</span> <span class='ocrx_word' id='word_1_164' title='bbox 1217 2211 1327 2288; x_wconf 86' lang='lat' dir='ltr'>etiam</span> <span class='ocrx_word' id='word_1_165' title='bbox 1357 2211 1479 2312; x_wconf 84' lang='lat' dir='ltr'>magui</span> <span class='ocrx_word' id='word_1_166' title='bbox 1496 2210 1609 2293; x_wconf 80' lang='lat' dir='ltr'>bene·</span> 
     </span>
     <span class='ocr_line' id='line_1_19' title="bbox 162 2311 1217 2414; baseline -0.001 -22"><span class='ocrx_word' id='word_1_167' title='bbox 162 2311 246 2392; x_wconf 86' lang='lat' dir='ltr'>ficii</span> <span class='ocrx_word' id='word_1_168' title='bbox 274 2315 355 2396; x_wconf 91' lang='lat' dir='ltr'>loco</span> <span class='ocrx_word' id='word_1_169' title='bbox 383 2316 539 2396; x_wconf 76' lang='lat' dir='ltr'>tulerIm.</span> <span class='ocrx_word' id='word_1_170' title='bbox 566 2315 671 2394; x_wconf 84' lang='lat' dir='ltr'>Alter</span> <span class='ocrx_word' id='word_1_171' title='bbox 697 2337 751 2395; x_wconf 90' lang='lat' dir='ltr'>est</span> <span class='ocrx_word' id='word_1_172' title='bbox 778 2312 942 2392; x_wconf 75' lang='lat' dir='ltr'>DIdacus</span> <span class='ocrx_word' id='word_1_173' title='bbox 964 2313 1114 2414; x_wconf 90' lang='lat' dir='ltr'>Neyla,</span> <span class='ocrx_word' id='word_1_174' title='bbox 1144 2315 1217 2394; x_wconf 76' lang='lat' dir='ltr'>&amp;e</span> 
     </span>
    </p>
   </div>
   <div class='ocr_carea' id='block_1_4' title="bbox 120 2464 1613 3168">
    <p class='ocr_par' dir='ltr' id='par_1_5' title="bbox 163 2464 1611 2668">
     <span class='ocr_line' id='line_1_20' title="bbox 216 2464 1611 2570; baseline 0.004 -28"><span class='ocrx_word' id='word_1_175' title='bbox 216 2464 351 2544; x_wconf 80' lang='lat' dir='ltr'>IDEM</span> <span class='ocrx_word' id='word_1_176' title='bbox 376 2493 455 2567; x_wconf 91' lang='lat' dir='ltr'>cap.</span> <span class='ocrx_word' id='word_1_177' title='bbox 482 2493 543 2550; x_wconf 84' lang='lat' dir='ltr'>aa.</span> <span class='ocrx_word' id='word_1_178' title='bbox 566 2475 607 2548; x_wconf 80' lang='lat' dir='ltr'>s‘n</span> <span class='ocrx_word' id='word_1_179' title='bbox 632 2475 745 2568; x_wconf 84' lang='lat' dir='ltr'>epist.</span> <span class='ocrx_word' id='word_1_180' title='bbox 776 2469 826 2545; x_wconf 80' lang='lat' dir='ltr'>ad</span> <span class='ocrx_word' id='word_1_181' title='bbox 848 2470 899 2546; x_wconf 80' lang='lat' dir='ltr'>J..</span> <span class='ocrx_word' id='word_1_182' title='bbox 933 2468 1060 2546; x_wconf 81' lang='lat' dir='ltr'>Andr.</span> <span class='ocrx_word' id='word_1_183' title='bbox 1092 2469 1347 2564; x_wconf 83' lang='lat' dir='ltr'>Reseudium,</span> <span class='ocrx_word' id='word_1_184' title='bbox 1387 2471 1537 2570; x_wconf 85' lang='lat' dir='ltr'>loquens</span> <span class='ocrx_word' id='word_1_185' title='bbox 1564 2468 1611 2548; x_wconf 80' lang='lat' dir='ltr'>de</span> 
     </span>
     <span class='ocr_line' id='line_1_21' title="bbox 163 2565 512 2668; baseline 0.009 -23"><span class='ocrx_word' id='word_1_186' title='bbox 163 2565 283 2646; x_wconf 82' lang='lat' dir='ltr'>Aera</span> <span class='ocrx_word' id='word_1_187' title='bbox 314 2571 512 2668; x_wconf 82' lang='lat' dir='ltr'>Hispana.</span> 
     </span>
    </p>

    <p class='ocr_par' dir='ltr' id='par_1_6' title="bbox 120 2671 1613 3168">
     <span class='ocr_line' id='line_1_22' title="bbox 243 2671 1605 2775; baseline 0.006 -29"><span class='ocrx_word' id='word_1_188' title='bbox 243 2671 442 2773; x_wconf 87' lang='lat' dir='ltr'>Postquam</span> <span class='ocrx_word' id='word_1_189' title='bbox 465 2672 556 2754; x_wconf 90' lang='lat' dir='ltr'>haec</span> <span class='ocrx_word' id='word_1_190' title='bbox 583 2679 833 2775; x_wconf 87' lang='lat' dir='ltr'>scripslssem,</span> <span class='ocrx_word' id='word_1_191' title='bbox 863 2673 1072 2754; x_wconf 89' lang='lat' dir='ltr'>admonitus</span> <span class='ocrx_word' id='word_1_192' title='bbox 1100 2698 1180 2751; x_wconf 90' lang='lat' dir='ltr'>sum</span> <span class='ocrx_word' id='word_1_193' title='bbox 1208 2695 1230 2750; x_wconf 88' lang='lat' dir='ltr'>a</span> <span class='ocrx_word' id='word_1_194' title='bbox 1256 2675 1316 2775; x_wconf 92' lang='lat' dir='ltr'>Jo.</span> <span class='ocrx_word' id='word_1_195' title='bbox 1334 2677 1382 2754; x_wconf 89' lang='lat' dir='ltr'>G.</span> <span class='ocrx_word' id='word_1_196' title='bbox 1398 2672 1605 2772; x_wconf 85' lang='lat' dir='ltr'>Sepulveda</span> 
     </span>
     <span class='ocr_line' id='line_1_23' title="bbox 163 2771 1610 2882; baseline 0.003 -34"><span class='ocrx_word' id='word_1_197' title='bbox 163 2771 279 2876; x_wconf 89' lang='lat' dir='ltr'>longe</span> <span class='ocrx_word' id='word_1_198' title='bbox 315 2778 422 2854; x_wconf 83' lang='lat' dir='ltr'>aliam</span> <span class='ocrx_word' id='word_1_199' title='bbox 451 2803 524 2856; x_wconf 78' lang='lat' dir='ltr'>esse</span> <span class='ocrx_word' id='word_1_200' title='bbox 553 2782 672 2857; x_wconf 89' lang='lat' dir='ltr'>Acrae</span> <span class='ocrx_word' id='word_1_201' title='bbox 699 2781 906 2882; x_wconf 89' lang='lat' dir='ltr'>originem,</span> <span class='ocrx_word' id='word_1_202' title='bbox 937 2802 1048 2878; x_wconf 89' lang='lat' dir='ltr'>quarn</span> <span class='ocrx_word' id='word_1_203' title='bbox 1077 2803 1099 2855; x_wconf 91' lang='lat' dir='ltr'>a</span> <span class='ocrx_word' id='word_1_204' title='bbox 1125 2776 1316 2856; x_wconf 68' lang='lat' dir='ltr'>&amp;Isidoro</span> <span class='ocrx_word' id='word_1_205' title='bbox 1348 2799 1385 2856; x_wconf 91' lang='lat' dir='ltr'>et</span> <span class='ocrx_word' id='word_1_206' title='bbox 1410 2778 1490 2856; x_wconf 92' lang='lat' dir='ltr'>aliis</span> <span class='ocrx_word' id='word_1_207' title='bbox 1518 2781 1610 2856; x_wconf 87' lang='lat' dir='ltr'>scti-</span> 
     </span>
     <span class='ocr_line' id='line_1_24' title="bbox 165 2877 1613 2982; baseline 0.003 -28"><span class='ocrx_word' id='word_1_208' title='bbox 165 2877 335 2976; x_wconf 87' lang='lat' dir='ltr'>ptoribus</span> <span class='ocrx_word' id='word_1_209' title='bbox 349 2881 491 2979; x_wconf 86' lang='lat' dir='ltr'>prodita</span> <span class='ocrx_word' id='word_1_210' title='bbox 504 2884 563 2962; x_wconf 88' lang='lat' dir='ltr'>sit.</span> <span class='ocrx_word' id='word_1_211' title='bbox 587 2880 703 2982; x_wconf 90' lang='lat' dir='ltr'>Cujus</span> <span class='ocrx_word' id='word_1_212' title='bbox 726 2878 865 2960; x_wconf 89' lang='lat' dir='ltr'>dehac</span> <span class='ocrx_word' id='word_1_213' title='bbox 892 2905 931 2958; x_wconf 91' lang='lat' dir='ltr'>re</span> <span class='ocrx_word' id='word_1_214' title='bbox 952 2882 1247 2973; x_wconf 88' lang='lat' dir='ltr'>annotationem,</span> <span class='ocrx_word' id='word_1_215' title='bbox 1276 2881 1365 2982; x_wconf 90' lang='lat' dir='ltr'>quia</span> <span class='ocrx_word' id='word_1_216' title='bbox 1392 2905 1466 2959; x_wconf 87' lang='lat' dir='ltr'>non</span> <span class='ocrx_word' id='word_1_217' title='bbox 1496 2883 1613 2958; x_wconf 88' lang='lat' dir='ltr'>solum</span> 
     </span>
     <span class='ocr_line' id='line_1_25' title="bbox 120 2981 1611 3164; baseline 0.006 -111"><span class='ocrx_word' id='word_1_218' title='bbox 120 3063 125 3074; x_wconf 54' lang='grc'>,</span> <span class='ocrx_word' id='word_1_219' title='bbox 162 2981 378 3164; x_wconf 51' lang='grc' dir='ltr'>ὶηςρέεἱοέι,</span> <span class='ocrx_word' id='word_1_220' title='bbox 407 3007 534 3162; x_wconf 55' lang='lat' dir='ltr'>ugrum</span> <span class='ocrx_word' id='word_1_221' title='bbox 562 2988 673 3067; x_wconf 84' lang='lat' dir='ltr'>etiam</span> <span class='ocrx_word' id='word_1_222' title='bbox 699 2984 841 3066; x_wconf 87' lang='lat' dir='ltr'>erudita</span> <span class='ocrx_word' id='word_1_223' title='bbox 866 2981 959 3062; x_wconf 87' lang='lat' dir='ltr'>milri</span> <span class='ocrx_word' id='word_1_224' title='bbox 985 2986 1062 3064; x_wconf 86' lang='lat' dir='ltr'>visa</span> <span class='ocrx_word' id='word_1_225' title='bbox 1091 3005 1172 3074; x_wconf 86' lang='lat' dir='ltr'>est,</span> <span class='ocrx_word' id='word_1_226' title='bbox 1199 2982 1245 3063; x_wconf 87' lang='lat' dir='ltr'>ad</span> <span class='ocrx_word' id='word_1_227' title='bbox 1272 2986 1429 3066; x_wconf 88' lang='lat' dir='ltr'>verbum</span> <span class='ocrx_word' id='word_1_228' title='bbox 1468 2981 1532 3063; x_wconf 90' lang='lat' dir='ltr'>hic</span> <span class='ocrx_word' id='word_1_229' title='bbox 1571 3007 1611 3062; x_wconf 75' lang='lat' dir='ltr'>a·</span> 
     </span>
     <span class='ocr_line' id='line_1_26' title="bbox 164 3089 524 3168; baseline 0.019 -6"><span class='ocrx_word' id='word_1_230' title='bbox 164 3107 240 3162; x_wconf 84' lang='lat' dir='ltr'>serr</span> <span class='ocrx_word' id='word_1_231' title='bbox 287 3111 312 3163; x_wconf 91' lang='lat' dir='ltr'>n</span> <span class='ocrx_word' id='word_1_232' title='bbox 338 3109 397 3164; x_wconf 85' lang='lat' dir='ltr'>am</span> <span class='ocrx_word' id='word_1_233' title='bbox 453 3089 524 3168; x_wconf 86' lang='lat' dir='ltr'>uxi.</span> 
     </span>
    </p>
   </div>
   <div class='ocr_carea' id='block_1_5' title="bbox 164 3288 1651 3816">
    <p class='ocr_par' dir='ltr' id='par_1_7' title="bbox 258 3288 1518 3404">
     <span class='ocr_line' id='line_1_27' title="bbox 258 3288 1518 3404; baseline 0.003 -35"><span class='ocrx_word' id='word_1_234' title='bbox 258 3288 304 3369; x_wconf 87' lang='lat'>1.</span> <span class='ocrx_word' id='word_1_235' title='bbox 335 3291 414 3370; x_wconf 83' lang='lat' dir='ltr'>AN</span> <span class='ocrx_word' id='word_1_236' title='bbox 417 3295 580 3376; x_wconf 84' lang='lat' dir='ltr'>DREAS</span> <span class='ocrx_word' id='word_1_237' title='bbox 607 3295 886 3404; x_wconf 75' lang='lat' dir='ltr'>RESENDIllS</span> <span class='ocrx_word' id='word_1_238' title='bbox 913 3299 953 3372; x_wconf 82' lang='lat' dir='ltr'>in</span> <span class='ocrx_word' id='word_1_239' title='bbox 983 3315 1148 3392; x_wconf 80' lang='lat' dir='ltr'>respons.</span> <span class='ocrx_word' id='word_1_240' title='bbox 1176 3293 1231 3370; x_wconf 86' lang='lat' dir='ltr'>ad</span> <span class='ocrx_word' id='word_1_241' title='bbox 1257 3297 1355 3372; x_wconf 83' lang='lat' dir='ltr'>haue</span> <span class='ocrx_word' id='word_1_242' title='bbox 1383 3293 1518 3390; x_wconf 84' lang='lat' dir='ltr'>Epist.</span> 
     </span>
    </p>

    <p class='ocr_par' dir='ltr' id='par_1_8' title="bbox 164 3391 1651 3816">
     <span class='ocr_line' id='line_1_28' title="bbox 246 3391 1613 3500; baseline 0.001 -28"><span class='ocrx_word' id='word_1_243' title='bbox 246 3395 507 3476; x_wconf 78' lang='lat' dir='ltr'>commentum</span> <span class='ocrx_word' id='word_1_244' title='bbox 544 3422 665 3480; x_wconf 89' lang='lat' dir='ltr'>autem</span> <span class='ocrx_word' id='word_1_245' title='bbox 705 3403 853 3479; x_wconf 88' lang='lat' dir='ltr'>Genesii</span> <span class='ocrx_word' id='word_1_246' title='bbox 892 3399 1154 3500; x_wconf 86' lang='lat' dir='ltr'>Sepulvedae,</span> <span class='ocrx_word' id='word_1_247' title='bbox 1194 3422 1271 3499; x_wconf 93' lang='lat' dir='ltr'>quo</span> <span class='ocrx_word' id='word_1_248' title='bbox 1310 3421 1354 3477; x_wconf 86' lang='lat' dir='ltr'>ex</span> <span class='ocrx_word' id='word_1_249' title='bbox 1396 3391 1613 3497; x_wconf 85' lang='lat' dir='ltr'>compendio</span> 
     </span>
     <span class='ocr_line' id='line_1_29' title="bbox 164 3496 1612 3601; baseline 0 -27"><span class='ocrx_word' id='word_1_250' title='bbox 164 3496 374 3598; x_wconf 77' lang='lat' dir='ltr'>scalptionis</span> <span class='ocrx_word' id='word_1_251' title='bbox 398 3501 453 3578; x_wconf 90' lang='lat' dir='ltr'>A.</span> <span class='ocrx_word' id='word_1_252' title='bbox 483 3503 576 3581; x_wconf 82' lang='lat' dir='ltr'>ER.</span> <span class='ocrx_word' id='word_1_253' title='bbox 605 3506 659 3584; x_wconf 90' lang='lat' dir='ltr'>A.</span> <span class='ocrx_word' id='word_1_254' title='bbox 688 3505 855 3582; x_wconf 77' lang='lat' dir='ltr'><em>CAES.</em></span> <span class='ocrx_word' id='word_1_255' title='bbox 878 3503 916 3578; x_wconf 93' lang='lat' dir='ltr'>id</span> <span class='ocrx_word' id='word_1_256' title='bbox 943 3524 1022 3594; x_wconf 91' lang='lat' dir='ltr'>est,</span> <span class='ocrx_word' id='word_1_257' title='bbox 1051 3525 1170 3578; x_wconf 79' lang='lat' dir='ltr'>annus</span> <span class='ocrx_word' id='word_1_258' title='bbox 1199 3515 1287 3601; x_wconf 67' lang='lat' dir='ltr'>erat</span> <span class='ocrx_word' id='word_1_259' title='bbox 1317 3501 1490 3600; x_wconf 78' lang='lat' dir='ltr'>Augusti</span> <span class='ocrx_word' id='word_1_260' title='bbox 1512 3499 1612 3575; x_wconf 85' lang='lat' dir='ltr'>Cae·</span> 
     </span>
     <span class='ocr_line' id='line_1_30' title="bbox 164 3599 1610 3706; baseline 0.006 -32"><span class='ocrx_word' id='word_1_261' title='bbox 164 3607 303 3693; x_wconf 84' lang='lat' dir='ltr'>saris,</span> <span class='ocrx_word' id='word_1_262' title='bbox 330 3601 454 3682; x_wconf 84' lang='lat' dir='ltr'>iecisse</span> <span class='ocrx_word' id='word_1_263' title='bbox 491 3609 676 3706; x_wconf 89' lang='lat' dir='ltr'>imperitos</span> <span class='ocrx_word' id='word_1_264' title='bbox 702 3605 838 3684; x_wconf 81' lang='lat' dir='ltr'>Aetam</span> <span class='ocrx_word' id='word_1_265' title='bbox 865 3607 1055 3698; x_wconf 82' lang='lat' dir='ltr'>Caesaris,</span> <span class='ocrx_word' id='word_1_266' title='bbox 1080 3606 1186 3683; x_wconf 91' lang='lat' dir='ltr'>nobis</span> <span class='ocrx_word' id='word_1_267' title='bbox 1220 3606 1349 3681; x_wconf 90' lang='lat' dir='ltr'>nititur</span> <span class='ocrx_word' id='word_1_268' title='bbox 1384 3599 1610 3702; x_wconf 74' lang='lat' dir='ltr'>persuadere,</span> 
     </span>
     <span class='ocr_line' id='line_1_31' title="bbox 165 3701 1651 3816; baseline -0.001 -36"><span class='ocrx_word' id='word_1_269' title='bbox 165 3701 313 3800; x_wconf 87' lang='lat' dir='ltr'>fateor,</span> <span class='ocrx_word' id='word_1_270' title='bbox 338 3730 413 3786; x_wconf 89' lang='lat' dir='ltr'>nou</span> <span class='ocrx_word' id='word_1_271' title='bbox 438 3709 515 3791; x_wconf 89' lang='lat' dir='ltr'>siue</span> <span class='ocrx_word' id='word_1_272' title='bbox 534 3709 769 3790; x_wconf 88' lang='lat' dir='ltr'>admiratione</span> <span class='ocrx_word' id='word_1_273' title='bbox 798 3730 945 3813; x_wconf 87' lang='lat' dir='ltr'>propter</span> <span class='ocrx_word' id='word_1_274' title='bbox 972 3706 1133 3787; x_wconf 88' lang='lat' dir='ltr'>hominis</span> <span class='ocrx_word' id='word_1_275' title='bbox 1158 3705 1398 3786; x_wconf 88' lang='lat' dir='ltr'>eruditionem</span> <span class='ocrx_word' id='word_1_276' title='bbox 1424 3706 1509 3808; x_wconf 89' lang='lat' dir='ltr'>legi.</span> <span class='ocrx_word' id='word_1_277' title='bbox 1647 3809 1651 3816; x_wconf 25' lang='grc'>1</span> 
     </span>
    </p>
   </div>
   <div class='ocr_carea' id='block_1_6' title="bbox 147 3891 1623 4738">
    <p class='ocr_par' dir='ltr' id='par_1_9' title="bbox 166 3891 1623 4118">
     <span class='ocr_line' id='line_1_32' title="bbox 223 3891 1623 4014; baseline -0.003 -25"><span class='ocrx_word' id='word_1_278' title='bbox 223 3911 355 3993; x_wconf 88' lang='lat' dir='ltr'>IDEM</span> <span class='ocrx_word' id='word_1_279' title='bbox 391 3917 431 3991; x_wconf 84' lang='lat' dir='ltr'>in</span> <span class='ocrx_word' id='word_1_280' title='bbox 480 3921 670 3993; x_wconf 84' lang='lat' dir='ltr'>notatione</span> <span class='ocrx_word' id='word_1_281' title='bbox 717 3913 897 4014; x_wconf 81' lang='lat' dir='ltr'>praefixa</span> <span class='ocrx_word' id='word_1_282' title='bbox 935 3915 985 3992; x_wconf 93' lang='lat' dir='ltr'><em>V</em></span> <span class='ocrx_word' id='word_1_283' title='bbox 981 3913 1165 3992; x_wconf 82' lang='lat' dir='ltr'><em>ASAEI</em></span> <span class='ocrx_word' id='word_1_284' title='bbox 1205 3911 1342 3992; x_wconf 82' lang='lat' dir='ltr'>Chrou.</span> <span class='ocrx_word' id='word_1_285' title='bbox 1388 3907 1482 3986; x_wconf 78' lang='lat' dir='ltr'>edit.</span> <span class='ocrx_word' id='word_1_286' title='bbox 1520 3891 1623 3985; x_wconf 42' lang='lat' dir='ltr'>Sall</span> 
     </span>
     <span class='ocr_line' id='line_1_33' title="bbox 166 4017 888 4118; baseline 0 -24"><span class='ocrx_word' id='word_1_287' title='bbox 166 4030 288 4094; x_wconf 84' lang='lat' dir='ltr'>mant.</span> <span class='ocrx_word' id='word_1_288' title='bbox 324 4042 370 4092; x_wconf 81' lang='lat' dir='ltr'>au</span> <span class='ocrx_word' id='word_1_289' title='bbox 400 4017 463 4096; x_wconf 89' lang='lat' dir='ltr'>M.</span> <span class='ocrx_word' id='word_1_290' title='bbox 492 4018 547 4098; x_wconf 92' lang='lat' dir='ltr'>D.</span> <span class='ocrx_word' id='word_1_291' title='bbox 577 4021 678 4096; x_wconf 88' lang='lat' dir='ltr'>LII.</span> <span class='ocrx_word' id='word_1_292' title='bbox 705 4021 888 4118; x_wconf 73' lang='lat' dir='ltr'>legimus:</span> 
     </span>
    </p>

    <p class='ocr_par' dir='ltr' id='par_1_10' title="bbox 147 4112 1619 4738">
     <span class='ocr_line' id='line_1_34' title="bbox 250 4112 1607 4219; baseline -0.004 -24"><span class='ocrx_word' id='word_1_293' title='bbox 250 4120 378 4197; x_wconf 89' lang='lat' dir='ltr'>Postea</span> <span class='ocrx_word' id='word_1_294' title='bbox 399 4146 486 4199; x_wconf 89' lang='lat' dir='ltr'>vero</span> <span class='ocrx_word' id='word_1_295' title='bbox 505 4125 615 4200; x_wconf 85' lang='lat' dir='ltr'>etiarn</span> <span class='ocrx_word' id='word_1_296' title='bbox 627 4121 839 4200; x_wconf 85' lang='lat' dir='ltr'>Valladollti</span> <span class='ocrx_word' id='word_1_297' title='bbox 864 4115 1176 4219; x_wconf 84' lang='lat' dir='ltr'>(examinatum)</span> <span class='ocrx_word' id='word_1_298' title='bbox 1204 4112 1372 4194; x_wconf 87' lang='lat' dir='ltr'>mandato</span> <span class='ocrx_word' id='word_1_299' title='bbox 1384 4113 1607 4194; x_wconf 75' lang='lat' dir='ltr'>Serenustmt</span> 
     </span>
     <span class='ocr_line' id='line_1_35' title="bbox 169 4217 1613 4328; baseline -0.006 -26"><span class='ocrx_word' id='word_1_300' title='bbox 169 4225 225 4302; x_wconf 93' lang='lat' dir='ltr'>D.</span> <span class='ocrx_word' id='word_1_301' title='bbox 252 4222 492 4301; x_wconf 84' lang='lat' dir='ltr'>Maximiliani</span> <span class='ocrx_word' id='word_1_302' title='bbox 511 4223 704 4302; x_wconf 83' lang='lat' dir='ltr'>Bolremiae</span> <span class='ocrx_word' id='word_1_303' title='bbox 724 4223 836 4328; x_wconf 85' lang='lat' dir='ltr'>Regis</span> <span class='ocrx_word' id='word_1_304' title='bbox 856 4248 878 4300; x_wconf 93' lang='lat' dir='ltr'>a</span> <span class='ocrx_word' id='word_1_305' title='bbox 899 4227 980 4300; x_wconf 92' lang='lat' dir='ltr'>viro</span> <span class='ocrx_word' id='word_1_306' title='bbox 998 4218 1249 4320; x_wconf 87' lang='lat' dir='ltr'>undecumque</span> <span class='ocrx_word' id='word_1_307' title='bbox 1263 4217 1472 4296; x_wconf 89' lang='lat' dir='ltr'>doctissimo</span> <span class='ocrx_word' id='word_1_308' title='bbox 1489 4217 1547 4318; x_wconf 91' lang='lat' dir='ltr'>Jo.</span> <span class='ocrx_word' id='word_1_309' title='bbox 1564 4219 1613 4294; x_wconf 91' lang='lat' dir='ltr'>G.</span> 
     </span>
     <span class='ocr_line' id='line_1_36' title="bbox 170 4321 1619 4426; baseline -0.003 -23"><span class='ocrx_word' id='word_1_310' title='bbox 170 4323 408 4424; x_wconf 82' lang='lat' dir='ltr'>Sepulveda,</span> <span class='ocrx_word' id='word_1_311' title='bbox 434 4325 591 4404; x_wconf 89' lang='lat' dir='ltr'>Oratore</span> <span class='ocrx_word' id='word_1_312' title='bbox 616 4379 627 4418; x_wconf 94' lang='lat'>,</span> <span class='ocrx_word' id='word_1_313' title='bbox 658 4324 911 4426; x_wconf 88' lang='lat' dir='ltr'>Philosopho,</span> <span class='ocrx_word' id='word_1_314' title='bbox 945 4323 1139 4424; x_wconf 86' lang='lat' dir='ltr'>Theologo</span> <span class='ocrx_word' id='word_1_315' title='bbox 1176 4321 1555 4411; x_wconf 87' lang='lat' dir='ltr'>consummatissimo,</span> <span class='ocrx_word' id='word_1_316' title='bbox 1580 4341 1619 4398; x_wconf 90' lang='lat' dir='ltr'>et</span> 
     </span>
     <span class='ocr_line' id='line_1_37' title="bbox 171 4425 1618 4532; baseline -0.006 -26"><span class='ocrx_word' id='word_1_317' title='bbox 171 4426 301 4506; x_wconf 85' lang='lat' dir='ltr'>Caroli</span> <span class='ocrx_word' id='word_1_318' title='bbox 325 4430 373 4508; x_wconf 91' lang='lat' dir='ltr'>V.</span> <span class='ocrx_word' id='word_1_319' title='bbox 396 4431 485 4524; x_wconf 88' lang='lat' dir='ltr'>Imp.</span> <span class='ocrx_word' id='word_1_320' title='bbox 498 4427 826 4532; x_wconf 88' lang='lat' dir='ltr'>Historiographo,</span> <span class='ocrx_word' id='word_1_321' title='bbox 854 4428 921 4526; x_wconf 87' lang='lat' dir='ltr'>qul</span> <span class='ocrx_word' id='word_1_322' title='bbox 948 4451 1021 4504; x_wconf 88' lang='lat' dir='ltr'>nou</span> <span class='ocrx_word' id='word_1_323' title='bbox 1045 4427 1165 4504; x_wconf 90' lang='lat' dir='ltr'>solum</span> <span class='ocrx_word' id='word_1_324' title='bbox 1193 4425 1390 4524; x_wconf 86' lang='lat' dir='ltr'>probavit,</span> <span class='ocrx_word' id='word_1_325' title='bbox 1418 4425 1480 4504; x_wconf 86' lang='lat' dir='ltr'>sed</span> <span class='ocrx_word' id='word_1_326' title='bbox 1507 4425 1618 4499; x_wconf 89' lang='lat' dir='ltr'>etiam</span> 
     </span>
     <span class='ocr_line' id='line_1_38' title="bbox 147 4523 1619 4635; baseline 0 -27"><span class='ocrx_word' id='word_1_327' title='bbox 147 4571 150 4580; x_wconf 56' lang='lat'>.</span> <span class='ocrx_word' id='word_1_328' title='bbox 174 4531 292 4608; x_wconf 90' lang='lat' dir='ltr'>multa</span> <span class='ocrx_word' id='word_1_329' title='bbox 312 4553 349 4606; x_wconf 90' lang='lat' dir='ltr'>se</span> <span class='ocrx_word' id='word_1_330' title='bbox 379 4533 547 4630; x_wconf 86' lang='lat' dir='ltr'>repetisse</span> <span class='ocrx_word' id='word_1_331' title='bbox 572 4535 667 4612; x_wconf 85' lang='lat' dir='ltr'>scitu</span> <span class='ocrx_word' id='word_1_332' title='bbox 689 4531 826 4635; x_wconf 87' lang='lat' dir='ltr'>digna,</span> <span class='ocrx_word' id='word_1_333' title='bbox 853 4533 894 4610; x_wconf 92' lang='lat'>&amp;</span> <span class='ocrx_word' id='word_1_334' title='bbox 918 4529 965 4607; x_wconf 89' lang='lat' dir='ltr'>ad</span> <span class='ocrx_word' id='word_1_335' title='bbox 987 4551 1109 4610; x_wconf 78' lang='lat' dir='ltr'>veruo</span> <span class='ocrx_word' id='word_1_336' title='bbox 1124 4529 1317 4633; x_wconf 80' lang='lat' dir='ltr'>Hispaniae</span> <span class='ocrx_word' id='word_1_337' title='bbox 1330 4523 1475 4610; x_wconf 87' lang='lat' dir='ltr'>laudem</span> <span class='ocrx_word' id='word_1_338' title='bbox 1498 4528 1619 4630; x_wconf 62' lang='lat' dir='ltr'>pertis</span> 
     </span>
     <span class='ocr_line' id='line_1_39' title="bbox 173 4631 1451 4738; baseline -0.002 -24"><span class='ocrx_word' id='word_1_339' title='bbox 173 4636 299 4716; x_wconf 86' lang='lat' dir='ltr'>nentia</span> <span class='ocrx_word' id='word_1_340' title='bbox 320 4631 568 4738; x_wconf 88' lang='lat' dir='ltr'>chirographo</span> <span class='ocrx_word' id='word_1_341' title='bbox 594 4661 660 4714; x_wconf 93' lang='lat' dir='ltr'>suo</span> <span class='ocrx_word' id='word_1_342' title='bbox 686 4655 834 4717; x_wconf 86' lang='lat' dir='ltr'>testatus</span> <span class='ocrx_word' id='word_1_343' title='bbox 859 4652 922 4714; x_wconf 90' lang='lat' dir='ltr'>est.</span> <span class='ocrx_word' id='word_1_344' title='bbox 1448 4634 1451 4641; x_wconf 66' lang='lat'><strong><em>‘</em></strong></span> 
     </span>
    </p>
   </div>
   <div class='ocr_carea' id='block_1_7' title="bbox 174 4785 1614 5043">
    <p class='ocr_par' dir='ltr' id='par_1_11' title="bbox 174 4785 1614 5043">
     <span class='ocr_line' id='line_1_40' title="bbox 202 4785 1614 5020; baseline -0.004 -104"><span class='ocrx_word' id='word_1_345' title='bbox 202 4838 390 5020; x_wconf 56' lang='lat' dir='ltr'>laurus</span> <span class='ocrx_word' id='word_1_346' title='bbox 414 4785 710 4922; x_wconf 79' lang='lat' dir='ltr'>oursomus</span> <span class='ocrx_word' id='word_1_347' title='bbox 739 4839 1017 4921; x_wconf 77' lang='lat' dir='ltr'>orasruus</span> <span class='ocrx_word' id='word_1_348' title='bbox 1044 4838 1089 4917; x_wconf 69' lang='lat' dir='ltr'>a.</span> <span class='ocrx_word' id='word_1_349' title='bbox 1118 4839 1251 4918; x_wconf 66' lang='lat' dir='ltr'>netu</span> <span class='ocrx_word' id='word_1_350' title='bbox 1278 4860 1376 4916; x_wconf 67' lang='lat' dir='ltr'>suar.</span> <span class='ocrx_word' id='word_1_351' title='bbox 1406 4851 1517 4937; x_wconf 71' lang='lat' dir='ltr'>semp.</span> <span class='ocrx_word' id='word_1_352' title='bbox 1538 4831 1614 4911; x_wconf 79' lang='lat' dir='ltr'>or-</span> 
     </span>
     <span class='ocr_line' id='line_1_41' title="bbox 174 4965 347 5043; baseline -0.012 -21"><span class='ocrx_word' id='word_1_353' title='bbox 174 4965 285 5043; x_wconf 79' lang='lat' dir='ltr'>cogo</span> <span class='ocrx_word' id='word_1_354' title='bbox 310 4969 347 5020; x_wconf 85' lang='lat'>2.</span> 
     </span>
    </p>
   </div>
   <div class='ocr_carea' id='block_1_8' title="bbox 255 5041 1618 5221">
    <p class='ocr_par' dir='ltr' id='par_1_12' title="bbox 255 5041 1618 5221">
     <span class='ocr_line' id='line_1_42' title="bbox 255 5041 1618 5221; baseline -0.005 -94"><span class='ocrx_word' id='word_1_355' title='bbox 255 5047 355 5127; x_wconf 83' lang='lat' dir='ltr'>Nam</span> <span class='ocrx_word' id='word_1_356' title='bbox 382 5047 517 5132; x_wconf 87' lang='lat' dir='ltr'>multos</span> <span class='ocrx_word' id='word_1_357' title='bbox 551 5046 701 5154; x_wconf 77' lang='lat' dir='ltr'>quidem</span> <span class='ocrx_word' id='word_1_358' title='bbox 726 5047 957 5221; x_wconf 35' lang='grc' dir='ltr'>εοςιπονῖᾆῖὦξι</span> <span class='ocrx_word' id='word_1_359' title='bbox 979 5070 1114 5151; x_wconf 84' lang='lat' dir='ltr'>versu,</span> <span class='ocrx_word' id='word_1_360' title='bbox 1141 5063 1179 5130; x_wconf 90' lang='lat' dir='ltr'>et</span> <span class='ocrx_word' id='word_1_361' title='bbox 1204 5068 1337 5150; x_wconf 88' lang='lat' dir='ltr'>prosa,</span> <span class='ocrx_word' id='word_1_362' title='bbox 1362 5041 1425 5122; x_wconf 86' lang='lat' dir='ltr'>sed</span> <span class='ocrx_word' id='word_1_363' title='bbox 1451 5041 1618 5120; x_wconf 85' lang='lat' dir='ltr'>doctrina</span> 
     </span>
     <span class='ocr_line' id='line_1_43' title="bbox 297 5165 1583 5221; baseline -0.005 -39"><span class='ocrx_word' id='word_1_364' title='bbox 297 5175 300 5182; x_wconf 87' lang='lat'>.</span> <span class='ocrx_word' id='word_1_365' title='bbox 1499 5165 1583 5221; x_wconf 47' lang='lat' dir='ltr'>ma„</span> 
     </span>
    </p>
   </div>
   <div class='ocr_carea' id='block_1_9' title="bbox 0 0 2158 5972">
    <p class='ocr_par' dir='ltr' id='par_1_13' title="bbox 0 0 2158 5972">
     <span class='ocr_line' id='line_1_44' title="bbox 0 0 2158 5972; baseline 0 0"><span class='ocrx_word' id='word_1_366' title='bbox 0 0 2158 5972; x_wconf 95' lang='lat' dir='ltr'> </span> 
     </span>
    </p>
   </div>
  </div>
 </body>
</html>
