4294 5984
494 527 497 534 .
540 455 781 544 CAROLI
824 455 879 538 V.
910 445 1037 540 ΠΒ.
1081 459 1161 554 ,Νι
1479 469 1562 569 '109

135 655 319 745 nerant,
355 613 671 724 constiterunt.
717 621 798 722 Sed
840 620 1186 730 adversariorum
1228 619 1451 770 impetum
1495 627 1606 734 ferre

137 807 440 914 nequeuntes,
483 765 681 908 dissipati
722 760 994 905 diffugiunt,
1030 807 1218 909 parsque
1253 774 1300 872 in
1335 771 1515 896 fanum,
1552 779 1607 880 de

135 955 229 1056 quo
275 913 502 1031 diximus,
548 950 634 1010 sese
676 945 962 1049 receperunt:
1005 951 1081 1010 arx
1127 914 1246 1014 enim
1291 955 1384 1018 non
1427 954 1517 1020 crat
1557 921 1607 1023 in

133 1059 371 1199 ipsorum,
414 1054 488 1156 sed
529 1052 578 1154 in
622 1048 830 1196 praefecti
872 1051 1069 1195 religiosi
1110 1057 1267 1198 equitis
1315 1058 1373 1159 ab
1416 1063 1475 1164 eis
1516 1063 1607 1164 dis-

134 1200 358 1302 sentientis
417 1231 665 1340 potestate.
728 1196 980 1297 Adversarii
1034 1237 1142 1299 vero
1202 1201 1493 1345 irrumpentes
1548 1211 1606 1310 ad

135 1346 347 1487 praedam
382 1341 616 1461 conversi,
652 1377 901 1482 vacuasque
938 1341 1098 1444 domos
1131 1341 1432 1470 offendentes,
1464 1352 1518 1453 ad
1543 1348 1607 1452 fa-

137 1527 283 1608 num,
319 1524 411 1629 quo
448 1524 524 1584 sua
558 1477 647 1586 fere
685 1483 836 1585 omnia
872 1492 1100 1588 Morenscs
1136 1489 1369 1593 contulisse
1410 1495 1605 1638 reperie-

135 1627 277 1753 bant,
306 1664 574 1732 concutrunt
592 1661 615 1747 ,‘
640 1624 959 1768 obsidentque,
993 1668 1037 1730 er
1066 1631 1149 1734 nisi
1180 1636 1349 1736 deditio
1376 1637 1484 1761 fiat,
1522 1679 1609 1781 op-

135 1813 331 1919 pugnare
367 1810 551 1917 parant3
587 1774 642 1872 de
677 1781 800 1905 cujus
836 1770 1073 1874 deditionis
1121 1779 1446 1884 conditionibus
1492 1783 1603 1886 dum

137 1957 213 2060 per
249 1919 423 2021 nuntios
459 1952 695 2060 ageretur,
731 1915 947 2055 scloppeti
982 1917 1071 2016 telo
1113 1917 1172 2019 ab
1213 1919 1392 2024 obsessis
1438 1925 1607 2026 emisso.

137 2099 248 2164 unus
285 2061 586 2164 obsidentium
622 2057 867 2164 occiditurs
897 2096 991 2197 quo
1027 2061 1161 2158 ceteri
1196 2064 1349 2166 irritati
1374 2102 1418 2167 et
1445 2108 1603 2170 accen-

137 2205 174 2305 si
211 2206 332 2326 arida
369 2202 550 2304 materia
586 2202 799 2321 admota,
839 2196 1126 2343 subjectoque
1163 2204 1263 2343 igne
1307 2203 1421 2309 fores
1457 2211 1602 2312 incen-

136 2348 281 2467 dunt,
317 2380 457 2446 uteo
493 2379 653 2445 terrore
688 2341 909 2484 perculsi,
947 2341 1036 2442 sine
1071 2345 1277 2484 pactione
1319 2387 1405 2448 sese
1449 2352 1514 2450 illi
1554 2354 1603 2453 in

138 2525 407 2631 potestatem
442 2486 776 2628 permitterent.
812 2483 895 2587 Sed
936 2481 1106 2587 foribus
1147 2487 1357 2609 incensis,
1397 2490 1603 2632 proxima

139 2631 323 2733 materia
359 2630 557 2771 impositi
590 2626 804 2748 tabulati,
833 2624 984 2770 quamv
1005 2633 1196 2728 tribunam
1241 2632 1376 2733 nostri
1417 2671 1603 2756 vocant,

140 2773 293 2916 ignem
336 2771 556 2875 celerrime
600 2771 834 2910 concepit,
873 2773 989 2874 unde
1030 2771 1077 2872 in
1119 2808 1320 2893 tectum,
1362 2776 1601 2916 reliquam-

143 2958 231 3059 que
267 2909 499 3020 materiam
532 2911 634 3016 fuso
679 2915 883 3017 incendio
924 2915 1138 3057 templum
1181 2955 1314 3016 onme
1357 2921 1605 3064 conflagra-

141 3060 237 3170 uit3
276 3061 338 3164 ita
374 3099 478 3160 cum
514 3058 571 3162 ab
608 3099 659 3160 ea
693 3067 824 3191 janua
858 3059 972 3201 ignis
1008 3056 1235 3180 obstaret,
1273 3093 1316 3162 et
1357 3099 1494 3165 essent
1529 3106 1605 3168 ce·-

143 3240 259 3306 terae
294 3202 439 3305 valide
475 3205 530 3304 ad
567 3199 868 3303 obsistendum
903 3199 1136 3323 obtrusae,
1173 3242 1253 3304 nec
1295 3205 1467 3346 uspiam
1510 3211 1604 3312 exi-

141 3385 208 3450 tus
253 3381 454 3490 pateret,
493 3383 646 3446 omnes
690 3339 778 3447 fere
819 3345 1046 3467 conclusi,
1088 3385 1273 3449 numero
1316 3387 1444 3490 supra
1486 3393 1603 3494 qua-

143 3527 248 3594 tuor
282 3491 455 3610 millia,
493 3483 620 3589 fumo
656 3524 698 3590 et
734 3490 837 3630 igne
873 3489 1120 3630 perierunt.

153 3717 156 3722 Α
249 3645 344 3736 Xll.
452 3642 554 3732 Hac
590 3633 686 3775 agri
720 3632 928 3733 Toletani
970 3669 1088 3774 parte
1128 3672 1317 3777 pacata,
1353 3635 1602 3756 Antonius,

144 3789 378 3921 Ocagnam
420 3773 592 3897 victor,
634 3771 809 3878 favente
855 3775 1116 3899 nobilitate,
1166 3780 1377 3923 ingressus
1423 3777 1596 3901 fuerat,

143 3920 300 4060 ibique
346 3961 448 4024 cum
494 3921 712 4063 praesidio
755 3962 799 4021 se
840 3923 1130 4043 continebat,
1172 3925 1313 4024 donec
1362 3921 1606 4066 Episcopus

145 4057 425 4167 Zamotensis
478 4078 636 4207 Icpes,
694 4069 819 4208 quod
863 4067 1078 4207 oppidum
1137 4063 1255 4164 abest
1306 4063 1364 4166 ab
1416 4078 1607 4210 Ocagna'

148 4241 253 4308 octo
290 4209 455 4311 circiter
491 4208 629 4309 millia
665 4242 900 4348 passuum,
937 4244 1041 4307 cum
1077 4206 1296 4309 Toletana
1331 4249 1466 4310 manu
1502 4250 1608 4352 per-⁶

149 4350 297 4452 venit.
336 4362 457 4459 Tum
494 4390 598 4468 vero
635 4352 895 4451 incursiones
930 4347 1135 4493 utrinque
1172 4349 1269 4451 fieri
1304 4391 1524 4495 coeptae,
1562 4393 1607 4460 et

151 4535 286 4635 parva
320 4500 479 4640 praelia
515 4498 639 4600 vario
681 4529 836 4598 eventu
880 4492 1074 4604 fiebantr
1110 4529 1301 4599 ceterum
1343 4499 1397 4598 dc
1441 4501 1608 4642 praelio

151 4644 206 4742 ad
243 4642 476 4764 Villalare,
511 4644 723 4784 victisque
766 4636 1048 4784 popularibus
1093 4676 1272 4781 accepto
1315 4644 1506 4765 nuntio,
1549 4655 1608 4746 E-

154 4785 357 4932 piscopus
393 4787 610 4892 Toletum
645 4826 732 4888 sese
767 4786 953 4932 recipit,
990 4823 1093 4885 cum
1128 4785 1276 4930 paucis
1313 4820 1411 4890 ante
1452 4787 1606 4892 diebus

884 4929 886 4932 ⁵
1553 4933 1610 5030 ad
