4294 5984
584 453 665 514 ιη
973 441 1056 521 oa
1092 440 1294 523 araus
1336 413 1585 521 nasus

537 597 858 698 detrimentum
892 587 1203 698 inferentibus.
1243 605 1349 695 Hoc
1384 595 1598 696 Toletum
1633 586 1871 712 nuntiam,
1909 593 2009 700 mil·

540 741 579 842 le
626 739 828 842 homines
873 741 1035 841 auxilio
1082 740 1167 841 suis
1216 740 1432 879 oppidani
1473 737 1791 858 summittunt,
1845 740 2007 882 quibus

540 881 949 1026 percunctantibus,
982 878 1197 1025 firgientes
1229 884 1438 984 Toletani
1486 883 1653 982 timoris
1696 923 1871 986 causam
1912 925 2007 991 non

541 1065 634 1130 tam
671 1029 718 1126 in
754 1065 953 1169 urgentes
990 1067 1106 1128 nunc
1141 1026 1319 1150 hostes,
1355 1066 1492 1166 quam
1530 1029 1577 1126 in
1613 1065 1823 1167 magnam
1859 1031 2006 1134 subsc·

537 1207 782 1312 quentem,
811 1207 855 1270 et
889 1182 982 1306 jam
1017 1173 1449 1316 appropinquantem
1487 1169 1820 1272 multitudinem
1854 1169 2005 1274 confe-

538 1314 718 1436 rebant,
756 1356 891 1455 quare
927 1319 1068 1416 multo
1107 1325 1248 1451 major
1285 1313 1521 1455 trepidatio
1558 1319 1636 1456 per
1671 1353 1833 1456 agmen
1869 1317 2002 1419 exori-

540 1495 638 1560 tur.
675 1469 782 1560 Hoc¹
819 1461 1152 1578 animadverso,
1191 1467 1386 1596 Joannes
1429 1459 1622 1578 Rivera,
1668 1459 1999 1600 Femandusque

539 1602 655 1704 Silva
698 1597 846 1704 fratres
888 1603 1006 1704 haud
1055 1601 1140 1704 sibi
1182 1603 1474 1703 cunctandum
1519 1641 1608 1700 esse
1650 1603 1999 1723 constituerunt,

542 1748 686 1885 quin,
714 1749 911 1888 equitatu
947 1783 1134 1866 coacto,
1164 1744 1294 1845 simul
1329 1783 1482 1845 omnes
1520 1779 1684 1886 magno
1721 1744 1892 1886 impetu
1927 1783 2003 1847 tre·

542 1890 742 2029 pidantes
778 1892 1075 1991 adorirentur.
1116 1889 1349 2030 Equitibus
1387 1889 1524 2030 igitur
1560 1886 1821 1990 irruentibus
1855 1931 1881 1991 a
1917 1925 2003 1991 ter-

542 2071 606 2172 go
643 2068 687 2132 et
721 2033 1030 2166 jaculatoribus
1065 2073 1156 2133 uno
1193 2068 1391 2174 tempore
1429 2031 1486 2134 ab
1522 2069 1715 2172 utroque
1752 2032 1884 2135 latere
1925 2073 2001 2136 ve·

541 2171 787 2278 hementius
833 2177 1114 2319 urgentibus,
1158 2173 1283 2276 effusi
1324 2185 1416 2308 jam
1466 2177 1660 2316 citraque
1705 2178 1910 2277 ordinem
1953 2217 2004 2278 ac

541 2315 778 2457 imperium
815 2321 1028 2462 oppidani
1062 2315 1213 2459 fugere
1249 2355 1514 2460 coeperunt.
1551 2332 1601 2419 In
1637 2359 1687 2418 ea
1723 2315 1830 2462 firga
1868 2320 2001 2463 quin·

541 2463 666 2600 genti
700 2463 885 2600 amplius
921 2501 1077 2562 eorum
1114 2463 1374 2582 desiderati,
1412 2498 1455 2562 et
1496 2463 1544 2563 in
1586 2461 1653 2561 his
1696 2474 1866 2563 Chares
1904 2462 2004 2604 qui-

543 2603 647 2701 dam
678 2599 878 2724 aurifex,
918 2606 997 2743 qui
1038 2605 1210 2705 virtutis
1246 2606 1458 2744 opinione
1493 2645 1702 2748 magnam
1736 2607 1846 2706 inter
1885 2607 2002 2747 ipsos

542 2745 846 2846 auctoritatem
882 2744 1141 2865 obtinebat,
1177 2748 1345 2888 quique
1382 2745 1535 2848 diebus
1575 2749 1866 2888 superioribus
1903 2759 2003 2850 To·

544 2885 634 2985 leto
671 2926 773 2986 cum
810 2890 1007 2989 trecentis
1052 2887 1308 2990 hominibus
1351 2929 1575 3032 egressus,
1621 2896 1677 2992 ad
1714 2892 2002 3033 Mascaraque

543 3029 695 3129 vicum
736 3033 955 3132 sexdecim
1001 3071 1204 3172 passuum
1253 3033 1390 3132 millia
1435 3073 1723 3178 progressus,
1769 3029 2001 3137 Alfonsum

544 3173 845 3303 Carvajalem‚
882 3176 963 3314 qui
996 3179 1052 3276 ad
1088 3218 1191 3278 eum
1226 3177 1377 3277 vicum
1413 3179 1570 3278 stativa
1605 3217 1707 3278 cum
1743 3214 1919 3280 centum
1954 3219 2000 3278 e·

544 3315 742 3453 quiribus
767 3315 987 3440 habebat,
1016 3319 1123 3419 nihil
1153 3319 1235 3420 tale
1270 3354 1540 3424 metuentem
1573 3323 1784 3460 adortat,
1819 3359 1998 3464 captum

547 3495 648 3558 oum
683 3461 880 3600 equitatu
914 3462 962 3562 in
996 3459 1153 3562 urbem
1189 3465 1449 3566 deduxerat.

638 3613 760 3706 XVI.
839 3605 988 3704 Paucis
1024 3607 1177 3707 diebus
1213 3608 1485 3738 interjectis,
1523 3609 1758 3710 Antonius·
1779 3611 2005 3752 Zugniga‚

548 3784 652 3846 cum
673 3748 888 3888 peditum
925 3789 995 3851 sex
1029 3749 1199 3850 circiter
1235 3751 1427 3853 millibus
1463 3787 1506 3853 et
1541 3753 1761 3893 equitibus
1803 3755 2006 3894 quadrin

549 3892 724 4030 gentis,
761 3935 813 3994 ex
856 3891 1028 4034 Iepibus
1070 3933 1255 4016 movet,
1297 3898 1449 3998 multis
1487 3895 1592 3996 viris
1628 3895 1851 4000 nobilibus
1896 3937 2004 3996 asse-

550 4037 793 4144 ctantibusr
847 4078 1036 4179 quomm
1111 4041 1325 4182 rincip'em
1370 4043 1518 4142 locum
1562 4040 1821 4143 obtinebant
1861 4051 2007 4144 Petrus

550 4179 692 4279 Giton
739 4191 1026 4303 Guzmanus,
1071 4079 1199 4284 better
1245 4185 1379 4288 Ducis
1427 4194 1720 4321 Methymnae
1773 4186 2008 4302 Sidoniae,

549 4323 745 4452 Jacobus
781 4328 1051 4460 Carvajalis,
1087 4329 1312 4432 Gutierrus
1348 4338 1497 4472 Lupus
1524 4325 1674 4432 frater.
1695 4331 1881 4466 Joamris
1924 4339 2009 4426 Pa-

548 4463 711 4586 dillae,
747 4477 896 4569 Petrus
932 4479 1126 4615 Nugnez
1164 4489 1333 4582 Fetrtra
1369 4473 1482 4580 filius
1519 4474 1684 4580 nothus
1731 4469 1903 4576 Alfonsi
1944 4479 2012 4571 A-

548 4608 720 4747 guilarii
755 4606 895 4714 fratris
932 4619 1113 4718 Gonsali
1149 4597 1325 4758 migni.
1365 4620 1585 4734 Antonius
1620 4619 1756 4767 igitur
1792 4622 1840 4722 in
1862 4614 2016 4717 ‘Toless

549 4750 585 4850 ti
619 4752 865 4864 suburbana
901 4802 1005 4865 cum
1040 4760 1126 4862 suis
1163 4799 1450 4906 progressus,
1488 4769 1543 4872 ad
1571 4766 1891 4883 coenobium,
1928 4769 2015 4884 Sys·

1936 4911 2017 5006 lam
