<?xml version="1.0" encoding="UTF-8"?>
<!DOCTYPE html PUBLIC "-//W3C//DTD XHTML 1.0 Transitional//EN"
    "http://www.w3.org/TR/xhtml1/DTD/xhtml1-transitional.dtd">
<html xmlns="http://www.w3.org/1999/xhtml" xml:lang="en" lang="en">
 <head>
  <title>
</title>
<meta http-equiv="Content-Type" content="text/html;charset=utf-8" />
  <meta name='ocr-system' content='tesseract 3.04.00' />
  <meta name='ocr-capabilities' content='ocr_page ocr_carea ocr_par ocr_line ocrx_word'/>
</head>
<body>
  <div class='ocr_page' id='page_1' title='image "./joannisgenesiis02sepgoog_0397.png"; bbox 0 0 4294 5984; ppageno 0'>
   <div class='ocr_carea' id='block_1_1' title="bbox 1401 0 1997 2">
    <p class='ocr_par' dir='ltr' id='par_1_1' title="bbox 1401 0 1997 2">
     <span class='ocr_line' id='line_1_1' title="bbox 1401 0 1997 2; baseline 0 0"><span class='ocrx_word' id='word_1_1' title='bbox 1401 0 1997 2; x_wconf 95' lang='lat' dir='ltr'> </span> 
     </span>
    </p>
   </div>
   <div class='ocr_carea' id='block_1_2' title="bbox 558 485 1575 586">
    <p class='ocr_par' dir='ltr' id='par_1_2' title="bbox 558 485 1575 586">
     <span class='ocr_line' id='line_1_2' title="bbox 558 485 1575 586; baseline -0.013 -16"><span class='ocrx_word' id='word_1_2' title='bbox 558 486 799 570; x_wconf 85' lang='lat' dir='ltr'>CAROLI</span> <span class='ocrx_word' id='word_1_3' title='bbox 840 485 892 568; x_wconf 87' lang='lat' dir='ltr'>V.</span> <span class='ocrx_word' id='word_1_4' title='bbox 943 487 1052 566; x_wconf 84' lang='lat' dir='ltr'><strong>LIB.</strong></span> <span class='ocrx_word' id='word_1_5' title='bbox 1096 491 1148 568; x_wconf 87' lang='lat' dir='ltr'>V.</span> <span class='ocrx_word' id='word_1_6' title='bbox 1495 497 1575 586; x_wconf 78' lang='lat'>153</span> 
     </span>
    </p>
   </div>
   <div class='ocr_carea' id='block_1_3' title="bbox 91 642 1762 4815">
    <p class='ocr_par' dir='ltr' id='par_1_3' title="bbox 91 642 1762 4672">
     <span class='ocr_line' id='line_1_3' title="bbox 149 642 1617 794; baseline 0.003 -40"><span class='ocrx_word' id='word_1_7' title='bbox 149 642 288 794; x_wconf 80' lang='lat' dir='ltr'>Regis</span> <span class='ocrx_word' id='word_1_8' title='bbox 326 643 480 750; x_wconf 87' lang='lat' dir='ltr'>animo</span> <span class='ocrx_word' id='word_1_9' title='bbox 517 645 786 769; x_wconf 77' lang='lat' dir='ltr'>dubitantes,</span> <span class='ocrx_word' id='word_1_10' title='bbox 821 647 1043 790; x_wconf 90' lang='lat' dir='ltr'>optimum</span> <span class='ocrx_word' id='word_1_11' title='bbox 1077 643 1195 752; x_wconf 89' lang='lat' dir='ltr'>factu</span> <span class='ocrx_word' id='word_1_12' title='bbox 1231 647 1337 756; x_wconf 84' lang='lat' dir='ltr'>esse</span> <span class='ocrx_word' id='word_1_13' title='bbox 1354 647 1617 778; x_wconf 84' lang='lat' dir='ltr'>statuerunt,</span> 
     </span>
     <span class='ocr_line' id='line_1_4' title="bbox 153 789 1619 913; baseline 0.004 -17"><span class='ocrx_word' id='word_1_14' title='bbox 153 830 203 898; x_wconf 91' lang='lat' dir='ltr'>ut</span> <span class='ocrx_word' id='word_1_15' title='bbox 240 794 400 895; x_wconf 91' lang='lat' dir='ltr'>omissa</span> <span class='ocrx_word' id='word_1_16' title='bbox 435 789 669 894; x_wconf 87' lang='lat' dir='ltr'>obsidione</span> <span class='ocrx_word' id='word_1_17' title='bbox 706 793 956 913; x_wconf 82' lang='lat' dir='ltr'>Massiliae,</span> <span class='ocrx_word' id='word_1_18' title='bbox 998 797 1233 898; x_wconf 84' lang='lat' dir='ltr'>exercitum</span> <span class='ocrx_word' id='word_1_19' title='bbox 1268 800 1316 900; x_wconf 95' lang='lat' dir='ltr'>in</span> <span class='ocrx_word' id='word_1_20' title='bbox 1349 801 1515 900; x_wconf 88' lang='lat' dir='ltr'>Italiam</span> <span class='ocrx_word' id='word_1_21' title='bbox 1552 841 1619 902; x_wconf 54' lang='lat' dir='ltr'>re*</span> 
     </span>
     <span class='ocr_line' id='line_1_5' title="bbox 152 938 1620 1087; baseline 0.004 -47"><span class='ocrx_word' id='word_1_22' title='bbox 152 941 315 1040; x_wconf 89' lang='lat' dir='ltr'>ducere</span> <span class='ocrx_word' id='word_1_23' title='bbox 357 969 662 1058; x_wconf 83' lang='lat' dir='ltr'>maturarent,</span> <span class='ocrx_word' id='word_1_24' title='bbox 699 977 781 1056; x_wconf 89' lang='lat' dir='ltr'>ne,</span> <span class='ocrx_word' id='word_1_25' title='bbox 818 938 927 1039; x_wconf 91' lang='lat' dir='ltr'>dum</span> <span class='ocrx_word' id='word_1_26' title='bbox 965 975 1078 1040; x_wconf 89' lang='lat' dir='ltr'>trans</span> <span class='ocrx_word' id='word_1_27' title='bbox 1115 941 1249 1084; x_wconf 89' lang='lat' dir='ltr'>Alpes</span> <span class='ocrx_word' id='word_1_28' title='bbox 1280 983 1401 1042; x_wconf 88' lang='lat' dir='ltr'>nova</span> <span class='ocrx_word' id='word_1_29' title='bbox 1436 946 1620 1087; x_wconf 86' lang='lat' dir='ltr'>imperia</span> 
     </span>
     <span class='ocr_line' id='line_1_6' title="bbox 150 1079 1618 1229; baseline 0.003 -46"><span class='ocrx_word' id='word_1_30' title='bbox 150 1119 451 1224; x_wconf 87' lang='lat' dir='ltr'>quaeruntur,</span> <span class='ocrx_word' id='word_1_31' title='bbox 488 1120 601 1223; x_wconf 89' lang='lat' dir='ltr'>quae</span> <span class='ocrx_word' id='word_1_32' title='bbox 637 1079 747 1181; x_wconf 88' lang='lat' dir='ltr'>citra</span> <span class='ocrx_word' id='word_1_33' title='bbox 781 1119 946 1224; x_wconf 89' lang='lat' dir='ltr'>magno</span> <span class='ocrx_word' id='word_1_34' title='bbox 982 1082 1135 1185; x_wconf 88' lang='lat' dir='ltr'>labore</span> <span class='ocrx_word' id='word_1_35' title='bbox 1171 1097 1263 1220; x_wconf 88' lang='lat' dir='ltr'>jam</span> <span class='ocrx_word' id='word_1_36' title='bbox 1298 1123 1424 1229; x_wconf 85' lang='lat' dir='ltr'>parta</span> <span class='ocrx_word' id='word_1_37' title='bbox 1467 1127 1618 1211; x_wconf 89' lang='lat' dir='ltr'>erant,</span> 
     </span>
     <span class='ocr_line' id='line_1_7' title="bbox 148 1225 1762 1373; baseline 0.002 -43"><span class='ocrx_word' id='word_1_38' title='bbox 148 1227 198 1330; x_wconf 89' lang='lat' dir='ltr'>in</span> <span class='ocrx_word' id='word_1_39' title='bbox 234 1225 470 1327; x_wconf 83' lang='lat' dir='ltr'>discrimen</span> <span class='ocrx_word' id='word_1_40' title='bbox 506 1226 841 1340; x_wconf 85' lang='lat' dir='ltr'>adducerentur.</span> <span class='ocrx_word' id='word_1_41' title='bbox 879 1229 1136 1330; x_wconf 89' lang='lat' dir='ltr'>Tormentis</span> <span class='ocrx_word' id='word_1_42' title='bbox 1172 1231 1337 1373; x_wconf 89' lang='lat' dir='ltr'>igitur,</span> <span class='ocrx_word' id='word_1_43' title='bbox 1376 1271 1490 1372; x_wconf 89' lang='lat' dir='ltr'>quae</span> <span class='ocrx_word' id='word_1_44' title='bbox 1525 1271 1654 1346; x_wconf 51' lang='lat' dir='ltr'>maa¹¹</span> <span class='ocrx_word' id='word_1_45' title='bbox 1758 1301 1762 1308; x_wconf 66' lang='lat'><em>=</em></span> 
     </span>
     <span class='ocr_line' id='line_1_8' title="bbox 150 1367 1706 1518; baseline 0.01 -48"><span class='ocrx_word' id='word_1_46' title='bbox 150 1371 269 1471; x_wconf 84' lang='lat' dir='ltr'>xime</span> <span class='ocrx_word' id='word_1_47' title='bbox 305 1371 389 1470; x_wconf 88' lang='lat' dir='ltr'>iter</span> <span class='ocrx_word' id='word_1_48' title='bbox 423 1367 640 1468; x_wconf 88' lang='lat' dir='ltr'>demorari</span> <span class='ocrx_word' id='word_1_49' title='bbox 675 1404 907 1510; x_wconf 81' lang='lat' dir='ltr'>poterant,</span> <span class='ocrx_word' id='word_1_50' title='bbox 934 1374 1099 1512; x_wconf 90' lang='lat' dir='ltr'>partim</span> <span class='ocrx_word' id='word_1_51' title='bbox 1134 1373 1184 1476; x_wconf 94' lang='lat' dir='ltr'>in</span> <span class='ocrx_word' id='word_1_52' title='bbox 1220 1379 1365 1477; x_wconf 86' lang='lat' dir='ltr'>naves</span> <span class='ocrx_word' id='word_1_53' title='bbox 1385 1377 1620 1518; x_wconf 88' lang='lat' dir='ltr'>impositis,</span> <span class='ocrx_word' id='word_1_54' title='bbox 1702 1480 1706 1486; x_wconf 85' lang='grc'><em>,</em></span> 
     </span>
     <span class='ocr_line' id='line_1_9' title="bbox 91 1513 1620 1654; baseline 0.003 -34"><span class='ocrx_word' id='word_1_55' title='bbox 91 1617 93 1620; x_wconf 82' lang='grc'><strong>,</strong></span> <span class='ocrx_word' id='word_1_56' title='bbox 150 1550 203 1613; x_wconf 93' lang='lat' dir='ltr'>ut</span> <span class='ocrx_word' id='word_1_57' title='bbox 243 1528 446 1615; x_wconf 88' lang='lat' dir='ltr'>Genuam</span> <span class='ocrx_word' id='word_1_58' title='bbox 490 1513 849 1654; x_wconf 89' lang='lat' dir='ltr'>deportarentur,</span> <span class='ocrx_word' id='word_1_59' title='bbox 891 1518 1051 1654; x_wconf 89' lang='lat' dir='ltr'>partim</span> <span class='ocrx_word' id='word_1_60' title='bbox 1097 1519 1411 1641; x_wconf 89' lang='lat' dir='ltr'>comminutis,</span> <span class='ocrx_word' id='word_1_61' title='bbox 1453 1555 1503 1622; x_wconf 93' lang='lat' dir='ltr'>ut</span> <span class='ocrx_word' id='word_1_62' title='bbox 1547 1533 1620 1653; x_wconf 90' lang='lat' dir='ltr'>ju-</span> 
     </span>
     <span class='ocr_line' id='line_1_10' title="bbox 150 1652 1622 1806; baseline 0.007 -51"><span class='ocrx_word' id='word_1_63' title='bbox 150 1657 313 1758; x_wconf 89' lang='lat' dir='ltr'>mentis</span> <span class='ocrx_word' id='word_1_64' title='bbox 350 1652 544 1777; x_wconf 62' lang='lat' dir='ltr'>deferri,</span> <span class='ocrx_word' id='word_1_65' title='bbox 578 1695 825 1798; x_wconf 88' lang='lat' dir='ltr'>rursusque,</span> <span class='ocrx_word' id='word_1_66' title='bbox 862 1697 966 1758; x_wconf 91' lang='lat' dir='ltr'>cum</span> <span class='ocrx_word' id='word_1_67' title='bbox 1002 1700 1114 1801; x_wconf 92' lang='lat' dir='ltr'>opus</span> <span class='ocrx_word' id='word_1_68' title='bbox 1151 1677 1278 1787; x_wconf 85' lang='lat' dir='ltr'>esset,</span> <span class='ocrx_word' id='word_1_69' title='bbox 1314 1665 1493 1767; x_wconf 87' lang='lat' dir='ltr'>conllari</span> <span class='ocrx_word' id='word_1_70' title='bbox 1529 1704 1622 1806; x_wconf 90' lang='lat' dir='ltr'>pos·</span> 
     </span>
     <span class='ocr_line' id='line_1_11' title="bbox 150 1802 1619 1944; baseline 0.009 -46"><span class='ocrx_word' id='word_1_71' title='bbox 150 1836 279 1919; x_wconf 90' lang='lat' dir='ltr'>sent,</span> <span class='ocrx_word' id='word_1_72' title='bbox 315 1837 448 1902; x_wconf 89' lang='lat' dir='ltr'>castra</span> <span class='ocrx_word' id='word_1_73' title='bbox 485 1837 699 1921; x_wconf 90' lang='lat' dir='ltr'>movent,</span> <span class='ocrx_word' id='word_1_74' title='bbox 733 1802 995 1944; x_wconf 86' lang='lat' dir='ltr'>magnisque</span> <span class='ocrx_word' id='word_1_75' title='bbox 1030 1805 1258 1910; x_wconf 87' lang='lat' dir='ltr'>itineribus</span> <span class='ocrx_word' id='word_1_76' title='bbox 1292 1810 1619 1931; x_wconf 88' lang='lat' dir='ltr'>Mediolanum,</span> 
     </span>
     <span class='ocr_line' id='line_1_12' title="bbox 152 1948 1621 2092; baseline 0.008 -49"><span class='ocrx_word' id='word_1_77' title='bbox 152 1979 204 2043; x_wconf 92' lang='lat' dir='ltr'>ut</span> <span class='ocrx_word' id='word_1_78' title='bbox 245 1954 456 2086; x_wconf 85' lang='lat' dir='ltr'>Regem,</span> <span class='ocrx_word' id='word_1_79' title='bbox 500 1985 640 2086; x_wconf 89' lang='lat' dir='ltr'>quam·</span> <span class='ocrx_word' id='word_1_80' title='bbox 677 1948 866 2044; x_wconf 85' lang='lat' dir='ltr'>maxime</span> <span class='ocrx_word' id='word_1_81' title='bbox 904 1984 1103 2086; x_wconf 89' lang='lat' dir='ltr'>poterat,</span> <span class='ocrx_word' id='word_1_82' title='bbox 1141 1987 1452 2092; x_wconf 88' lang='lat' dir='ltr'>properantem</span> <span class='ocrx_word' id='word_1_83' title='bbox 1495 1985 1621 2055; x_wconf 59' lang='lat' dir='ltr'>ante*</span> 
     </span>
     <span class='ocr_line' id='line_1_13' title="bbox 100 2089 1621 2232; baseline 0.009 -45"><span class='ocrx_word' id='word_1_84' title='bbox 100 2191 105 2202; x_wconf 80' lang='grc'>,</span> <span class='ocrx_word' id='word_1_85' title='bbox 152 2097 403 2209; x_wconf 83' lang='lat' dir='ltr'>verterent,</span> <span class='ocrx_word' id='word_1_86' title='bbox 446 2089 608 2188; x_wconf 89' lang='lat' dir='ltr'>reverti</span> <span class='ocrx_word' id='word_1_87' title='bbox 649 2089 950 2197; x_wconf 72' lang='lat' dir='ltr'>contendunts</span> <span class='ocrx_word' id='word_1_88' title='bbox 995 2125 1257 2232; x_wconf 90' lang='lat' dir='ltr'>tantumque</span> <span class='ocrx_word' id='word_1_89' title='bbox 1299 2093 1384 2196; x_wconf 91' lang='lat' dir='ltr'>fuit</span> <span class='ocrx_word' id='word_1_90' title='bbox 1425 2097 1621 2201; x_wconf 90' lang='lat' dir='ltr'>militum</span> 
     </span>
     <span class='ocr_line' id='line_1_14' title="bbox 133 2225 1619 2372; baseline 0.007 -43"><span class='ocrx_word' id='word_1_91' title='bbox 133 2233 381 2352; x_wconf 66' lang='lat' dir='ltr'>studium,</span> <span class='ocrx_word' id='word_1_92' title='bbox 416 2268 468 2331; x_wconf 90' lang='lat' dir='ltr'>ut</span> <span class='ocrx_word' id='word_1_93' title='bbox 511 2271 537 2331; x_wconf 91' lang='lat' dir='ltr'>a</span> <span class='ocrx_word' id='word_1_94' title='bbox 578 2231 772 2332; x_wconf 86' lang='lat' dir='ltr'>Massilia</span> <span class='ocrx_word' id='word_1_95' title='bbox 814 2225 1000 2372; x_wconf 89' lang='lat' dir='ltr'>profecti</span> <span class='ocrx_word' id='word_1_96' title='bbox 1047 2233 1228 2371; x_wconf 86' lang='lat' dir='ltr'>Papiam</span> <span class='ocrx_word' id='word_1_97' title='bbox 1269 2237 1431 2337; x_wconf 88' lang='lat' dir='ltr'>vicenis</span> <span class='ocrx_word' id='word_1_98' title='bbox 1474 2243 1619 2340; x_wconf 86' lang='lat' dir='ltr'>castris</span> 
     </span>
     <span class='ocr_line' id='line_1_15' title="bbox 154 2374 1620 2518; baseline 0.006 -47"><span class='ocrx_word' id='word_1_99' title='bbox 154 2375 467 2512; x_wconf 80' lang='lat' dir='ltr'>pervenirent3</span> <span class='ocrx_word' id='word_1_100' title='bbox 504 2409 549 2473; x_wconf 91' lang='lat' dir='ltr'>et</span> <span class='ocrx_word' id='word_1_101' title='bbox 584 2412 678 2515; x_wconf 92' lang='lat' dir='ltr'>quo</span> <span class='ocrx_word' id='word_1_102' title='bbox 715 2374 788 2472; x_wconf 91' lang='lat' dir='ltr'>die</span> <span class='ocrx_word' id='word_1_103' title='bbox 821 2386 919 2475; x_wconf 85' lang='lat' dir='ltr'>Rex</span> <span class='ocrx_word' id='word_1_104' title='bbox 953 2412 1055 2475; x_wconf 92' lang='lat' dir='ltr'>cum</span> <span class='ocrx_word' id='word_1_105' title='bbox 1092 2377 1271 2518; x_wconf 85' lang='lat' dir='ltr'>agmine</span> <span class='ocrx_word' id='word_1_106' title='bbox 1309 2380 1489 2518; x_wconf 90' lang='lat' dir='ltr'>prim0,</span> <span class='ocrx_word' id='word_1_107' title='bbox 1526 2421 1620 2480; x_wconf 76' lang='lat' dir='ltr'>ma-</span> 
     </span>
     <span class='ocr_line' id='line_1_16' title="bbox 152 2515 1622 2660; baseline 0.007 -46"><span class='ocrx_word' id='word_1_108' title='bbox 152 2553 245 2656; x_wconf 86' lang='lat' dir='ltr'>gna</span> <span class='ocrx_word' id='word_1_109' title='bbox 272 2515 497 2616; x_wconf 63' lang='lat' dir='ltr'>,celeritate</span> <span class='ocrx_word' id='word_1_110' title='bbox 533 2555 663 2636; x_wconf 89' lang='lat' dir='ltr'>usus,</span> <span class='ocrx_word' id='word_1_111' title='bbox 695 2517 910 2619; x_wconf 87' lang='lat' dir='ltr'>Vercellas</span> <span class='ocrx_word' id='word_1_112' title='bbox 946 2517 1124 2660; x_wconf 88' lang='lat' dir='ltr'>attigit,</span> <span class='ocrx_word' id='word_1_113' title='bbox 1154 2517 1242 2619; x_wconf 91' lang='lat' dir='ltr'>hoc</span> <span class='ocrx_word' id='word_1_114' title='bbox 1270 2519 1539 2643; x_wconf 90' lang='lat' dir='ltr'>Borbonius,</span> <span class='ocrx_word' id='word_1_115' title='bbox 1577 2559 1622 2624; x_wconf 88' lang='lat' dir='ltr'>et</span> 
     </span>
     <span class='ocr_line' id='line_1_17' title="bbox 152 2657 1620 2807; baseline 0.006 -49"><span class='ocrx_word' id='word_1_116' title='bbox 152 2657 364 2758; x_wconf 89' lang='lat' dir='ltr'>Marchio</span> <span class='ocrx_word' id='word_1_117' title='bbox 416 2661 624 2762; x_wconf 85' lang='lat' dir='ltr'>Piscatiae</span> <span class='ocrx_word' id='word_1_118' title='bbox 676 2698 779 2761; x_wconf 90' lang='lat' dir='ltr'>cum</span> <span class='ocrx_word' id='word_1_119' title='bbox 831 2659 1097 2804; x_wconf 90' lang='lat' dir='ltr'>equitibus,</span> <span class='ocrx_word' id='word_1_120' title='bbox 1146 2695 1188 2765; x_wconf 91' lang='lat' dir='ltr'>et</span> <span class='ocrx_word' id='word_1_121' title='bbox 1235 2663 1438 2805; x_wconf 91' lang='lat' dir='ltr'>Hispano</span> <span class='ocrx_word' id='word_1_122' title='bbox 1484 2701 1620 2807; x_wconf 87' lang='lat' dir='ltr'>atquc</span> 
     </span>
     <span class='ocr_line' id='line_1_18' title="bbox 146 2800 1619 2950; baseline 0.007 -51"><span class='ocrx_word' id='word_1_123' title='bbox 146 2800 307 2903; x_wconf 70' lang='lat' dir='ltr'>&#39;Italico</span> <span class='ocrx_word' id='word_1_124' title='bbox 350 2804 550 2945; x_wconf 88' lang='lat' dir='ltr'>peditatu</span> <span class='ocrx_word' id='word_1_125' title='bbox 595 2802 653 2904; x_wconf 91' lang='lat' dir='ltr'>ab</span> <span class='ocrx_word' id='word_1_126' title='bbox 705 2802 820 2904; x_wconf 83' lang='lat' dir='ltr'>Alba</span> <span class='ocrx_word' id='word_1_127' title='bbox 864 2845 1003 2948; x_wconf 88' lang='lat' dir='ltr'>usque</span> <span class='ocrx_word' id='word_1_128' title='bbox 1045 2807 1101 2904; x_wconf 91' lang='lat' dir='ltr'>ad</span> <span class='ocrx_word' id='word_1_129' title='bbox 1124 2837 1127 2843; x_wconf 85' lang='grc'><strong>’</strong></span> <span class='ocrx_word' id='word_1_130' title='bbox 1148 2806 1443 2949; x_wconf 88' lang='lat' dir='ltr'>Viqueriam‚</span> <span class='ocrx_word' id='word_1_131' title='bbox 1492 2811 1619 2950; x_wconf 90' lang='lat' dir='ltr'>quod</span> 
     </span>
     <span class='ocr_line' id='line_1_19' title="bbox 154 2945 1620 3091; baseline 0.005 -47"><span class='ocrx_word' id='word_1_132' title='bbox 154 2945 378 3085; x_wconf 91' lang='lat' dir='ltr'>oppidum</span> <span class='ocrx_word' id='word_1_133' title='bbox 413 2983 476 3068; x_wconf 85' lang='lat' dir='ltr'>cst</span> <span class='ocrx_word' id='word_1_134' title='bbox 516 2950 572 3048; x_wconf 89' lang='lat' dir='ltr'>ad</span> <span class='ocrx_word' id='word_1_135' title='bbox 606 2945 713 3049; x_wconf 89' lang='lat' dir='ltr'>Padi</span> <span class='ocrx_word' id='word_1_136' title='bbox 748 2947 916 3087; x_wconf 85' lang='lat' dir='ltr'>ripam,</span> <span class='ocrx_word' id='word_1_137' title='bbox 954 2949 1243 3091; x_wconf 86' lang='lat' dir='ltr'>quadraginta</span> <span class='ocrx_word' id='word_1_138' title='bbox 1278 2990 1483 3090; x_wconf 90' lang='lat' dir='ltr'>passuum</span> <span class='ocrx_word' id='word_1_139' title='bbox 1518 2953 1620 3052; x_wconf 87' lang='lat' dir='ltr'>mil-</span> 
     </span>
     <span class='ocr_line' id='line_1_20' title="bbox 153 3087 1622 3212; baseline 0.006 -25"><span class='ocrx_word' id='word_1_140' title='bbox 153 3087 217 3189; x_wconf 87' lang='lat' dir='ltr'>lia</span> <span class='ocrx_word' id='word_1_141' title='bbox 246 3088 558 3212; x_wconf 83' lang='lat' dir='ltr'>conficerent,</span> <span class='ocrx_word' id='word_1_142' title='bbox 605 3093 830 3194; x_wconf 89' lang='lat' dir='ltr'>Germanis</span> <span class='ocrx_word' id='word_1_143' title='bbox 871 3091 1095 3194; x_wconf 86' lang='lat' dir='ltr'>intervallo</span> <span class='ocrx_word' id='word_1_144' title='bbox 1134 3093 1302 3194; x_wconf 85' lang='lat' dir='ltr'>itineris</span> <span class='ocrx_word' id='word_1_145' title='bbox 1344 3094 1490 3196; x_wconf 90' lang='lat' dir='ltr'>diurni</span> <span class='ocrx_word' id='word_1_146' title='bbox 1525 3094 1622 3206; x_wconf 77' lang='lat' dir='ltr'>sul&gt;¹</span> 
     </span>
     <span class='ocr_line' id='line_1_21' title="bbox 153 3234 1620 3380; baseline 0.005 -49"><span class='ocrx_word' id='word_1_147' title='bbox 153 3234 463 3376; x_wconf 74' lang='lat' dir='ltr'>sequentibus⁸</span> <span class='ocrx_word' id='word_1_148' title='bbox 502 3239 583 3338; x_wconf 88' lang='lat' dir='ltr'>Sed</span> <span class='ocrx_word' id='word_1_149' title='bbox 618 3235 926 3338; x_wconf 89' lang='lat' dir='ltr'>Mediolanum</span> <span class='ocrx_word' id='word_1_150' title='bbox 962 3238 1178 3379; x_wconf 87' lang='lat' dir='ltr'>progressi</span> <span class='ocrx_word' id='word_1_151' title='bbox 1213 3238 1353 3380; x_wconf 88' lang='lat' dir='ltr'>parati</span> <span class='ocrx_word' id='word_1_152' title='bbox 1390 3237 1504 3339; x_wconf 90' lang='lat' dir='ltr'>nibil</span> <span class='ocrx_word' id='word_1_153' title='bbox 1542 3235 1620 3339; x_wconf 88' lang='lat' dir='ltr'>of-</span> 
     </span>
     <span class='ocr_line' id='line_1_22' title="bbox 153 3371 1618 3525; baseline 0.005 -52"><span class='ocrx_word' id='word_1_154' title='bbox 153 3371 425 3500; x_wconf 87' lang='lat' dir='ltr'>fenderunt,</span> <span class='ocrx_word' id='word_1_155' title='bbox 460 3420 553 3480; x_wconf 90' lang='lat' dir='ltr'>non</span> <span class='ocrx_word' id='word_1_156' title='bbox 589 3416 861 3482; x_wconf 87' lang='lat' dir='ltr'>commeatus</span> <span class='ocrx_word' id='word_1_157' title='bbox 897 3382 1131 3524; x_wconf 88' lang='lat' dir='ltr'>congesti,</span> <span class='ocrx_word' id='word_1_158' title='bbox 1167 3419 1259 3482; x_wconf 94' lang='lat' dir='ltr'>non</span> <span class='ocrx_word' id='word_1_159' title='bbox 1294 3421 1470 3525; x_wconf 89' lang='lat' dir='ltr'>aggeres</span> <span class='ocrx_word' id='word_1_160' title='bbox 1506 3379 1618 3482; x_wconf 87' lang='lat' dir='ltr'>refe-</span> 
     </span>
     <span class='ocr_line' id='line_1_23' title="bbox 156 3517 1618 3668; baseline 0.002 -49"><span class='ocrx_word' id='word_1_161' title='bbox 156 3521 252 3640; x_wconf 85' lang='lat' dir='ltr'>cti,</span> <span class='ocrx_word' id='word_1_162' title='bbox 288 3561 469 3666; x_wconf 91' lang='lat' dir='ltr'>propter</span> <span class='ocrx_word' id='word_1_163' title='bbox 503 3517 685 3625; x_wconf 79' lang='lat' dir='ltr'>Sfor&#39;tiae</span> <span class='ocrx_word' id='word_1_164' title='bbox 719 3525 855 3627; x_wconf 91' lang='lat' dir='ltr'>Ducis</span> <span class='ocrx_word' id='word_1_165' title='bbox 891 3523 1156 3646; x_wconf 86' lang='lat' dir='ltr'>absentiam,</span> <span class='ocrx_word' id='word_1_166' title='bbox 1185 3525 1273 3668; x_wconf 85' lang='lat' dir='ltr'>qui</span> <span class='ocrx_word' id='word_1_167' title='bbox 1308 3529 1512 3629; x_wconf 88' lang='lat' dir='ltr'>vitandae</span> <span class='ocrx_word' id='word_1_168' title='bbox 1548 3565 1618 3666; x_wconf 86' lang='lat' dir='ltr'>pe·</span> 
     </span>
     <span class='ocr_line' id='line_1_24' title="bbox 156 3665 1617 3809; baseline 0.003 -47"><span class='ocrx_word' id='word_1_169' title='bbox 156 3665 232 3764; x_wconf 92' lang='lat' dir='ltr'>stis</span> <span class='ocrx_word' id='word_1_170' title='bbox 277 3706 402 3768; x_wconf 88' lang='lat' dir='ltr'>causa</span> <span class='ocrx_word' id='word_1_171' title='bbox 449 3667 690 3771; x_wconf 88' lang='lat' dir='ltr'>Pisleonem</span> <span class='ocrx_word' id='word_1_172' title='bbox 712 3789 714 3796; x_wconf 14' lang='grc' dir='ltr'><strong><em>Α</em></strong></span> <span class='ocrx_word' id='word_1_173' title='bbox 737 3705 997 3779; x_wconf 78' lang='lat' dir='ltr'>secesserat3</span> <span class='ocrx_word' id='word_1_174' title='bbox 1045 3670 1194 3809; x_wconf 89' lang='lat' dir='ltr'>itaque</span> <span class='ocrx_word' id='word_1_175' title='bbox 1242 3707 1385 3769; x_wconf 88' lang='lat' dir='ltr'>arcem</span> <span class='ocrx_word' id='word_1_176' title='bbox 1432 3670 1617 3769; x_wconf 87' lang='lat' dir='ltr'>retinere</span> 
     </span>
     <span class='ocr_line' id='line_1_25' title="bbox 154 3808 1617 3951; baseline 0.003 -45"><span class='ocrx_word' id='word_1_177' title='bbox 154 3811 389 3932; x_wconf 87' lang='lat' dir='ltr'>contenti,</span> <span class='ocrx_word' id='word_1_178' title='bbox 422 3808 582 3913; x_wconf 92' lang='lat' dir='ltr'>urbem</span> <span class='ocrx_word' id='word_1_179' title='bbox 617 3813 837 3933; x_wconf 89' lang='lat' dir='ltr'>deserere,</span> <span class='ocrx_word' id='word_1_180' title='bbox 874 3849 916 3914; x_wconf 89' lang='lat' dir='ltr'>et</span> <span class='ocrx_word' id='word_1_181' title='bbox 951 3811 1165 3914; x_wconf 90' lang='lat' dir='ltr'>militibus</span> <span class='ocrx_word' id='word_1_182' title='bbox 1201 3812 1250 3913; x_wconf 92' lang='lat' dir='ltr'>in</span> <span class='ocrx_word' id='word_1_183' title='bbox 1285 3810 1501 3951; x_wconf 88' lang='lat' dir='ltr'>praesidio</span> <span class='ocrx_word' id='word_1_184' title='bbox 1539 3811 1617 3912; x_wconf 87' lang='lat' dir='ltr'>de-</span> 
     </span>
     <span class='ocr_line' id='line_1_26' title="bbox 156 3952 1662 4098; baseline 0.001 -52"><span class='ocrx_word' id='word_1_185' title='bbox 156 3952 332 4073; x_wconf 88' lang='lat' dir='ltr'>ductis,</span> <span class='ocrx_word' id='word_1_186' title='bbox 368 3995 397 4054; x_wconf 93' lang='lat' dir='ltr'>o</span> <span class='ocrx_word' id='word_1_187' title='bbox 432 3955 534 4094; x_wconf 89' lang='lat' dir='ltr'>pida</span> <span class='ocrx_word' id='word_1_188' title='bbox 568 3990 735 4077; x_wconf 88' lang='lat' dir='ltr'>cetera,</span> <span class='ocrx_word' id='word_1_189' title='bbox 771 3997 886 4098; x_wconf 89' lang='lat' dir='ltr'>quae</span> <span class='ocrx_word' id='word_1_190' title='bbox 926 3958 984 4056; x_wconf 89' lang='lat' dir='ltr'>ad</span> <span class='ocrx_word' id='word_1_191' title='bbox 1026 3956 1189 4059; x_wconf 90' lang='lat' dir='ltr'>bellum</span> <span class='ocrx_word' id='word_1_192' title='bbox 1233 3955 1475 4095; x_wconf 86' lang='lat' dir='ltr'>gerendum</span> <span class='ocrx_word' id='word_1_193' title='bbox 1517 3991 1617 4053; x_wconf 62' lang='lat' dir='ltr'>ma&lt;</span> <span class='ocrx_word' id='word_1_194' title='bbox 1660 4043 1662 4048; x_wconf 85' lang='lat'><em>.</em></span> 
     </span>
     <span class='ocr_line' id='line_1_27' title="bbox 155 3994 1618 4223; baseline 0.005 -34"><span class='ocrx_word' id='word_1_195' title='bbox 155 4097 302 4223; x_wconf 89' lang='lat' dir='ltr'>jorem</span> <span class='ocrx_word' id='word_1_196' title='bbox 325 3994 548 4197; x_wconf 63' lang='lat' dir='ltr'>baberent</span> <span class='ocrx_word' id='word_1_197' title='bbox 582 4094 863 4221; x_wconf 82' lang='lat' dir='ltr'>facultatem,</span> <span class='ocrx_word' id='word_1_198' title='bbox 891 4098 1028 4199; x_wconf 88' lang='lat' dir='ltr'>muris</span> <span class='ocrx_word' id='word_1_199' title='bbox 1055 4091 1209 4197; x_wconf 88' lang='lat' dir='ltr'>contra</span> <span class='ocrx_word' id='word_1_200' title='bbox 1245 4091 1484 4197; x_wconf 87' lang='lat' dir='ltr'>furentium</span> <span class='ocrx_word' id='word_1_201' title='bbox 1513 4096 1618 4196; x_wconf 82' lang='lat' dir='ltr'>Gal·</span> 
     </span>
     <span class='ocr_line' id='line_1_28' title="bbox 155 4235 1617 4382; baseline 0.003 -48"><span class='ocrx_word' id='word_1_202' title='bbox 155 4235 308 4337; x_wconf 92' lang='lat' dir='ltr'>lotum</span> <span class='ocrx_word' id='word_1_203' title='bbox 342 4239 560 4382; x_wconf 90' lang='lat' dir='ltr'>impetum</span> <span class='ocrx_word' id='word_1_204' title='bbox 596 4242 805 4374; x_wconf 88' lang='lat' dir='ltr'>objectis,</span> <span class='ocrx_word' id='word_1_205' title='bbox 835 4239 1064 4343; x_wconf 85' lang='lat' dir='ltr'>defendere</span> <span class='ocrx_word' id='word_1_206' title='bbox 1098 4240 1399 4361; x_wconf 90' lang='lat' dir='ltr'>constituunt,</span> <span class='ocrx_word' id='word_1_207' title='bbox 1432 4275 1480 4339; x_wconf 91' lang='lat' dir='ltr'>ct</span> <span class='ocrx_word' id='word_1_208' title='bbox 1508 4275 1617 4338; x_wconf 87' lang='lat' dir='ltr'>exet·</span> 
     </span>
     <span class='ocr_line' id='line_1_29' title="bbox 156 4379 1617 4528; baseline 0.003 -50"><span class='ocrx_word' id='word_1_209' title='bbox 156 4379 271 4479; x_wconf 90' lang='lat' dir='ltr'>citus</span> <span class='ocrx_word' id='word_1_210' title='bbox 307 4386 662 4523; x_wconf 90' lang='lat' dir='ltr'>supplementum</span> <span class='ocrx_word' id='word_1_211' title='bbox 697 4429 750 4484; x_wconf 85' lang='lat' dir='ltr'>ex</span> <span class='ocrx_word' id='word_1_212' title='bbox 784 4384 1049 4505; x_wconf 86' lang='lat' dir='ltr'>Germania,</span> <span class='ocrx_word' id='word_1_213' title='bbox 1086 4426 1179 4528; x_wconf 92' lang='lat' dir='ltr'>quo</span> <span class='ocrx_word' id='word_1_214' title='bbox 1214 4384 1403 4488; x_wconf 88' lang='lat' dir='ltr'>militem</span> <span class='ocrx_word' id='word_1_215' title='bbox 1444 4383 1617 4484; x_wconf 84' lang='lat' dir='ltr'>condu-</span> 
     </span>
     <span class='ocr_line' id='line_1_30' title="bbox 157 4525 1160 4672; baseline 0.007 -50"><span class='ocrx_word' id='word_1_216' title='bbox 157 4525 288 4624; x_wconf 89' lang='lat' dir='ltr'>cendi</span> <span class='ocrx_word' id='word_1_217' title='bbox 324 4527 465 4666; x_wconf 88' lang='lat' dir='ltr'>gratia</span> <span class='ocrx_word' id='word_1_218' title='bbox 500 4528 622 4629; x_wconf 89' lang='lat' dir='ltr'>mitti</span> <span class='ocrx_word' id='word_1_219' title='bbox 659 4527 850 4672; x_wconf 90' lang='lat' dir='ltr'>placuit,</span> <span class='ocrx_word' id='word_1_220' title='bbox 886 4566 1160 4670; x_wconf 82' lang='lat' dir='ltr'>exspectare.</span> 
     </span>
    </p>

    <p class='ocr_par' dir='ltr' id='par_1_4' title="bbox 249 4671 1619 4815">
     <span class='ocr_line' id='line_1_31' title="bbox 249 4671 1619 4815; baseline 0.002 -47"><span class='ocrx_word' id='word_1_221' title='bbox 249 4676 389 4773; x_wconf 84' lang='lat' dir='ltr'>XVIL</span> <span class='ocrx_word' id='word_1_222' title='bbox 480 4674 571 4776; x_wconf 84' lang='lat' dir='ltr'>Vix</span> <span class='ocrx_word' id='word_1_223' title='bbox 615 4676 725 4776; x_wconf 91' lang='lat' dir='ltr'>dum</span> <span class='ocrx_word' id='word_1_224' title='bbox 765 4706 888 4774; x_wconf 89' lang='lat' dir='ltr'>etant</span> <span class='ocrx_word' id='word_1_225' title='bbox 932 4671 1185 4774; x_wconf 87' lang='lat' dir='ltr'>Caesariani</span> <span class='ocrx_word' id='word_1_226' title='bbox 1230 4671 1495 4773; x_wconf 88' lang='lat' dir='ltr'>Mediolano</span> <span class='ocrx_word' id='word_1_227' title='bbox 1542 4707 1619 4815; x_wconf 85' lang='lat' dir='ltr'>per</span> 
     </span>
    </p>
   </div>
   <div class='ocr_carea' id='block_1_4' title="bbox 22 4817 1621 4966">
    <p class='ocr_par' dir='ltr' id='par_1_5' title="bbox 22 4817 1621 4966">
     <span class='ocr_line' id='line_1_32' title="bbox 22 4817 1621 4966; baseline 0 -54"><span class='ocrx_word' id='word_1_228' title='bbox 22 4927 29 4932; x_wconf 78' lang='lat'>.</span> <span class='ocrx_word' id='word_1_229' title='bbox 160 4845 366 4948; x_wconf 89' lang='lat' dir='ltr'>portam,</span> <span class='ocrx_word' id='word_1_230' title='bbox 404 4855 517 4962; x_wconf 87' lang='lat' dir='ltr'>quae</span> <span class='ocrx_word' id='word_1_231' title='bbox 542 4831 748 4926; x_wconf 85' lang='lat' dir='ltr'>Romana</span> <span class='ocrx_word' id='word_1_232' title='bbox 783 4817 943 4922; x_wconf 87' lang='lat' dir='ltr'>dieitur</span> <span class='ocrx_word' id='word_1_233' title='bbox 953 4891 971 4966; x_wconf 75' lang='lat'>,</span> <span class='ocrx_word' id='word_1_234' title='bbox 1004 4818 1160 4927; x_wconf 86' lang='lat' dir='ltr'>ordine</span> <span class='ocrx_word' id='word_1_235' title='bbox 1189 4848 1393 4939; x_wconf 85' lang='lat' dir='ltr'>servato,</span> <span class='ocrx_word' id='word_1_236' title='bbox 1427 4853 1485 4921; x_wconf 90' lang='lat' dir='ltr'>ne</span> <span class='ocrx_word' id='word_1_237' title='bbox 1517 4851 1621 4956; x_wconf 87' lang='lat' dir='ltr'>pro-</span> 
     </span>
    </p>
   </div>
   <div class='ocr_carea' id='block_1_5' title="bbox 233 4949 1620 5074">
    <p class='ocr_par' dir='ltr' id='par_1_6' title="bbox 233 4949 1620 5118">
     <span class='ocr_line' id='line_1_33' title="bbox 233 4949 1620 5074; baseline -0.001 -19"><span class='ocrx_word' id='word_1_238' title='bbox 233 4957 344 5060; x_wconf 85' lang='lat' dir='ltr'>Tom.</span> <span class='ocrx_word' id='word_1_239' title='bbox 364 4968 396 5066; x_wconf 88' lang='grc' dir='ltr'>Ι.</span> <span class='ocrx_word' id='word_1_240' title='bbox 724 5037 726 5040; x_wconf 90' lang='grc'>-</span> <span class='ocrx_word' id='word_1_241' title='bbox 1202 4968 1249 5074; x_wconf 88' lang='lat' dir='ltr'>V</span> <span class='ocrx_word' id='word_1_242' title='bbox 1550 4949 1620 5054; x_wconf 76' lang='lat' dir='ltr'>fc-</span> 
     </span>
    </p>
   </div>
   <div class='ocr_carea' id='block_1_6' title="bbox 741 5157 848 5218">
    <p class='ocr_par' dir='ltr' id='par_1_7' title="bbox 741 5157 848 5218">
     <span class='ocr_line' id='line_1_34' title="bbox 741 5157 848 5218; baseline -0.009 -53"><span class='ocrx_word' id='word_1_243' title='bbox 741 5171 758 5218; x_wconf 41' lang='lat'><strong>·</strong></span> <span class='ocrx_word' id='word_1_244' title='bbox 843 5157 848 5164; x_wconf 93' lang='lat'>.</span> 
     </span>
    </p>
   </div>
   <div class='ocr_carea' id='block_1_7' title="bbox 0 0 2160 5984">
    <p class='ocr_par' dir='ltr' id='par_1_8' title="bbox 0 0 2160 5984">
     <span class='ocr_line' id='line_1_35' title="bbox 0 0 2160 5984; baseline 0 0"><span class='ocrx_word' id='word_1_245' title='bbox 0 0 2160 5984; x_wconf 95' lang='lat' dir='ltr'> </span> 
     </span>
    </p>
   </div>
  </div>
 </body>
</html>
