<?xml version="1.0" encoding="UTF-8"?>
<!DOCTYPE html PUBLIC "-//W3C//DTD XHTML 1.0 Transitional//EN"
    "http://www.w3.org/TR/xhtml1/DTD/xhtml1-transitional.dtd">
<html xmlns="http://www.w3.org/1999/xhtml" xml:lang="en" lang="en">
 <head>
  <title>
</title>
<meta http-equiv="Content-Type" content="text/html;charset=utf-8" />
  <meta name='ocr-system' content='tesseract 3.04.00' />
  <meta name='ocr-capabilities' content='ocr_page ocr_carea ocr_par ocr_line ocrx_word'/>
</head>
<body>
  <div class='ocr_page' id='page_1' title='image "./joannisgenesiis02sepgoog_0246.png"; bbox 0 0 4292 5984; ppageno 0'>
   <div class='ocr_carea' id='block_1_1' title="bbox 0 0 3 1680">
    <p class='ocr_par' dir='ltr' id='par_1_1' title="bbox 0 0 3 1680">
     <span class='ocr_line' id='line_1_1' title="bbox 0 0 3 1680; baseline 0 0"><span class='ocrx_word' id='word_1_1' title='bbox 0 0 3 1680; x_wconf 95' lang='lat' dir='ltr'> </span> 
     </span>
    </p>
   </div>
   <div class='ocr_carea' id='block_1_2' title="bbox 557 480 1573 570">
    <p class='ocr_par' dir='ltr' id='par_1_2' title="bbox 557 480 1573 570">
     <span class='ocr_line' id='line_1_2' title="bbox 557 480 1573 570; baseline -0.006 0"><span class='ocrx_word' id='word_1_2' title='bbox 557 513 582 570; x_wconf 78' lang='lat'>2</span> <span class='ocrx_word' id='word_1_3' title='bbox 859 491 950 568; x_wconf 89' lang='lat' dir='ltr'>DE</span> <span class='ocrx_word' id='word_1_4' title='bbox 1014 487 1250 566; x_wconf 87' lang='lat' dir='ltr'><strong>REBUS</strong></span> <span class='ocrx_word' id='word_1_5' title='bbox 1309 480 1573 565; x_wconf 89' lang='lat' dir='ltr'>GESTIS</span> 
     </span>
    </p>
   </div>
   <div class='ocr_carea' id='block_1_3' title="bbox 511 638 1989 5082">
    <p class='ocr_par' dir='ltr' id='par_1_3' title="bbox 511 638 1989 4980">
     <span class='ocr_line' id='line_1_3' title="bbox 514 638 1985 788; baseline -0.005 -33"><span class='ocrx_word' id='word_1_6' title='bbox 514 656 675 757; x_wconf 89' lang='lat' dir='ltr'>tinetur</span> <span class='ocrx_word' id='word_1_7' title='bbox 701 648 928 751; x_wconf 87' lang='lat' dir='ltr'>Ulterioris</span> <span class='ocrx_word' id='word_1_8' title='bbox 954 647 1218 786; x_wconf 79' lang='lat' dir='ltr'>Hispaniae.</span> <span class='ocrx_word' id='word_1_9' title='bbox 1251 657 1346 746; x_wconf 90' lang='lat' dir='ltr'>Has</span> <span class='ocrx_word' id='word_1_10' title='bbox 1366 645 1527 746; x_wconf 87' lang='lat' dir='ltr'>dividit</span> <span class='ocrx_word' id='word_1_11' title='bbox 1554 650 1671 745; x_wconf 90' lang='lat' dir='ltr'>Anas</span> <span class='ocrx_word' id='word_1_12' title='bbox 1697 638 1881 766; x_wconf 79' lang='lat' dir='ltr'>llttviuS,</span> <span class='ocrx_word' id='word_1_13' title='bbox 1902 645 1985 788; x_wconf 90' lang='lat' dir='ltr'>qui</span> 
     </span>
     <span class='ocr_line' id='line_1_4' title="bbox 516 789 1985 934; baseline -0.005 -35"><span class='ocrx_word' id='word_1_14' title='bbox 516 806 572 904; x_wconf 91' lang='lat' dir='ltr'>ab</span> <span class='ocrx_word' id='word_1_15' title='bbox 604 833 705 898; x_wconf 93' lang='lat' dir='ltr'>ortu</span> <span class='ocrx_word' id='word_1_16' title='bbox 730 796 776 894; x_wconf 93' lang='lat' dir='ltr'>in</span> <span class='ocrx_word' id='word_1_17' title='bbox 805 834 1009 892; x_wconf 90' lang='lat' dir='ltr'>occasum</span> <span class='ocrx_word' id='word_1_18' title='bbox 1039 833 1091 890; x_wconf 88' lang='lat' dir='ltr'>ex</span> <span class='ocrx_word' id='word_1_19' title='bbox 1120 831 1225 934; x_wconf 87' lang='lat' dir='ltr'>agro</span> <span class='ocrx_word' id='word_1_20' title='bbox 1254 791 1537 890; x_wconf 82' lang='lat' dir='ltr'>Laminitano</span> <span class='ocrx_word' id='word_1_21' title='bbox 1563 789 1793 890; x_wconf 80' lang='lat' dir='ltr'>Citerioris</span> <span class='ocrx_word' id='word_1_22' title='bbox 1827 793 1985 934; x_wconf 85' lang='lat' dir='ltr'>Hispa·</span> 
     </span>
     <span class='ocr_line' id='line_1_5' title="bbox 515 934 1985 1060; baseline -0.006 -16"><span class='ocrx_word' id='word_1_23' title='bbox 515 946 614 1045; x_wconf 88' lang='lat' dir='ltr'>niae</span> <span class='ocrx_word' id='word_1_24' title='bbox 650 939 878 1060; x_wconf 84' lang='lat' dir='ltr'>defluens,</span> <span class='ocrx_word' id='word_1_25' title='bbox 917 939 964 1039; x_wconf 92' lang='lat' dir='ltr'>in</span> <span class='ocrx_word' id='word_1_26' title='bbox 996 947 1226 1036; x_wconf 79' lang='lat' dir='ltr'>Oceanum</span> <span class='ocrx_word' id='word_1_27' title='bbox 1260 936 1535 1036; x_wconf 83' lang='lat' dir='ltr'>Atlanticum</span> <span class='ocrx_word' id='word_1_28' title='bbox 1569 934 1671 1033; x_wconf 83' lang='lat' dir='ltr'>&#39;exit</span> <span class='ocrx_word' id='word_1_29' title='bbox 1715 934 1827 1038; x_wconf 89' lang='lat' dir='ltr'>inter</span> <span class='ocrx_word' id='word_1_30' title='bbox 1872 938 1985 1037; x_wconf 89' lang='lat' dir='ltr'>ostia</span> 
     </span>
     <span class='ocr_line' id='line_1_6' title="bbox 516 1080 1987 1224; baseline -0.004 -36"><span class='ocrx_word' id='word_1_31' title='bbox 516 1087 656 1187; x_wconf 86' lang='lat' dir='ltr'>Baetis</span> <span class='ocrx_word' id='word_1_32' title='bbox 688 1120 731 1184; x_wconf 90' lang='lat' dir='ltr'>et</span> <span class='ocrx_word' id='word_1_33' title='bbox 757 1083 900 1224; x_wconf 78' lang='lat' dir='ltr'>Tagi,</span> <span class='ocrx_word' id='word_1_34' title='bbox 936 1119 1131 1224; x_wconf 91' lang='lat' dir='ltr'>quorum</span> <span class='ocrx_word' id='word_1_35' title='bbox 1165 1080 1235 1179; x_wconf 89' lang='lat' dir='ltr'>ille</span> <span class='ocrx_word' id='word_1_36' title='bbox 1261 1081 1308 1179; x_wconf 88' lang='lat' dir='ltr'>in</span> <span class='ocrx_word' id='word_1_37' title='bbox 1337 1080 1547 1216; x_wconf 76' lang='lat' dir='ltr'>Oretania</span> <span class='ocrx_word' id='word_1_38' title='bbox 1579 1080 1780 1222; x_wconf 85' lang='lat' dir='ltr'>saltuque</span> <span class='ocrx_word' id='word_1_39' title='bbox 1804 1089 1987 1224; x_wconf 85' lang='lat' dir='ltr'>Tygen-</span> 
     </span>
     <span class='ocr_line' id='line_1_7' title="bbox 518 1224 1985 1372; baseline -0.005 -40"><span class='ocrx_word' id='word_1_40' title='bbox 518 1233 581 1351; x_wconf 91' lang='lat' dir='ltr'>si,</span> <span class='ocrx_word' id='word_1_41' title='bbox 614 1231 691 1372; x_wconf 93' lang='lat' dir='ltr'>qui</span> <span class='ocrx_word' id='word_1_42' title='bbox 728 1267 823 1370; x_wconf 88' lang='lat' dir='ltr'>pars</span> <span class='ocrx_word' id='word_1_43' title='bbox 860 1265 922 1326; x_wconf 91' lang='lat' dir='ltr'>est</span> <span class='ocrx_word' id='word_1_44' title='bbox 948 1228 1204 1368; x_wconf 89' lang='lat' dir='ltr'>Orospedae</span> <span class='ocrx_word' id='word_1_45' title='bbox 1236 1224 1400 1325; x_wconf 91' lang='lat' dir='ltr'>montis</span> <span class='ocrx_word' id='word_1_46' title='bbox 1409 1225 1663 1345; x_wconf 85' lang='lat' dir='ltr'>,exoritur,</span> <span class='ocrx_word' id='word_1_47' title='bbox 1698 1261 1740 1324; x_wconf 92' lang='lat' dir='ltr'>et</span> <span class='ocrx_word' id='word_1_48' title='bbox 1777 1265 1853 1366; x_wconf 90' lang='lat' dir='ltr'>pet</span> <span class='ocrx_word' id='word_1_49' title='bbox 1886 1267 1985 1325; x_wconf 89' lang='lat' dir='ltr'>me-</span> 
     </span>
     <span class='ocr_line' id='line_1_8' title="bbox 519 1367 1986 1490; baseline -0.004 -12"><span class='ocrx_word' id='word_1_50' title='bbox 519 1379 638 1478; x_wconf 86' lang='lat' dir='ltr'>diam</span> <span class='ocrx_word' id='word_1_51' title='bbox 674 1368 763 1474; x_wconf 88' lang='lat' dir='ltr'>fere</span> <span class='ocrx_word' id='word_1_52' title='bbox 792 1373 1040 1490; x_wconf 87' lang='lat' dir='ltr'>Baeticam,</span> <span class='ocrx_word' id='word_1_53' title='bbox 1066 1415 1091 1472; x_wconf 92' lang='lat' dir='ltr'>a</span> <span class='ocrx_word' id='word_1_54' title='bbox 1117 1411 1160 1471; x_wconf 90' lang='lat' dir='ltr'>se</span> <span class='ocrx_word' id='word_1_55' title='bbox 1185 1371 1493 1489; x_wconf 91' lang='lat' dir='ltr'>nominatam,</span> <span class='ocrx_word' id='word_1_56' title='bbox 1526 1370 1694 1470; x_wconf 87' lang='lat' dir='ltr'>inclitas</span> <span class='ocrx_word' id='word_1_57' title='bbox 1722 1367 1852 1471; x_wconf 91' lang='lat' dir='ltr'>urbes</span> <span class='ocrx_word' id='word_1_58' title='bbox 1872 1383 1986 1472; x_wconf 89' lang='lat' dir='ltr'>Cor-</span> 
     </span>
     <span class='ocr_line' id='line_1_9' title="bbox 520 1514 1985 1656; baseline -0.001 -36"><span class='ocrx_word' id='word_1_59' title='bbox 520 1519 685 1620; x_wconf 89' lang='lat' dir='ltr'>dubam</span> <span class='ocrx_word' id='word_1_60' title='bbox 719 1561 744 1617; x_wconf 93' lang='lat' dir='ltr'>a</span> <span class='ocrx_word' id='word_1_61' title='bbox 779 1519 954 1638; x_wconf 86' lang='lat' dir='ltr'>dextra,</span> <span class='ocrx_word' id='word_1_62' title='bbox 991 1558 1043 1615; x_wconf 85' lang='lat' dir='ltr'>ex</span> <span class='ocrx_word' id='word_1_63' title='bbox 1074 1516 1206 1615; x_wconf 87' lang='lat' dir='ltr'>altera</span> <span class='ocrx_word' id='word_1_64' title='bbox 1239 1549 1357 1656; x_wconf 87' lang='lat' dir='ltr'>parte</span> <span class='ocrx_word' id='word_1_65' title='bbox 1396 1514 1616 1655; x_wconf 79' lang='lat' dir='ltr'>Hispalim</span> <span class='ocrx_word' id='word_1_66' title='bbox 1646 1515 1848 1637; x_wconf 88' lang='lat' dir='ltr'>alluens,</span> <span class='ocrx_word' id='word_1_67' title='bbox 1892 1555 1985 1618; x_wconf 92' lang='lat' dir='ltr'>non</span> 
     </span>
     <span class='ocr_line' id='line_1_10' title="bbox 519 1659 1985 1808; baseline -0.001 -45"><span class='ocrx_word' id='word_1_68' title='bbox 519 1664 673 1808; x_wconf 90' lang='lat' dir='ltr'>procul</span> <span class='ocrx_word' id='word_1_69' title='bbox 704 1660 759 1763; x_wconf 91' lang='lat' dir='ltr'>ab</span> <span class='ocrx_word' id='word_1_70' title='bbox 792 1663 962 1804; x_wconf 89' lang='lat' dir='ltr'>oppido</span> <span class='ocrx_word' id='word_1_71' title='bbox 971 1739 985 1780; x_wconf 99' lang='lat'>,</span> <span class='ocrx_word' id='word_1_72' title='bbox 1014 1660 1086 1759; x_wconf 90' lang='lat' dir='ltr'>cui</span> <span class='ocrx_word' id='word_1_73' title='bbox 1113 1665 1298 1758; x_wconf 82' lang='lat' dir='ltr'>Sanlutar</span> <span class='ocrx_word' id='word_1_74' title='bbox 1321 1699 1487 1759; x_wconf 89' lang='lat' dir='ltr'>nomen</span> <span class='ocrx_word' id='word_1_75' title='bbox 1519 1695 1608 1778; x_wconf 91' lang='lat' dir='ltr'>est,</span> <span class='ocrx_word' id='word_1_76' title='bbox 1638 1659 1812 1761; x_wconf 91' lang='lat' dir='ltr'>duobus</span> <span class='ocrx_word' id='word_1_77' title='bbox 1848 1700 1985 1802; x_wconf 80' lang='lat' dir='ltr'>prop·</span> 
     </span>
     <span class='ocr_line' id='line_1_11' title="bbox 519 1803 1988 1946; baseline -0.003 -37"><span class='ocrx_word' id='word_1_78' title='bbox 519 1847 585 1909; x_wconf 90' lang='lat' dir='ltr'>ter</span> <span class='ocrx_word' id='word_1_79' title='bbox 619 1811 904 1946; x_wconf 82' lang='lat' dir='ltr'>interceptam</span> <span class='ocrx_word' id='word_1_80' title='bbox 940 1805 1125 1904; x_wconf 87' lang='lat' dir='ltr'>insulam</span> <span class='ocrx_word' id='word_1_81' title='bbox 1155 1803 1276 1901; x_wconf 90' lang='lat' dir='ltr'>ostiis</span> <span class='ocrx_word' id='word_1_82' title='bbox 1309 1803 1356 1901; x_wconf 86' lang='lat' dir='ltr'>in</span> <span class='ocrx_word' id='word_1_83' title='bbox 1388 1814 1614 1903; x_wconf 86' lang='lat' dir='ltr'>Oceanum</span> <span class='ocrx_word' id='word_1_84' title='bbox 1648 1803 1793 1903; x_wconf 86' lang='lat' dir='ltr'>inlluit</span> <span class='ocrx_word' id='word_1_85' title='bbox 1807 1883 1823 1924; x_wconf 92' lang='lat'>,</span> <span class='ocrx_word' id='word_1_86' title='bbox 1873 1845 1988 1946; x_wconf 86' lang='lat' dir='ltr'>pau-</span> 
     </span>
     <span class='ocr_line' id='line_1_12' title="bbox 519 1948 1988 2090; baseline -0.003 -38"><span class='ocrx_word' id='word_1_87' title='bbox 519 1953 614 2052; x_wconf 91' lang='lat' dir='ltr'>lum</span> <span class='ocrx_word' id='word_1_88' title='bbox 649 1953 697 2051; x_wconf 92' lang='lat' dir='ltr'>in</span> <span class='ocrx_word' id='word_1_89' title='bbox 736 1951 964 2049; x_wconf 86' lang='lat' dir='ltr'>meridiem</span> <span class='ocrx_word' id='word_1_90' title='bbox 1000 1948 1166 2046; x_wconf 83' lang='lat' dir='ltr'>deflexo</span> <span class='ocrx_word' id='word_1_91' title='bbox 1194 1985 1340 2052; x_wconf 67' lang='lat' dir='ltr'>cursus</span> <span class='ocrx_word' id='word_1_92' title='bbox 1369 1954 1520 2090; x_wconf 83' lang='lat' dir='ltr'>Tagus</span> <span class='ocrx_word' id='word_1_93' title='bbox 1552 1987 1659 2048; x_wconf 88' lang='lat' dir='ltr'>vero</span> <span class='ocrx_word' id='word_1_94' title='bbox 1690 1989 1743 2046; x_wconf 90' lang='lat' dir='ltr'>ex</span> <span class='ocrx_word' id='word_1_95' title='bbox 1762 1956 1988 2048; x_wconf 88' lang='lat' dir='ltr'>Tarraco-</span> 
     </span>
     <span class='ocr_line' id='line_1_13' title="bbox 519 2089 1987 2236; baseline -0.001 -41"><span class='ocrx_word' id='word_1_96' title='bbox 519 2096 641 2195; x_wconf 92' lang='lat' dir='ltr'>nensi</span> <span class='ocrx_word' id='word_1_97' title='bbox 678 2135 857 2236; x_wconf 89' lang='lat' dir='ltr'>quoque</span> <span class='ocrx_word' id='word_1_98' title='bbox 879 2129 920 2192; x_wconf 89' lang='lat' dir='ltr'>et</span> <span class='ocrx_word' id='word_1_99' title='bbox 950 2089 1186 2194; x_wconf 86' lang='lat' dir='ltr'>Celtiberia</span> <span class='ocrx_word' id='word_1_100' title='bbox 1207 2130 1281 2232; x_wconf 91' lang='lat' dir='ltr'>per</span> <span class='ocrx_word' id='word_1_101' title='bbox 1301 2094 1612 2232; x_wconf 87' lang='lat' dir='ltr'>Carpetaniam</span> <span class='ocrx_word' id='word_1_102' title='bbox 1645 2093 1921 2213; x_wconf 91' lang='lat' dir='ltr'>demittitur,</span> <span class='ocrx_word' id='word_1_103' title='bbox 1943 2129 1987 2195; x_wconf 91' lang='lat' dir='ltr'>et</span> 
     </span>
     <span class='ocr_line' id='line_1_14' title="bbox 520 2232 1986 2382; baseline -0.001 -42"><span class='ocrx_word' id='word_1_104' title='bbox 520 2276 651 2382; x_wconf 90' lang='lat' dir='ltr'>caput</span> <span class='ocrx_word' id='word_1_105' title='bbox 678 2250 767 2372; x_wconf 90' lang='lat' dir='ltr'>ejus</span> <span class='ocrx_word' id='word_1_106' title='bbox 801 2237 1010 2380; x_wconf 89' lang='lat' dir='ltr'>regionis,</span> <span class='ocrx_word' id='word_1_107' title='bbox 1034 2232 1277 2376; x_wconf 87' lang='lat' dir='ltr'>urbemque</span> <span class='ocrx_word' id='word_1_108' title='bbox 1312 2238 1561 2377; x_wconf 73' lang='lat' dir='ltr'>preclaram</span> <span class='ocrx_word' id='word_1_109' title='bbox 1591 2237 1809 2338; x_wconf 90' lang='lat' dir='ltr'>Toletum</span> <span class='ocrx_word' id='word_1_110' title='bbox 1845 2238 1986 2340; x_wconf 87' lang='lat' dir='ltr'>undi-</span> 
     </span>
     <span class='ocr_line' id='line_1_15' title="bbox 519 2375 1987 2524; baseline 0.001 -42"><span class='ocrx_word' id='word_1_111' title='bbox 519 2424 606 2524; x_wconf 91' lang='lat' dir='ltr'>que</span> <span class='ocrx_word' id='word_1_112' title='bbox 623 2425 732 2524; x_wconf 90' lang='lat' dir='ltr'>pene</span> <span class='ocrx_word' id='word_1_113' title='bbox 757 2384 941 2499; x_wconf 90' lang='lat' dir='ltr'>alluens,</span> <span class='ocrx_word' id='word_1_114' title='bbox 974 2415 1016 2478; x_wconf 90' lang='lat' dir='ltr'>et</span> <span class='ocrx_word' id='word_1_115' title='bbox 1046 2381 1238 2480; x_wconf 89' lang='lat' dir='ltr'>mediam</span> <span class='ocrx_word' id='word_1_116' title='bbox 1269 2375 1358 2479; x_wconf 89' lang='lat' dir='ltr'>fere</span> <span class='ocrx_word' id='word_1_117' title='bbox 1377 2382 1645 2480; x_wconf 86' lang='lat' dir='ltr'>Lusitaniam</span> <span class='ocrx_word' id='word_1_118' title='bbox 1670 2422 1894 2509; x_wconf 91' lang='lat' dir='ltr'>emensus,</span> <span class='ocrx_word' id='word_1_119' title='bbox 1929 2383 1987 2484; x_wconf 84' lang='lat' dir='ltr'>acl</span> 
     </span>
     <span class='ocr_line' id='line_1_16' title="bbox 518 2521 1987 2665; baseline 0 -40"><span class='ocrx_word' id='word_1_120' title='bbox 518 2528 861 2665; x_wconf 89' lang='lat' dir='ltr'>Ulyssipponem</span> <span class='ocrx_word' id='word_1_121' title='bbox 897 2523 1075 2643; x_wconf 91' lang='lat' dir='ltr'>urbem,</span> <span class='ocrx_word' id='word_1_122' title='bbox 1112 2566 1230 2626; x_wconf 91' lang='lat' dir='ltr'>nune</span> <span class='ocrx_word' id='word_1_123' title='bbox 1257 2524 1499 2625; x_wconf 86' lang='lat' dir='ltr'>Lusitaniae</span> <span class='ocrx_word' id='word_1_124' title='bbox 1539 2521 1897 2647; x_wconf 87' lang='lat' dir='ltr'>celeberrimam,</span> <span class='ocrx_word' id='word_1_125' title='bbox 1935 2562 1987 2628; x_wconf 91' lang='lat' dir='ltr'>ut</span> 
     </span>
     <span class='ocr_line' id='line_1_17' title="bbox 519 2669 1989 2810; baseline -0.001 -41"><span class='ocrx_word' id='word_1_126' title='bbox 519 2671 630 2769; x_wconf 93' lang='lat' dir='ltr'>olim</span> <span class='ocrx_word' id='word_1_127' title='bbox 661 2706 746 2768; x_wconf 89' lang='lat' dir='ltr'>erat</span> <span class='ocrx_word' id='word_1_128' title='bbox 767 2670 955 2768; x_wconf 85' lang='lat' dir='ltr'>Emerita</span> <span class='ocrx_word' id='word_1_129' title='bbox 976 2674 1196 2810; x_wconf 87' lang='lat' dir='ltr'>Augusta,</span> <span class='ocrx_word' id='word_1_130' title='bbox 1218 2671 1266 2770; x_wconf 95' lang='lat' dir='ltr'>in</span> <span class='ocrx_word' id='word_1_131' title='bbox 1299 2670 1571 2772; x_wconf 85' lang='lat' dir='ltr'>Atlanticum</span> <span class='ocrx_word' id='word_1_132' title='bbox 1603 2669 1865 2772; x_wconf 87' lang='lat' dir='ltr'>effunditur.</span> <span class='ocrx_word' id='word_1_133' title='bbox 1888 2679 1989 2768; x_wconf 83' lang='lat' dir='ltr'>Bae·</span> 
     </span>
     <span class='ocr_line' id='line_1_18' title="bbox 518 2813 1988 2958; baseline 0.001 -46"><span class='ocrx_word' id='word_1_134' title='bbox 518 2814 628 2913; x_wconf 88' lang='lat' dir='ltr'>ricae</span> <span class='ocrx_word' id='word_1_135' title='bbox 647 2813 886 2912; x_wconf 87' lang='lat' dir='ltr'>terminum</span> <span class='ocrx_word' id='word_1_136' title='bbox 908 2813 964 2912; x_wconf 89' lang='lat' dir='ltr'>ad</span> <span class='ocrx_word' id='word_1_137' title='bbox 995 2852 1110 2913; x_wconf 88' lang='lat' dir='ltr'>mare</span> <span class='ocrx_word' id='word_1_138' title='bbox 1143 2815 1396 2936; x_wconf 89' lang='lat' dir='ltr'>internum,</span> <span class='ocrx_word' id='word_1_139' title='bbox 1433 2817 1557 2958; x_wconf 91' lang='lat' dir='ltr'>quod</span> <span class='ocrx_word' id='word_1_140' title='bbox 1594 2854 1638 2917; x_wconf 91' lang='lat' dir='ltr'>et</span> <span class='ocrx_word' id='word_1_141' title='bbox 1674 2852 1871 2916; x_wconf 88' lang='lat' dir='ltr'>nostmm</span> <span class='ocrx_word' id='word_1_142' title='bbox 1902 2854 1988 2957; x_wconf 75' lang='lat' dir='ltr'>ap-</span> 
     </span>
     <span class='ocr_line' id='line_1_19' title="bbox 517 2959 1986 3105; baseline 0.002 -48"><span class='ocrx_word' id='word_1_143' title='bbox 517 2959 728 3099; x_wconf 90' lang='lat' dir='ltr'>pellatur,</span> <span class='ocrx_word' id='word_1_144' title='bbox 757 2959 1180 3100; x_wconf 88' lang='lat' dir='ltr'>Tarraconensisque</span> <span class='ocrx_word' id='word_1_145' title='bbox 1213 2961 1404 3104; x_wconf 86' lang='lat' dir='ltr'>regioms</span> <span class='ocrx_word' id='word_1_146' title='bbox 1443 2963 1643 3105; x_wconf 85' lang='lat' dir='ltr'>Agrippa</span> <span class='ocrx_word' id='word_1_147' title='bbox 1673 2968 1986 3103; x_wconf 84' lang='lat' dir='ltr'>Augustusque</span> 
     </span>
     <span class='ocr_line' id='line_1_20' title="bbox 518 3103 1987 3246; baseline -0.001 -42"><span class='ocrx_word' id='word_1_148' title='bbox 518 3114 674 3204; x_wconf 89' lang='lat' dir='ltr'>Caesar</span> <span class='ocrx_word' id='word_1_149' title='bbox 710 3104 764 3202; x_wconf 90' lang='lat' dir='ltr'>ad</span> <span class='ocrx_word' id='word_1_150' title='bbox 804 3143 966 3204; x_wconf 88' lang='lat' dir='ltr'>novam</span> <span class='ocrx_word' id='word_1_151' title='bbox 1003 3103 1318 3246; x_wconf 85' lang='lat' dir='ltr'>Carthaginem</span> <span class='ocrx_word' id='word_1_152' title='bbox 1355 3109 1690 3210; x_wconf 75' lang='lat' dir='ltr'>constituerants</span> <span class='ocrx_word' id='word_1_153' title='bbox 1728 3106 1803 3204; x_wconf 91' lang='lat' dir='ltr'>sed</span> <span class='ocrx_word' id='word_1_154' title='bbox 1836 3141 1987 3244; x_wconf 76' lang='lat' dir='ltr'>poste-</span> 
     </span>
     <span class='ocr_line' id='line_1_21' title="bbox 517 3245 1987 3390; baseline 0.001 -44"><span class='ocrx_word' id='word_1_155' title='bbox 517 3247 683 3368; x_wconf 89' lang='lat' dir='ltr'>riores,</span> <span class='ocrx_word' id='word_1_156' title='bbox 718 3283 766 3347; x_wconf 93' lang='lat' dir='ltr'>ut</span> <span class='ocrx_word' id='word_1_157' title='bbox 803 3249 965 3350; x_wconf 90' lang='lat' dir='ltr'>Plinius</span> <span class='ocrx_word' id='word_1_158' title='bbox 1007 3245 1163 3368; x_wconf 88' lang='lat' dir='ltr'>refert,</span> <span class='ocrx_word' id='word_1_159' title='bbox 1205 3250 1261 3346; x_wconf 90' lang='lat' dir='ltr'>ad</span> <span class='ocrx_word' id='word_1_160' title='bbox 1294 3248 1576 3390; x_wconf 89' lang='lat' dir='ltr'>Virgitanum</span> <span class='ocrx_word' id='word_1_161' title='bbox 1613 3247 1758 3349; x_wconf 90' lang='lat' dir='ltr'>sinum</span> <span class='ocrx_word' id='word_1_162' title='bbox 1801 3287 1987 3349; x_wconf 84' lang='lat' dir='ltr'>revoca·</span> 
     </span>
     <span class='ocr_line' id='line_1_22' title="bbox 518 3390 1987 3536; baseline 0.001 -44"><span class='ocrx_word' id='word_1_163' title='bbox 518 3431 621 3494; x_wconf 91' lang='lat' dir='ltr'>runt</span> <span class='ocrx_word' id='word_1_164' title='bbox 650 3393 764 3493; x_wconf 85' lang='lat' dir='ltr'>circa</span> <span class='ocrx_word' id='word_1_165' title='bbox 798 3394 1157 3535; x_wconf 90' lang='lat' dir='ltr'>promontorium</span> <span class='ocrx_word' id='word_1_166' title='bbox 1177 3390 1458 3514; x_wconf 90' lang='lat' dir='ltr'>Charidemi,</span> <span class='ocrx_word' id='word_1_167' title='bbox 1494 3393 1618 3535; x_wconf 90' lang='lat' dir='ltr'>quod</span> <span class='ocrx_word' id='word_1_168' title='bbox 1647 3392 1790 3536; x_wconf 88' lang='lat' dir='ltr'>magis</span> <span class='ocrx_word' id='word_1_169' title='bbox 1818 3393 1987 3534; x_wconf 88' lang='lat' dir='ltr'>placuit</span> 
     </span>
     <span class='ocr_line' id='line_1_23' title="bbox 517 3537 1986 3682; baseline 0.002 -46"><span class='ocrx_word' id='word_1_170' title='bbox 517 3538 708 3638; x_wconf 89' lang='lat' dir='ltr'>Claudio</span> <span class='ocrx_word' id='word_1_171' title='bbox 726 3539 979 3640; x_wconf 89' lang='lat' dir='ltr'>Ptolemaeo</span> <span class='ocrx_word' id='word_1_172' title='bbox 1017 3537 1267 3639; x_wconf 86' lang='lat' dir='ltr'>nominare.</span> <span class='ocrx_word' id='word_1_173' title='bbox 1302 3538 1572 3639; x_wconf 85' lang='lat' dir='ltr'>Lusitaniam</span> <span class='ocrx_word' id='word_1_174' title='bbox 1600 3579 1761 3680; x_wconf 88' lang='lat' dir='ltr'>porro,</span> <span class='ocrx_word' id='word_1_175' title='bbox 1783 3577 1870 3678; x_wconf 92' lang='lat' dir='ltr'>qua</span> <span class='ocrx_word' id='word_1_176' title='bbox 1893 3579 1986 3682; x_wconf 91' lang='lat' dir='ltr'>sep-</span> 
     </span>
     <span class='ocr_line' id='line_1_24' title="bbox 517 3683 1984 3825; baseline 0.003 -45"><span class='ocrx_word' id='word_1_177' title='bbox 517 3684 796 3785; x_wconf 85' lang='lat' dir='ltr'>temtrionem</span> <span class='ocrx_word' id='word_1_178' title='bbox 824 3721 1010 3825; x_wconf 87' lang='lat' dir='ltr'>spectat,</span> <span class='ocrx_word' id='word_1_179' title='bbox 1036 3724 1061 3782; x_wconf 89' lang='lat' dir='ltr'>a</span> <span class='ocrx_word' id='word_1_180' title='bbox 1093 3685 1412 3786; x_wconf 86' lang='lat' dir='ltr'>Tarraconensi</span> <span class='ocrx_word' id='word_1_181' title='bbox 1445 3684 1676 3825; x_wconf 86' lang='lat' dir='ltr'>distinguit</span> <span class='ocrx_word' id='word_1_182' title='bbox 1698 3683 1861 3786; x_wconf 93' lang='lat' dir='ltr'>Durius</span> <span class='ocrx_word' id='word_1_183' title='bbox 1896 3724 1984 3785; x_wconf 88' lang='lat' dir='ltr'>arn-</span> 
     </span>
     <span class='ocr_line' id='line_1_25' title="bbox 516 3826 1985 3970; baseline 0.003 -46"><span class='ocrx_word' id='word_1_184' title='bbox 516 3826 611 3946; x_wconf 92' lang='lat' dir='ltr'>nis,</span> <span class='ocrx_word' id='word_1_185' title='bbox 643 3831 723 3970; x_wconf 91' lang='lat' dir='ltr'>qui</span> <span class='ocrx_word' id='word_1_186' title='bbox 749 3864 867 3928; x_wconf 92' lang='lat' dir='ltr'>ortus</span> <span class='ocrx_word' id='word_1_187' title='bbox 899 3829 945 3927; x_wconf 89' lang='lat' dir='ltr'>in</span> <span class='ocrx_word' id='word_1_188' title='bbox 978 3827 1298 3929; x_wconf 88' lang='lat' dir='ltr'>Pelendonibus</span> <span class='ocrx_word' id='word_1_189' title='bbox 1335 3827 1452 3930; x_wconf 90' lang='lat' dir='ltr'>haud</span> <span class='ocrx_word' id='word_1_190' title='bbox 1485 3829 1641 3968; x_wconf 89' lang='lat' dir='ltr'>procul</span> <span class='ocrx_word' id='word_1_191' title='bbox 1674 3869 1699 3926; x_wconf 92' lang='lat' dir='ltr'>a</span> <span class='ocrx_word' id='word_1_192' title='bbox 1736 3827 1866 3945; x_wconf 89' lang='lat' dir='ltr'>loc0,</span> <span class='ocrx_word' id='word_1_193' title='bbox 1902 3826 1985 3930; x_wconf 90' lang='lat' dir='ltr'>ubi</span> 
     </span>
     <span class='ocr_line' id='line_1_26' title="bbox 515 3961 1984 4116; baseline 0.003 -48"><span class='ocrx_word' id='word_1_194' title='bbox 515 3961 602 4070; x_wconf 83' lang='lat' dir='ltr'>fuit</span> <span class='ocrx_word' id='word_1_195' title='bbox 640 3975 751 4071; x_wconf 92' lang='lat' dir='ltr'>olim</span> <span class='ocrx_word' id='word_1_196' title='bbox 789 3973 1063 4093; x_wconf 88' lang='lat' dir='ltr'>Numantia,</span> <span class='ocrx_word' id='word_1_197' title='bbox 1104 4011 1181 4116; x_wconf 90' lang='lat' dir='ltr'>per</span> <span class='ocrx_word' id='word_1_198' title='bbox 1213 3980 1432 4075; x_wconf 88' lang='lat' dir='ltr'>Arevacos</span> <span class='ocrx_word' id='word_1_199' title='bbox 1463 3983 1774 4114; x_wconf 90' lang='lat' dir='ltr'>Vaccaeosque</span> <span class='ocrx_word' id='word_1_200' title='bbox 1812 3969 1984 4072; x_wconf 85' lang='lat' dir='ltr'>delabi·</span> 
     </span>
     <span class='ocr_line' id='line_1_27' title="bbox 515 4113 1979 4238; baseline 0.001 -26"><span class='ocrx_word' id='word_1_201' title='bbox 515 4148 613 4232; x_wconf 91' lang='lat' dir='ltr'>tur,</span> <span class='ocrx_word' id='word_1_202' title='bbox 651 4153 694 4214; x_wconf 92' lang='lat' dir='ltr'>et</span> <span class='ocrx_word' id='word_1_203' title='bbox 732 4118 1003 4218; x_wconf 91' lang='lat' dir='ltr'>Vettonibus</span> <span class='ocrx_word' id='word_1_204' title='bbox 1046 4114 1102 4217; x_wconf 91' lang='lat' dir='ltr'>ab</span> <span class='ocrx_word' id='word_1_205' title='bbox 1131 4120 1334 4238; x_wconf 91' lang='lat' dir='ltr'>Asturia,</span> <span class='ocrx_word' id='word_1_206' title='bbox 1371 4154 1413 4218; x_wconf 91' lang='lat' dir='ltr'>et</span> <span class='ocrx_word' id='word_1_207' title='bbox 1444 4117 1660 4219; x_wconf 91' lang='lat' dir='ltr'>Lusitanis</span> <span class='ocrx_word' id='word_1_208' title='bbox 1703 4113 1979 4216; x_wconf 85' lang='lat' dir='ltr'>aGallaecia</span> 
     </span>
     <span class='ocr_line' id='line_1_28' title="bbox 516 4258 1978 4404; baseline 0.001 -47"><span class='ocrx_word' id='word_1_209' title='bbox 516 4258 859 4381; x_wconf 89' lang='lat' dir='ltr'>disterminatis,</span> <span class='ocrx_word' id='word_1_210' title='bbox 890 4264 936 4361; x_wconf 92' lang='lat' dir='ltr'>in</span> <span class='ocrx_word' id='word_1_211' title='bbox 961 4275 1193 4365; x_wconf 86' lang='lat' dir='ltr'>Oceanum</span> <span class='ocrx_word' id='word_1_212' title='bbox 1219 4303 1398 4404; x_wconf 89' lang='lat' dir='ltr'>quoque</span> <span class='ocrx_word' id='word_1_213' title='bbox 1431 4263 1707 4364; x_wconf 90' lang='lat' dir='ltr'>Atlanticum</span> <span class='ocrx_word' id='word_1_214' title='bbox 1740 4262 1978 4360; x_wconf 88' lang='lat' dir='ltr'>emittitur.</span> 
     </span>
     <span class='ocr_line' id='line_1_29' title="bbox 516 4409 1979 4548; baseline -0.003 -42"><span class='ocrx_word' id='word_1_215' title='bbox 516 4487 519 4494; x_wconf 87' lang='lat'>.</span> <span class='ocrx_word' id='word_1_216' title='bbox 586 4415 652 4506; x_wconf 90' lang='grc' dir='ltr'><strong>ΙΙΙ.</strong></span> <span class='ocrx_word' id='word_1_217' title='bbox 726 4409 1059 4507; x_wconf 85' lang='lat' dir='ltr'>Tarraconensis</span> <span class='ocrx_word' id='word_1_218' title='bbox 1079 4409 1247 4548; x_wconf 86' lang='lat' dir='ltr'>igitur,</span> <span class='ocrx_word' id='word_1_219' title='bbox 1267 4449 1357 4548; x_wconf 86' lang='lat' dir='ltr'>qua</span> <span class='ocrx_word' id='word_1_220' title='bbox 1375 4410 1590 4511; x_wconf 88' lang='lat' dir='ltr'>aestivum</span> <span class='ocrx_word' id='word_1_221' title='bbox 1610 4444 1761 4509; x_wconf 88' lang='lat' dir='ltr'>ortum</span> <span class='ocrx_word' id='word_1_222' title='bbox 1798 4411 1979 4545; x_wconf 61' lang='lat' dir='ltr'>spectat,</span> 
     </span>
     <span class='ocr_line' id='line_1_30' title="bbox 511 4546 1981 4690; baseline -0.001 -42"><span class='ocrx_word' id='word_1_223' title='bbox 511 4550 730 4657; x_wconf 79' lang='lat' dir='ltr'>Galliam3</span> <span class='ocrx_word' id='word_1_224' title='bbox 766 4590 852 4690; x_wconf 93' lang='lat' dir='ltr'>qua</span> <span class='ocrx_word' id='word_1_225' title='bbox 874 4553 1261 4690; x_wconf 89' lang='lat' dir='ltr'>septemtrionem,</span> <span class='ocrx_word' id='word_1_226' title='bbox 1288 4555 1532 4651; x_wconf 90' lang='lat' dir='ltr'>Callaicum</span> <span class='ocrx_word' id='word_1_227' title='bbox 1565 4585 1608 4651; x_wconf 89' lang='lat' dir='ltr'>et</span> <span class='ocrx_word' id='word_1_228' title='bbox 1631 4546 1950 4652; x_wconf 88' lang='lat' dir='ltr'>Cantabricum</span> <span class='ocrx_word' id='word_1_229' title='bbox 1963 4587 1981 4657; x_wconf 50' lang='grc' dir='ltr'>ς,</span> 
     </span>
     <span class='ocr_line' id='line_1_31' title="bbox 514 4693 1978 4839; baseline 0 -48"><span class='ocrx_word' id='word_1_230' title='bbox 514 4732 602 4832; x_wconf 90' lang='lat' dir='ltr'>qua</span> <span class='ocrx_word' id='word_1_231' title='bbox 624 4695 876 4813; x_wconf 90' lang='lat' dir='ltr'>meridiem,</span> <span class='ocrx_word' id='word_1_232' title='bbox 897 4733 1016 4793; x_wconf 90' lang='lat' dir='ltr'>mare</span> <span class='ocrx_word' id='word_1_233' title='bbox 1034 4693 1252 4792; x_wconf 90' lang='lat' dir='ltr'>internum</span> <span class='ocrx_word' id='word_1_234' title='bbox 1269 4695 1448 4838; x_wconf 86' lang='lat' dir='ltr'>attingit</span> <span class='ocrx_word' id='word_1_235' title='bbox 1464 4735 1476 4804; x_wconf 80' lang='lat'>3</span> <span class='ocrx_word' id='word_1_236' title='bbox 1497 4738 1585 4839; x_wconf 89' lang='lat' dir='ltr'>qua</span> <span class='ocrx_word' id='word_1_237' title='bbox 1603 4735 1842 4817; x_wconf 83' lang='lat' dir='ltr'>occasum,</span> <span class='ocrx_word' id='word_1_238' title='bbox 1866 4705 1978 4792; x_wconf 89' lang='lat' dir='ltr'>Bae-</span> 
     </span>
     <span class='ocr_line' id='line_1_32' title="bbox 514 4837 1975 4980; baseline 0.001 -44"><span class='ocrx_word' id='word_1_239' title='bbox 514 4837 649 4941; x_wconf 88' lang='lat' dir='ltr'>ticam</span> <span class='ocrx_word' id='word_1_240' title='bbox 685 4876 728 4938; x_wconf 91' lang='lat' dir='ltr'>et</span> <span class='ocrx_word' id='word_1_241' title='bbox 760 4839 1056 4960; x_wconf 89' lang='lat' dir='ltr'>Lusitaniam,</span> <span class='ocrx_word' id='word_1_242' title='bbox 1078 4837 1249 4941; x_wconf 87' lang='lat' dir='ltr'>Solorio</span> <span class='ocrx_word' id='word_1_243' title='bbox 1271 4877 1423 4946; x_wconf 90' lang='lat' dir='ltr'>monte</span> <span class='ocrx_word' id='word_1_244' title='bbox 1449 4876 1494 4943; x_wconf 90' lang='lat' dir='ltr'>et</span> <span class='ocrx_word' id='word_1_245' title='bbox 1512 4841 1741 4962; x_wconf 88' lang='lat' dir='ltr'>Oretanis,</span> <span class='ocrx_word' id='word_1_246' title='bbox 1764 4849 1975 4980; x_wconf 79' lang='lat' dir='ltr'>Carpeta-</span> 
     </span>
    </p>

    <p class='ocr_par' dir='ltr' id='par_1_4' title="bbox 1907 5021 1977 5082">
     <span class='ocr_line' id='line_1_33' title="bbox 1907 5021 1977 5082; baseline -0.014 0"><span class='ocrx_word' id='word_1_247' title='bbox 1907 5021 1977 5082; x_wconf 87' lang='lat' dir='ltr'>nis</span> 
     </span>
    </p>
   </div>
   <div class='ocr_carea' id='block_1_4' title="bbox 0 0 2150 5984">
    <p class='ocr_par' dir='ltr' id='par_1_5' title="bbox 0 0 2150 5984">
     <span class='ocr_line' id='line_1_34' title="bbox 0 0 2150 5984; baseline 0 1"><span class='ocrx_word' id='word_1_248' title='bbox 0 0 2150 5984; x_wconf 95' lang='lat' dir='ltr'> </span> 
     </span>
    </p>
   </div>
  </div>
 </body>
</html>
