4368 5984
695 421 816 491 VITA
839 423 904 490 ET
930 422 1144 494 SCRIPTA.
1518 432 1606 501 LXI.

189 555 324 640 letibus
339 548 640 664 prohibeantur,
666 565 703 633 et
722 553 867 660 justis,
879 555 961 659 piis
985 557 1243 660 religIasisqne
1270 558 1446 658 monitis,
1474 571 1516 638 et
1539 585 1627 644 con·

186 677 377 757 suetudine
403 676 689 756 christianorum
715 674 942 777 resipiscant
969 728 981 772 ,
1010 684 1047 752 et
1064 675 1116 750 ad
1144 678 1342 752 sanitatem
1367 677 1521 757 redeant
1550 706 1639 784 sno-⁸

184 819 335 899 rumque
356 794 612 900 probitatem,
640 802 679 869 et
704 795 867 872 neantes
898 794 959 868 sai
983 792 1156 870 cornmodi
1183 795 1389 896 salutisque
1412 803 1547 901 gratia
1563 825 1629 878 ve·

112 903 114 908 ’
184 939 266 996 ram
287 917 501 1018 religionem
533 913 733 1014 accipiant.
767 908 945 989 Ceterum
962 904 1058 988 bella
1074 906 1111 988 in
1132 907 1309 991 barbaros
1325 909 1440 1014 istos,
1475 913 1529 996 uti
1544 945 1629 998 mo·

185 1053 250 1114 net
267 1035 540 1127 Democrates,
566 1048 759 1108 mansuete
781 1047 820 1107 et
846 1022 1045 1106 clementer
1071 1027 1236 1139 gerenda
1252 1052 1363 1128 sunt,
1392 1055 1556 1116 nectam
1574 1031 1624 1116 ad
1715 1023 1721 1030 ’

185 1148 420 1259 punitionem
447 1202 461 1246 ‚
492 1172 609 1256 quam
636 1140 941 1226 emendationem
982 1140 1241 1252 improborum
1280 1145 1520 1256 suscipienda.
1565 1155 1626 1234 De

185 1263 319 1374 justitia
337 1289 463 1349 autern
481 1261 519 1344 id
541 1288 660 1374 genus
683 1258 866 1342 bellorum
895 1257 1058 1360 minime,
1077 1257 1210 1371 inquit,
1226 1261 1475 1347 dubitandum
1490 1283 1630 1371 ,prae-

184 1391 317 1465 sertim
341 1383 534 1464 accedente
558 1374 757 1473 nummus
773 1383 928 1458 matrimi
944 1434 958 1481 ,
988 1384 1052 1490 qui
1068 1377 1215 1460 Christi
1230 1387 1338 1460 vices
1356 1389 1460 1486 gerit
1478 1442 1489 1486 ,
1504 1399 1629 1466 aucta-

184 1507 301 1583 ritate
318 1559 332 1603 ‚
349 1515 386 1582 et
393 1503 569 1607 justitiae
583 1497 667 1576 belli
683 1496 792 1602 brojas
809 1488 1113 1578 declaratione...
1148 1498 1251 1578 Nam
1267 1513 1307 1578 nt
1325 1499 1434 1606 bella,
1451 1525 1543 1604 qaae
1561 1529 1631 1582 an-

186 1633 285 1704 ctore
311 1621 397 1701 Deo
410 1631 520 1725 gesta
539 1629 625 1695 suut
640 1619 787 1715 multa,
813 1613 1010 1726 dequibus
1028 1627 1085 1694 est
1107 1620 1146 1694 iu
1167 1622 1292 1696 sacris
1308 1617 1479 1698 historiis
1500 1675 1512 1719 ‚
1531 1634 1543 1672 ¹
1566 1626 1628 1700 in·

178 1739 286 1844 justa
307 1762 390 1818 esse
415 1759 483 1816 non
507 1746 691 1840 possunt:
718 1738 777 1812 sic
791 1731 901 1836 justa
916 1756 996 1812 esse
1006 1745 1148 1838 putare
1162 1729 1237 1832 fas
1254 1747 1341 1835 est,
1372 1759 1464 1840 qaae
1489 1743 1620 1817 summi

185 1859 412 1954 sacerdotis,
432 1853 509 1931 Dei
525 1847 743 1954 Christique
769 1854 937 1952 vicarii,
961 1863 997 1930 et
1014 1855 1215 1956 apostolici
1229 1865 1380 1932 senatus
1396 1879 1570 1934 consensa
1589 1867 1627 1935 et

184 1973 448 2079 approbatione
460 1981 669 2076 geruntur,
696 1973 901 2074 praecipue
916 1991 1007 2070 qaae
1025 1973 1214 2068 pertinent
1230 1973 1281 2048 ad
1296 1969 1442 2050 Christi
1464 1986 1625 2076 praece·
1693 2059 1695 2062 ,

179 2104 289 2195 ptum
314 2091 567 2196 evangelicum
590 2087 876 2189 exsequendum.
916 2083 1019 2194 Quae
1046 2089 1123 2166 alia
1150 2111 1264 2166 cansa
1294 2102 1385 2187 est,
1419 2101 1455 2168 et
1480 2091 1626 2198 quidem

177 2209 425 2313 justissima,
455 2203 669 2286 turbellam
692 2205 782 2310 jure
806 2201 982 2282 barbaris
997 2206 1086 2282 istis
1109 2199 1247 2304 inferri
1272 2212 1408 2310 possit.

277 2328 483 2436 Postquam
512 2317 688 2434 probavit
720 2322 999 2420 Democrates,
1031 2347 1162 2401 omnes
1190 2319 1256 2432 qui
1282 2345 1385 2404 extra
1407 2319 1624 2436 religionem

189 2439 435 2524 Christianam
466 2460 685 2552 vagantur,
717 2434 778 2520 vel
804 2433 940 2519 invitos
968 2435 1239 2539 retrahendos,
1270 2459 1307 2520 et
1324 2437 1361 2520 in
1393 2437 1491 2524 viam
1523 2438 1625 2522 salu-

187 2559 232 2640 tis
249 2555 494 2642 deducendos
510 2612 524 2658 ,
538 2555 566 2636 si
592 2553 749 2637 velimus
777 2551 849 2668 legi
869 2577 1025 2637 naturae
1055 2581 1182 2664 parere
1199 2581 1242 2634 ac
1263 2553 1441 2659 Christ0,
1470 2555 1535 2670 qui
1556 2584 1627 2641 nos

188 2673 292 2786 jubet
322 2736 333 2778 ‚
363 2699 407 2758 ut
432 2700 531 2786 quae
553 2671 662 2754 nobis
693 2669 868 2754 volumus
899 2670 1070 2753 aceteris
1094 2669 1305 2754 hominibus
1337 2669 1413 2755 lieri
1446 2733 1459 2777 ,
1494 2674 1628 2758 eadem

194 2820 262 2875 nos
288 2791 340 2875 eis
365 2791 519 2877 vicissim
548 2786 752 2891 sociamus,
784 2815 900 2900 quam
922 2816 1107 2871 summam
1140 2788 1238 2870 idem
1263 2817 1340 2872 esse
1365 2788 1477 2874 tradit
1503 2789 1636 2904 legum

192 2908 431 3011 divinarum,
462 2905 511 2990 ad
534 2932 580 2989 ea
613 2905 815 3018 respondet
840 2931 1060 3019 argumenta
1095 2933 1228 3018 ,quae
1260 2906 1507 3018 aLeopoldo
1536 2905 1634 3016 obji-

193 3025 339 3110 ciuntur
366 3053 411 3110 ex
424 3024 629 3110 Servatoris
645 3022 762 3106 nostri
779 3045 816 3104 et
838 3021 1108 3133 Apostolorum
1126 3022 1295 3134 exemplo
1312 3023 1446 3134 petita,
1463 3023 1634 3146 aquibus

194 3143 316 3228 nullos
334 3143 491 3258 legimus
506 3140 554 3224 ad
571 3137 685 3225 fidem
702 3137 763 3224 vel
779 3137 827 3221 ad
844 3138 1081 3254 evangelium
1102 3134 1210 3223 luisse
1231 3165 1380 3224 coactos
1397 3141 1457 3226 vel
1472 3141 1635 3255 compul-

192 3291 262 3362 sos,
276 3259 342 3344 sed
359 3259 533 3344 invitatos
548 3255 755 3340 dumtaxat.
786 3260 887 3338 Tum
906 3255 954 3340 de
971 3256 1048 3366 jure
1064 3316 1076 3360 ,
1092 3284 1172 3369 quo
1188 3255 1251 3340 sibi
1269 3257 1426 3372 Hispani
1440 3259 1477 3342 in
1493 3262 1629 3344 Darba·

193 3406 251 3464 ros
266 3377 464 3495 imperium
478 3371 734 3479 vindicarunt,
749 3373 873 3488 paucis
900 3372 1052 3460 disserit.
1077 3375 1211 3490 Sitque
1232 3372 1312 3462 finis
1332 3392 1349 3432 ²
1371 3376 1632 3464 celeberrimae

1512 3523 1631 3612 quae·

236 3633 248 3672 1
291 3615 334 3674 D.
352 3615 477 3690 August.
498 3628 599 3672 contra
618 3609 766 3672 Faustum.

233 3711 250 3751 a
292 3696 456 3771 Leopoldus
469 3713 539 3766 quae
553 3713 570 3752 a
582 3695 757 3751 Democrate
776 3709 879 3768 magna
890 3693 1040 3752 vet-borum
1052 3713 1086 3754 ac
1098 3693 1305 3753 sententiarum
1317 3695 1461 3771 gravitate
1472 3693 1507 3750 de
1519 3690 1631 3768 justitia

197 3773 261 3830 belli
271 3775 352 3850 hujus
364 3775 443 3832 fuere
460 3777 624 3848 disputata,
639 3775 669 3828 in
692 3789 780 3846 pauca
799 3776 886 3829 verba
906 3778 1071 3850 contrahit,
1088 3779 1176 3850 digna
1196 3793 1356 3849 sane,quae
1370 3777 1424 3832 hue
1440 3775 1629 3830 adducantur:

195 3853 262 3924 „Si
280 3869 376 3929 recte,
397 3856 516 3929 inquit,
535 3855 632 3910 animo
652 3854 804 3926 superioris
822 3854 1024 3928 disputationis
1046 3873 1185 3912 summam
1205 3861 1398 3930 complector,
1417 3847 1630 3930 QUATUOR

193 3931 407 4006 „CAUSAS
433 3935 617 4006 explicuisti,
638 3949 671 3987 eu
700 3933 799 4004 quibus
818 3934 938 4008 singulis
964 3935 1068 3991 bellum
1089 3937 1125 3991 ab
1148 3934 1284 4009 Hispanis
1312 3935 1384 4009 juste
1415 3933 1539 3986 barbaris
1562 3929 1627 3986 istis
1735 3965 1737 3970 ·

196 4011 330 4084 „inferri
356 4015 436 4088 posse
450 4014 590 4069 videatur.
613 4010 826 4083 PRIMAM,
849 4013 1004 4085 quodcum
1026 4017 1086 4071 sint
1108 4029 1210 4070 natura
1233 4015 1307 4070 servi
1323 4052 1333 4083 ,
1352 4011 1462 4067 barbari
1478 4050 1489 4083 ,
1504 4011 1631 4080 inculti,

197 4131 218 4166 „
231 4105 258 4148 et
281 4093 452 4166 inhumani,
477 4091 722 4164 prudentiorum,
746 4093 912 4164 potiorum,
934 4091 1191 4167 perfectiorumque
1208 4093 1358 4165 imperium
1382 4105 1512 4147 recusant
1522 4130 1532 4161 ,
1552 4089 1627 4162 quod

197 4173 360 4248 „accipere
380 4173 516 4229 deberent
542 4171 577 4227 ad
606 4189 724 4243 magnas
744 4188 808 4226 suns
830 4175 1079 4246 commoditates,
1103 4185 1134 4228 ut
1159 4172 1263 4246 justum
1278 4185 1321 4228 est
1341 4187 1395 4242 ‚eo
1415 4171 1475 4244 jure
1499 4183 1630 4238 naturae,

203 4289 225 4322 ‚,
238 4267 291 4321 quo
310 4254 433 4309 materia
456 4249 588 4322 formae,
611 4267 713 4322 corpus
736 4251 874 4322 animae,
891 4253 1033 4322 appetitus
1057 4253 1185 4323 rationi,
1212 4251 1349 4306 animalia
1369 4251 1450 4306 bruta
1473 4263 1501 4306 et
1525 4251 1630 4320 imper·

202 4367 225 4402 „
238 4327 314 4388 fecta
332 4329 470 4404 perfectis
486 4343 517 4385 et
537 4332 649 4386 ratione
670 4329 815 4383 utentibus
825 4367 836 4400 ,
851 4329 993 4384 deteriora
1020 4331 1175 4404 potioribus
1197 4331 1302 4387 debent
1322 4371 1332 4402 ,
1356 4342 1386 4385 ut
1407 4329 1531 4400 utrisque
1557 4331 1631 4388 bena

201 4411 270 4482 „sit
289 4449 299 4481 ,
319 4413 516 4486 obtemperare
539 4427 546 4465 :
570 4409 617 4464 hie
638 4421 681 4464 est
701 4408 778 4461 enim
801 4409 871 4462 ordo
895 4411 1033 4465 naturalis
1054 4451 1065 4484 ,
1085 4427 1167 4484 quem
1192 4411 1291 4465 divina
1315 4425 1345 4464 et
1367 4421 1485 4463 aeterna
1502 4412 1547 4463 let
1564 4407 1632 4465 ubi·

199 4525 221 4560 „
234 4506 285 4560 que
302 4492 411 4546 servari
428 4489 515 4565 jubet.
540 4485 629 4562 Cujus
643 4487 803 4542 sententiae
828 4499 972 4544 auctorem
994 4491 1090 4546 citasti
1112 4507 1170 4545 non
1185 4493 1275 4545 solum
1297 4489 1507 4558 Aristotelem,
1529 4505 1584 4558 quo
1597 4503 1630 4546 ut

199 4605 221 4640 „
234 4569 354 4624 aliarum
377 4569 526 4625 moralium
548 4568 712 4636 virtutum,
732 4568 772 4622 sie
788 4565 914 4639 justitiae
933 4571 1095 4642 magistro,
1112 4582 1140 4626 et
1156 4585 1273 4626 naturae
1291 4573 1439 4642 legumque
1456 4569 1630 4626 naturalium

201 4645 222 4719 ²„
237 4649 422 4720 sagacissimo
445 4651 602 4718 interprete
623 4659 740 4702 utuntur
758 4659 786 4702 et
806 4645 965 4722 philosophi
986 4663 1014 4704 et
1036 4651 1160 4723 theologi
1188 4647 1427 4722 praestantissimi
1447 4685 1458 4718 ‚
1478 4645 1630 4704 sedetiam

202 4727 384 4796 „Thomam
407 4721 643 4784 scholasticorum
672 4727 869 4798 theologorum
889 4724 975 4784 facile
999 4730 1157 4801 principem
1180 4767 1191 4800 ,
1228 4727 1286 4802 ejus
1314 4741 1508 4782 enarratotem
1529 4739 1559 4782 et
1582 4745 1634 4784 ae·

201 4843 222 4875 „
234 4801 342 4862 mulum
363 4807 392 4862 in
411 4805 586 4882 explicandis
609 4817 727 4860 naturae
751 4805 882 4876 legibus,
904 4825 972 4880 quas
994 4825 1093 4864 omnes
1110 4825 1171 4862 esse
1194 4809 1330 4876 divinas,
1351 4819 1380 4861 et
1397 4805 1433 4860 ab
1450 4819 1568 4861 aeterna
1586 4812 1630 4864 le-

202 4889 223 4954 ’,,
236 4901 268 4956 ge
281 4903 401 4942 manare
415 4927 425 4958 ,
439 4890 645 4942 declaraveras.
669 4881 902 4941 ALTERAM
924 4902 1038 4943 causam
1055 4887 1202 4958 attulisti,
1225 4901 1255 4942 ut
1279 4889 1416 4940 tollantur
1440 4883 1568 4940 nefariae
1591 4887 1629 4939 li-

201 4999 223 5038 „
236 4964 372 5041 bidines,
389 4979 419 5025 et
437 4968 628 5026 humanarum
641 4967 787 5037 epularum
803 4976 971 5039 portentosa
986 4966 1106 5043 flagitia,
1126 4965 1226 5042 qulbus
1247 4965 1402 5040 plurimum
1415 4980 1510 5026 terum
1525 4977 1631 5021 natura
1732 4955 1744 4970 ⁸

1546 5041 1635 5117 „ulo-
