4368 5984
640 443 647 455 ’
681 443 805 518 'VITA
831 443 897 516 ET
920 444 1133 521 SCRIPTA·
1439 443 1616 528 XXXVII.
1649 443 1651 450 ’

189 543 337 636 adrem
361 543 695 634 facerevidentur.
728 543 869 630 Omnia
886 569 1014 630 tamen
1041 570 1120 632 tam
1144 543 1334 654 dilucide,
1367 571 1446 634 tam
1474 554 1638 670 copiose,

190 694 302 755 tanto
318 668 524 756 verborum
545 689 684 751 ornatu
710 686 941 779 pertractat,
962 689 1005 748 ut
1022 693 1069 749 ex
1096 665 1168 749 hac
1183 693 1260 749 una
1283 664 1540 757 lucubratione
1557 707 1642 763 ma·
1727 733 1728 738 κ

192 817 317 904 gnum
334 783 444 870 fuisse
467 783 692 899 theologum
710 781 960 896 Sepulvedam
977 778 1082 867 facile
1098 782 1426 898 deprehendatur.
1461 791 1641 884 Versatus

188 931 249 991 cst
264 903 383 990 etiam
400 903 438 988 in
462 903 534 988 hac
548 902 625 1018 ipsa
644 899 894 1014 disputatione
911 929 973 984 ma
1001 900 1038 984 ni
1054 899 1145 984 olim
1161 900 1321 986 nominis
1337 903 1538 1026 theologus
1559 907 1644 1002 Do'

192 1024 354 1108 minicus
382 1025 494 1107 Sorus
508 1019 784 1105 Dominicanus
800 1021 934 1134 scripta
954 931 1166 1110 dierectum
1199 1023 1245 1102 de
1260 1030 1405 1107 ratione
1433 1035 1583 1137 tegendi
1603 1050 1642 1121 ei

193 1145 393 1252 detegendi
421 1154 634 1241 secretum3
660 1135 812 1252 quaesi
837 1163 925 1221 cum
941 1137 1101 1222 auctoris
1129 1138 1245 1222 nostri
1271 1138 1423 1259 dialogo
1448 1174 1641 1262 compare·

186 1283 282 1365 rur,
316 1287 436 1344 nemo
452 1287 565 1343 sanus
588 1254 728 1372 primas
757 1254 990 1369 Sepulvedae
1014 1254 1114 1339 ultro
1131 1253 1398 1363 nondeferat,
1428 1286 1507 1348 tam
1539 1270 1640 1356 eninr

188 1377 316 1464 multa
330 1375 390 1461 ille
407 1376 588 1461 admiscet
603 1375 653 1456 ab
671 1396 899 1490 argumento
914 1403 984 1458 suo
1001 1372 1119 1457 aliena
1137 1377 1150 1478 ,
1181 1402 1226 1457 ac
1240 1373 1351 1486 plane
1368 1377 1489 1465 dicam
1506 1380 1639 1472 futilia.

191 1495 314 1582 Adde
330 1495 507 1580 rusticam
527 1493 627 1578 illam
642 1490 977 1608 scholasticamque
994 1489 1209 1606 disputandi
1239 1493 1453 1603 rationem,
1482 1529 1527 1584 ac
1563 1534 1644 1592 ver.

193 1615 333 1700 borum
365 1610 525 1717 sordes,
557 1637 657 1728 quae
689 1637 770 1694 non
795 1635 954 1725 possunt
980 1638 1063 1695 non
1091 1607 1290 1695 lectoribus
1315 1609 1583 1730 elegantiarum
1598 1653 1648 1711 a-·

170 1775 174 1784 ·
189 1732 386 1818 mantibus
401 1728 640 1817 stomachum
657 1756 813 1816 movere
829 1736 874 1812 ac
889 1728 1017 1814 bilem.

280 1851 436 1936 Eodem
453 1877 558 1935 anno
580 1856 706 1958 1538.
741 1845 815 1960 jam
847 1845 1046 1933 inclinante
1063 1909 1075 1953 ‚
1092 1876 1158 1933 seu
1185 1849 1260 1940 sub¹
1281 1850 1426 1938 initium
1441 1858 1642 1970 sequentis,

186 1993 234 2055 ut
257 1968 507 2082 conjicimus,
531 1964 669 2052 litteras
694 1980 708 2020 ¹
743 1961 846 2050 dedit
878 1966 928 2051 ad
952 1969 1215 2052 Contarenum
1248 1971 1458 2086 Sepulvcda
1482 1973 1643 2092 singula·-

187 2115 270 2172 rem
295 2087 476 2202 pietatem
508 2085 713 2201 spirantes.
751 2087 795 2168 ln
825 2080 867 2166 iis
891 2083 1062 2198 deplorat
1096 2085 1338 2204 vehementer
1365 2089 1643 2204 improbitatem

186 2205 249 2290 sui
260 2205 439 2320 temporis
454 2265 468 2312 ,
486 2213 525 2288 e'r
542 2205 639 2316 juste
655 2208 785 2288 Deum
808 2198 943 2286 iratum
959 2229 1036 2287 esse
1053 2203 1228 2289 ostendit.
1255 2206 1373 2318 Cujus
1398 2209 1450 2294 rei
1467 2237 1547 2296 non
1571 2215 1645 2299 ob-

191 2323 477 2429 scuraindicia,
506 2323 574 2408 sed
601 2315 795 2406 manifesta
810 2344 934 2404 essent
954 2318 1182 2407 documenta
1206 2323 1430 2429 schismata,
1461 2326 1642 2438 haereses,
1770 2345 1773 2352 ’

186 2441 495 2528 Christianorum
511 2439 724 2554 Principum
743 2436 888 2523 dissidia
904 2459 943 2521 et
961 2435 1132 2524 intestina
1147 2440 1243 2525 bella
1261 2503 1273 2546 ,
1291 2441 1426 2555 quibus
1443 2445 1544 2530 malis
1570 2449 1644 2561 jam

188 2557 341 2673 pridem
353 2558 542 2663 Ecclesia,
556 2587 601 2643 ac
614 2556 773 2644 omnino
789 2555 1012 2641 christianus·
1024 2557 1125 2644 orbis
1141 2559 1377 2644 continenter
1394 2557 1646 2651 afflictaretur.

183 2679 328 2774 Quare
342 2676 382 2761 in
396 2675 436 2762 id
451 2705 586 2764 omnes
601 2703 738 2764 nervos
755 2674 1008 2761 intendendos
1031 2677 1219 2789 putabat,
1239 2702 1282 2762 ur
1300 2677 1460 2792 primum
1474 2683 1646 2770 omnium

189 2795 434 2881 sacerdotum
459 2795 550 2883 vitia
571 2823 657 2882 tum
681 2792 853 2908 publice,
879 2819 964 2877 tum
992 2794 1104 2877 etiam
1138 2795 1309 2907 privatim
1336 2798 1646 2886 emendarentur.

190 2912 239 2999 Id
269 2914 381 3030 quod
397 2913 502 3000 brevi
519 2908 659 3000 faentm
675 2909 718 2996 iri
752 2910 950 3026 sperabat,
981 2939 1070 2996 curn
1082 2912 1219 2996 Paulus
1231 2918 1289 2997 111.
1306 2915 1513 3002 universale
1531 2947 1647 3006 sacer·

186 3027 333 3119 'dorum
349 3031 549 3119 concilium
568 3027 737 3116 indixerii
761 3053 931 3142 ternpore
959 3029 1117 3114 maxime
1133 3031 1337 3116 necessario
1363 3094 1375 3138 ‚
1394 3034 1568 3150 pacisque
1585 3039 1647 3122 in·
1664 3133 1667 3138 ,

190 3173 250 3236 ter
265 3149 500 3237 Christianos
521 3149 708 3265 Principes
725 3146 1019 3235 reconciliandae
1043 3175 1088 3232 ac
1102 3148 1387 3236 constituendae
1414 3177 1547 3238 auctor
1560 3152 1647 3240 firc-

188 3267 269 3354 rit.
304 3273 504 3356 Postremo
519 3271 784 3355 Contarenum
809 3291 972 3372 monet,
998 3291 1044 3353 ut
1073 3295 1159 3351 cum
1181 3267 1247 3383 piis
1276 3267 1353 3353 aliis
1379 3263 1463 3355 iiris
1489 3271 1648 3358 Pontifi-

186 3414 276 3474 cem
304 3387 503 3474 incitatum
516 3410 652 3503 sponte
682 3413 747 3472 sua
763 3386 813 3471 ad
842 3408 1040 3500 corruptos
1055 3415 1178 3471 mores
1194 3385 1451 3474 emendandos
1475 3391 1647 3478 hortetur
1706 3467 1713 3492 ,

190 3505 243 3590 ad
274 3507 461 3622 optimam
478 3533 603 3591 rerum
635 3502 959 3590 ecclesiasticarum
982 3503 1340 3591 administrationem
1363 3506 1645 3621 suscipiendam.

192 3623 290 3732 Qua
304 3633 346 3708 t'n
359 3652 434 3731 re,
464 3625 586 3740 inquit
616 3682 630 3728 ,
656 3631 692 3706 si
725 3626 923 3731 adessem,
954 3651 1010 3706 me
1039 3639 1255 3708 uestrorum
1277 3633 1510 3711 consiliorum
1539 3643 1650 3733 atque

192 3755 390 3828 erminum
415 3745 681 3828 admonitorem
707 3749 873 3852 ineptum
888 3739 1098 3860 sonasse,
1117 3739 1240 3840 fidum
1268 3759 1389 3828 tamen
1406 3772 1454 3828 ac
1485 3749 1650 3854 diiigen-

191 3875 301 3967 tem,
338 3878 375 3946 et
393 3863 476 3946 bam
488 3865 635 3972 publici
651 3864 858 3946 studiosum
873 3861 1075 3947 haberetis.

187 4021 195 4028 ·
289 3983 352 4064 Ex
377 4009 430 4066 eo
443 4003 616 4096 tempore
631 3977 721 4064 nihil
733 3976 920 4094 antiquius
933 3979 1103 4066 habuisse
1119 3979 1268 4067 videtur
1284 3977 1517 4093 Sepulveda‚
1534 4011 1653 4098 quarn

190 4123 240 4182 ut
256 4126 368 4182 suum
385 4099 482 4184 bene
498 4100 547 4184 de
566 4097 744 4218 religione
760 4097 928 4184 merendi
939 4100 1108 4186 studium
1132 4125 1247 4209 opere
1264 4121 1463 4212 praestaret
1483 4163 1494 4183 .
1519 4101 1652 4194 Quare

186 4238 303 4298 cum·
321 4215 479 4302 haberet
504 4245 576 4332 pro
602 4216 797 4330 explorato
810 4215 997 4300 Pontificis
1013 4213 1236 4301 auctoritate
1257 4217 1466 4301 concilium
1483 4219 1655 4303 sacerdo·
1712 4223 1719 4230 '

191 4355 283 4418 tum
300 4333 352 4418 ad
375 4335 552 4420 maximas
564 4333 748 4418 Ecclesiae
759 4333 1047 4418 commoditates
1063 4333 1185 4446 primo
1201 4341 1359 4450 quoque
1375 4359 1545 4448 tempore
1560 4357 1654 4421 con·
1758 4435 1761 4440 ¹

193 4474 433 4557 arcanarum,
459 4451 563 4538 haud
579 4450 645 4537 sibi
663 4450 812 4566 putavit
840 4450 879 4533 in
894 4475 1000 4536 tanta
1015 4451 1108 4538 boni
1114 4452 1259 4654 publici
1290 4451 1544 4538 studiosorum
1560 4454 1654 4540 soli-

195 4566 364 4656 citudine
392 4571 613 4656 cessandum
645 4597 762 4685 atque
794 4572 1045 4684 torpendum;
1075 4599 1112 4655 se
1156 4570 1295 4684 aliquid
1311 4571 1555 4676 conandum,
1571 4602 1654 4688 quo

192 4712 325 4804 posset
363 4687 835 4804 reipublicaeohristianae
864 4719 935 4807 pro
949 4689 1053 4778 'virili
1083 4689 1287 4798 inservire,
1304 4717 1375 4776 ceu
1402 4690 1494 4776 olim
1512 4685 1652 4777 fecerat

1577 4807 1654 4893 edi·

233 4989 251 5034 r
292 4959 478 5036 mertum
495 4963 847 5053 epistolasubcriprioue,
874 4987 973 5050 estque
992 4957 1124 5036 XXVII,
1141 4971 1211 5033 edii.
1238 4968 1330 5032 sulm.
1586 4975 1595 4996 ³
