4294 5972
548 367 634 489 306
910 389 1239 474 urs-anuos
1282 389 1517 474 casms

507 547 666 658 Italicis
701 543 973 664 consuleret,
1013 541 1235 645 infirmior
1270 543 1482 645 distractis
1519 537 1684 645 viribus
1720 542 1778 645 ad
1814 538 1982 653 bellum

495 693 818 800 Pannonicum
857 693 1128 816 redderetur.
1158 698 1294 789 Hunc
1318 689 1436 790 enim
1467 727 1605 832 paene
1636 725 1779 790 unum
1803 689 1981 830 petebat

510 840 800 977 Solymanus,
849 875 986 978 quem
1030 875 1082 934 ex
1134 833 1281 935 Princi
1316 831 1413 935 ibus
1455 831 1712 934 Christianis
1755 834 1980 940 metuebat

510 985 737 1104 maxime,
773 981 950 1123 suisque
986 974 1219 1082 conatibus
1256 872 1467 1082 obsistere
1503 1017 1626 1120 posse
1673 977 1980 1103 existimabat,

439 1221 464 1266 0
512 1128 770 1273 praesertim
815 1165 894 1268 per
940 1123 988 1225 id
1030 1161 1238 1264 tempus,
1287 1161 1382 1266 quo
1426 1122 1612 1225 Carolus
1648 1122 1764 1223 circa
1798 1162 1849 1222 ea
1881 1125 1980 1228 loca

513 1273 799 1392 morabatur,
835 1270 916 1412 qui
953 1305 1096 1371 sumta
1131 1266 1388 1388 Bononiae,
1426 1303 1476 1367 ut
1529 1267 1877 1370 demonstratum
1905 1305 1981 1392 est,

513 1461 540 1520 a
574 1419 806 1519 Clemente
842 1411 1055 1517 Pontifice
1091 1414 1298 1514 Maximo
1341 1449 1507 1546 corona
1541 1411 1871 1552 Imperatoria,
1907 1455 1979 1517 cu-

513 1572 582 1698 jus
617 1560 899 1705 potissimum
934 1599 1063 1660 causa
1100 1600 1153 1660 ex
1188 1556 1405 1698 Hispania
1440 1555 1489 1657 in
1524 1557 1696 1658 Italiam
1736 1557 1979 1702 navigave-

514 1713 615 1827 rat,
662 1740 706 1808 et
740 1704 867 1807 rebus
902 1705 1061 1808 Italicis
1105 1742 1211 1804 cum
1247 1741 1410 1845 magna
1444 1741 1543 1802 suae
1599 1700 1793 1835 justitiae
1833 1744 1885 1804 ac
1920 1704 1979 1804 li·

516 1850 752 1953 beralitatis
790 1847 931 1991 gloria
974 1846 1264 1988 compositis,
1306 1847 1355 1947 in
1391 1845 1676 1948 Germaniam
1710 1882 1977 1989 pervenerat,

514 1994 640 2136 siqua
675 1992 845 2094 ratione
897 2028 1041 2134 posset
1085 1989 1441 2092 Lutheranorum
1487 1992 1700 2094 tumultus
1742 2029 1847 2092 cum
1883 2029 1980 2092 ma-

515 2175 605 2282 gna
631 2138 768 2239 totius
797 2136 1053 2238 Germaniae
1088 2133 1278 2277 pernicie
1303 2129 1555 2277 frequenter
1581 2136 1829 2239 exsistentes
1858 2174 1982 2238 com-

514 2284 733 2423 primere,
770 2281 979 2423 ipsosque
1014 2281 1222 2382 reducere
1256 2279 1312 2381 ad
1348 2282 1604 2384 sanitatem.

588 2435 641 2526 ΙΙ.
715 2429 799 2527 Sed
836 2464 962 2525 causa
999 2424 1225 2566 religionis
1269 2424 1346 2525 diu
1384 2460 1427 2527 et
1461 2428 1654 2556 multum
1697 2426 1746 2528 in
1788 2463 1978 2528 conven-

515 2604 566 2670 tu
603 2579 932 2670 Germanorum
968 2566 1166 2710 agitata,
1193 2603 1442 2712 postquam
1482 2571 1590 2672 citra
1632 2570 1856 2716 publicam
1900 2605 1974 2670 to·-

514 2712 601 2812 tius
636 2710 848 2812 Ecclesiae
884 2710 1193 2816 auctoritatem
1215 2752 1321 2815 -non
1358 2752 1483 2855 posse
1506 2715 1741 2850 dijudicari
1769 2711 1864 2816 visa
1892 2749 1976 2834 est,

515 2855 753 2997 negotium
789 2855 931 2991 rejicit
967 2859 1013 2961 in
1047 2898 1286 2959 commune
1323 2857 1680 2964 Cluistianorum
1714 2859 1978 2962 Ecclesiasti-

515 3035 621 3100 cum
656 3001 941 3125 Concilium,
986 3038 1030 3103 et
1065 3003 1114 3104 in
1158 3003 1439 3128 Flandriam,
1488 3040 1738 3149 ceterasque
1779 3004 1977 3148 Belgicae

515 3142 680 3243 Galliae
716 3183 815 3244 suae
852 3147 1031 3247 ditionis
1067 3146 1268 3292 regiones
1304 3144 1359 3249 ad
1395 3185 1632 3252 conventus
1667 3149 1855 3296 agendos
1874 3145 1975 3292 pross

512 3284 739 3429 greditur.
777 3287 954 3413 Quibus
983 3292 1114 3397 'rebus
1149 3294 1259 3394 dum
1295 3330 1356 3396 est
1391 3333 1651 3436 occupatus,
1721 3293 1903 3397 ravibus
1930 3327 1978 3394 et

514 3430 770 3571 periculosis
807 3435 1009 3555 nuntiis,
1060 3435 1141 3572 qui
1178 3439 1233 3540 de
1274 3442 1524 3540 Turcarum
1567 3335 1760 3542 consiliis
1805 3475 1850 3540 et
1892 3438 1982 3540 im-

514 3609 664 3680 mense
699 3577 1031 3721 augescentibus
1075 3620 1129 3681 co
1164 3581 1216 3682 iis
1265 3620 1364 3686 tum
1389 3585 1689 3705 terrestribus,
1725 3619 1821 3686 tum
1845 3583 1984 3684 etiarn

515 3718 742 3822 navalibus
794 3724 997 3865 quotidie
1040 3619 1408 3868 perlirebantur,
1458 3725 1507 3830 in
1548 3729 1830 3832 Germaniam
1902 3767 1984 3830 cu-

515 3899 699 4007 ramque
733 3866 796 3967 rei
830 3866 1010 3971 bellicae
1047 3907 1304 3998 revocatur.
1342 3873 1560 3990 Quamvis
1578 3873 1740 3976 enim.
1764 3874 1821 3974 de
1863 3878 1984 3974 Tur·

515 4045 664 4109 carum
697 4011 886 4115 consiliis
922 4013 1171 4116 nihildum
1200 4013 1380 4120 haberet
1411 4020 1509 4120 satis
1537 4019 1836 4163 exploratum,
1876 4054 1984 4159 pru-

513 4150 692 4256 dentiae
725 4190 876 4259 tamen
909 4199 997 4262 esse
1032 4159 1247 4264 statuebat
1285 4157 1355 4266 'ob
1407 4163 1588 4308 periculi
1621 4161 1982 4306 magnitudinem

514 4297 571 4396 ad
617 4293 772 4401 ornnes
818 4342 940 4406 casus
993 4305 1176 4408 consilia
1222 4299 1525 4454 cbmpararea.
1539 4305 1670 4410 ¹¹hinc
1706 4305 1980 4448 'Principum

514 4445 839 4550 Germanorum
875 4447 1035 4550 animis
1070 4450 1126 4551 ad
1141 4521 1146 4535 ·
1163 4445 1355 4575 bellum,
1392 4454 1620 4585 siersistat
1632 4502 1656 4576 a
1678 4451 1980 4595 repellendum

512 4587 846 4728 praeparandis,
882 4587 991 4734 -inde
1026 4596 1228 4736 cogenda
1262 4598 1394 4698 classe
1435 4597 1492 4700 ad
1534 4599 1725 4703 Siciliam
1768 4633 1814 4698 ec
1853 4591 1983 4696 oram

511 4723 660 4834 ltaliae
695 4729 1046 4843 defendendam.¹
1084 4735 1251 4885 Itaque
1272 4731 1324 4845 eit
1359 4743 1576 4888 Hispania
1591 4743 1625 4877 ,ᾗ
1643 4741 1777 4850 Italia¹
1803 4775 1849 4844 et
1877 4735 1985 4843 siciss

392 4889 395 4897 s
508 4925 514 4940 .
989 4933 993 4941 ¹
1879 4881 1986 5000 pha,
