4284 5982
559 425 588 510 a
924 417 997 500 na
1024 417 1101 522 J0.
1134 415 1255 496 eru.
1284 413 1586 502 saauavrun'

532 561 630 638 „De
652 549 877 634 correctione
891 552 975 631 anni
990 571 1027 629 et
1042 549 1220 627 mensium
1234 549 1496 628 Romanorum.
1653 561 1655 566 ·

531 697 559 740 n
570 660 750 761 Dialogus
764 656 810 733 de
827 652 1027 756 appetenda
1041 651 1158 756 gloria
1174 705 1184 745 ,
1209 652 1276 752 qui
1291 652 1502 730 inscribitur
1516 649 1707 735 Gonsalut.

530 801 558 842 n
568 771 628 846 De
650 762 835 840 honestate
849 761 902 837 rei
916 759 1109 850 militaris,
1136 757 1202 858 qui
1217 757 1427 834 inscribitur
1442 759 1679 836 Democrates
1695 810 1706 850 ,
1733 755 1819 835 libri
1834 759 1904 844 111.

530 896 561 947 n
573 866 754 967 Apologia
773 888 839 965 pro
854 862 948 938 libro
973 861 1020 938 de
1041 857 1144 958 justis
1160 859 1245 937 belli
1257 861 1374 937 causis
1389 861 1547 960 suseepti
1569 881 1697 942 contra
1719 861 1838 940 Indos.

532 1007 559 1051 n
571 971 702 1050 Oratio
717 966 763 1045 ad
777 965 951 1046 Carolum
966 967 1013 1044 V.
1031 984 1073 1042 ut
1088 963 1225 1040 bellum
1238 963 1410 1060 suscipiat
1423 963 1460 1037 ln
1475 964 1628 1041 Turcas.

531 1109 558 1154 n
570 1076 749 1175 Dialogus
771 1068 817 1147 de
831 1071 970 1148 ratione
991 1066 1138 1145 dicendi
1172 1067 1419 1145 testimonium
1441 1067 1480 1145 in
1501 1068 1618 1146 causis
1644 1068 1877 1149 occultorum
1904 1071 1987 1152 cria

517 1207 521 1214 ·
638 1209 667 1253 n
677 1177 844 1265 minum,
873 1173 940 1272 qui
967 1172 1177 1249 inscribitur
1189 1166 1433 1270 Theophilus.

536 1316 564 1360 ss
574 1286 635 1362 De
648 1282 723 1356 ritu
739 1278 949 1375 nuptiarum
979 1297 1016 1352 et
1035 1273 1323 1375 dispensatione,
1351 1272 1438 1348 libri
1452 1266 1513 1350 ΙΙΙ.

536 1421 564 1463 n
575 1392 636 1465 De
650 1386 738 1462 Fato
753 1402 791 1457 et
807 1379 921 1456 libero
936 1377 1087 1454 arbitrio
1103 1396 1230 1454 contra
1243 1372 1448 1452 Lutherum
1463 1427 1474 1467 ,
1498 1374 1582 1451 libri
1597 1375 1658 1456 ΙΙΙ.

537 1485 824 1588 „Antapologia
836 1505 904 1584 pro
918 1481 1075 1560 Alberto
1099 1479 1167 1558 Pio
1195 1478 1343 1557 Comite
1372 1477 1547 1580 Carpensi
1560 1481 1601 1557 ln
1631 1482 1830 1561 Erasmun
1843 1503 1874 1550 te

715 1879 1058 2029 'EJUSDEM
1121 1881 1541 1990 saturarum
1598 1882 1760 1990 vna.

957 2117 1036 2188 EX
1080 2116 1199 2191 NIC.
1246 2115 1558 2190 ANTONIO

693 2317 696 2324 “
770 2369 775 2378 ·
818 2319 1002 2408 Bibliotlr.
1047 2321 1164 2438 Hisp.
1204 2347 1295 2410 nov.
1331 2335 1361 2408 t.
1412 2343 1452 2405 r.
1490 2333 1536 2438 p.
1584 2345 1720 2436 533..

538 2533 736 2718 JOannes
770 2604 945 2686 Genesius
979 2603 1025 2685 de
1054 2604 1283 2710 Sepulveda,
1308 2605 1591 2700 Cordubensis,
1628 2603 1816 2710 quomodo
1851 2605 1984 2690 audite

538 2719 617 2812 ipse
639 2712 686 2789 ab
710 2711 800 2787 urbe
823 2708 967 2788 amabat
998 2712 1148 2805 inclita,
1176 2712 1217 2788 δι
1244 2711 1345 2813 quod
1370 2708 1451 2809 ¹ejus
1480 2709 1628 2790 ditionis
1656 2715 1703 2787 sir
1731 2711 1981 2791 Putalbanum
2046 2734 2053 2748 ·

536 2817 667 2918 (Pozo
683 2813 815 2889 blanco
841 2813 1031 2892 vernacula
1057 2813 1437 2918 lingua),patrium,
1465 2833 1507 2892 ut
1531 2813 1737 2905 credimus,
1764 2811 1840 2911 ejus
1870 2816 1983 2914 oppi-

536 2921 625 2996 dum
650 2918 689 2994 in
713 2935 833 2994 tractu
860 2916 958 3008 illo,
993 2939 1105 3017 quem
1132 2940 1154 2995 a
1186 2919 1459 3019 propInquitate
1487 2915 1651 2995 laudatae
1676 2917 1802 3011 urbis,
1828 2918 1869 2996 &
1895 2940 1983 3018 pro-

537 3044 618 3127 pter
640 3018 801 3120 lapidum
829 3020 998 3119 coplam,
1025 3021 1105 3096 Lus
1133 3021 1342 3098 Pedroches
1369 3021 1414 3097 de
1437 3019 1607 3098 Corduba
1635 3022 1769 3124 vulgus
1807 3021 1983 3120 appellata

537 3126 601 3208 cui
637 3121 786 3224 quidem
813 3123 947 3200 tractui
978 3124 1051 3200 suis
1083 3125 1159 3223 ipse
1192 3125 1434 3224 inscriptis,
1465 3125 1731 3225 praecipueque
1761 3124 1800 3198 in
1824 3123 1984 3222 epistola

539 3227 658 3311 XLV.
678 3224 724 3305 ad
746 3223 1005 3303 Fetdinandum
1027 3226 1194 3305 Nonium
1220 3228 1427 3305 Pintianum
1455 3251 1528 3304 non
1554 3227 1709 3306 obscure
1732 3224 1864 3304 natales
1893 3247 1984 3304 suos

538 3330 670 3410 debere
701 3326 918 3429 profiteturs
944 3329 1041 3408 circa
1073 3353 1209 3408 annum
1244 3331 1301 3410 NL
1324 3329 1544 3408 CCCCXC
1576 3327 1737 3407 honestis
1768 3329 1984 3428 parentibus

539 3435 686 3524 editur,
711 3429 941 3522 studiorum,
966 3455 1061 3532 quae
1082 3433 1267 3526 excoluit,
1294 3435 1440 3510 nomine
1463 3429 1563 3510 haud
1582 3434 1702 3511 minus
1722 3433 1865 3510 civibus
1888 3431 1981 3522 suis,

450 3615 452 3620 .
540 3561 652 3641 quam
675 3535 804 3612 exteris
825 3534 972 3611 sublimi
999 3533 1159 3635 quodam
1185 3536 1268 3614 loco
1294 3559 1433 3636 semper
1457 3531 1654 3615 habendus.
1676 3533 1987 3636 Compluti'ope·

538 3665 617 3720 ram
641 3637 763 3716 Xanto
786 3659 850 3715 seu
872 3637 1002 3716 Sanclo
1026 3637 1216 3716 Mirandae
1241 3636 1463 3738 Philosopho
1488 3661 1530 3716 ac
1556 3637 1751 3742 Theologo
1774 3637 1908 3716 exiqu
1942 3639 1984 3714 in

538 3742 708 3843 Physicis
732 3737 903 3833 dedisse,
935 3761 1128 3843 postquam
1143 3743 1400 3821 Grammaticis
1429 3738 1554 3819 fuisset
1583 3745 1622 3819 in
1649 3743 1767 3842 patria
1799 3740 1981 3832 imbutus,

541 3846 688 3970 dicitur.
718 3843 802 3966 Nec
825 3863 1016 3922 contentus
1045 3845 1082 3919 ln
1110 3845 1329 3966 Seguntinae
1362 3843 1488 3962 urbis,
1514 3843 1555 3919 δι
1568 3844 1788 3923 Academiae
1811 3843 1985 3946 Collegio

542 3971 728 4140 irriti}
747 3945 1985 4152 ili’rigililltitlballatliiiitli’tilheri

542 4157 713 4247 lescentes
741 4150 892 4229 celebris
919 4172 1000 4230 toto
1024 4151 1115 4230 orbe
1137 4151 1356 4232 Academiae
1385 4170 1522 4254 partem
1551 4149 1649 4230 lmud
1679 4147 1986 4230 contemnendam

541 4254 797 4346 constituunt,
823 4255 1028 4356 cogitavit,
1055 4255 1266 4359 delegitque
1300 4278 1368 4356 pro
1402 4277 1565 4335 mercatu
1602 4256 1767 4332 omniunt
1803 4253 1985 4332 bonarum

541 4363 701 4444 artiumr
731 4355 777 4434 ad
837 4381 899 4435 uas
931 4382 1017 4436 cum
1053 4361 1193 4464 ingenii
1226 4383 1380 4454 nervos,
1409 4380 1490 4438 rum
1526 4359 1685 4439 actiones
1723 4379 1873 4451 omnes,
1903 4355 1987 4433 sine

544 4465 617 4544 ulla
641 4483 784 4560 prorsus
808 4380 1053 4557 deductione,
1080 4463 1273 4544 contulisse
1302 4481 1381 4541 roro
1413 4467 1511 4544 virae
1545 4487 1631 4540 suae
1668 4482 1830 4561 tempore
1864 4457 1987 4540 videri

544 4562 1077 4665 voluit.1ngymnasiiist1us
1112 4568 1195 4646 luce
1225 4589 1404 4644 sacrarum
1436 4568 1636 4644 litterarum
1654 4566 1701 4643 ¹&
1730 4559 1991 4665 Philosophiae

545 4670 711 4774 graviora
733 4667 852 4743 studia
873 4667 1011 4745 Graece
1032 4689 1147 4771 atque
1162 4669 1316 4762 Latine,
1344 4668 1444 4769 quod
1468 4671 1690 4768 paucissimis
1716 4669 1897 4770 contigit,
1921 4689 1990 4744 ae*

545 4795 620 4874 que
650 4768 832 4849 excoluitr
863 4791 929 4848 nec
964 4771 1083 4849 minus
1117 4772 1164 4850 ab
1198 4771 1403 4871 eloquentia
1434 4773 1600 4876 vigorem
1639 4773 1710 4849 illis
1751 4791 1789 4849 et
1829 4771 1987 4860 cultum,

544 4877 655 4956 decus
693 4893 782 4952 vero
816 4870 889 4965 sibi
918 4895 961 4954 ac
989 4874 1206 4979 praesidium
1249 4874 1570 4982 celebritatemque
1610 4873 1847 4978 comparavit.
1867 4870 1986 4951 'Ade-

1876 4995 1962 5078 ptus
