4294 5972
623 375 967 462 CAROLIV.
1016 377 1130 461 LIB
1183 308 1234 462 Χ
1509 391 1597 478 311

181 537 539 662 existImabatur,
571 579 715 685 neque
738 540 989 643 necessitate
1027 572 1242 682 cogente,
1264 575 1346 640 ncc
1373 533 1644 649 interceden-

181 733 224 798 te
261 733 411 812 causa,
448 727 561 829 quae
598 685 892 830 legationes
879 721 996 788 rnter
1032 683 1148 827 ipsos
1184 722 1353 825 praeter
1395 727 1570 791 morem
1606 727 1648 797 et

181 834 555 999 approbationem
575 831 945 953 Christianorum,
961 829 1041 932 tali
1058 831 1312 970 praesertim
1329 866 1543 976 ternpore,
1570 876 1650 981 po

176 984 390 1102 mulctet,
430 982 508 1083 sed
543 977 845 1081 instimulante
873 990 1047 1141 Regem
1074 1015 1168 1076 non
1189 976 1343 1079 dolore
1372 1011 1544 1083 tantum
1564 1025 1652 1086 sae

176 1169 235 1272 pe
271 1125 447 1270 repetiti
481 1124 697 1243 vulneris,
732 1121 915 1224 multis
897 1161 1040 1265 rpsrus
1069 1119 1324 1224 exercitibus
1354 1160 1429 1265 per
1451 1124 1648 1232 ducesa

181 1272 349 1376 Carolo
385 1269 619 1392 deletis,
607 1307 794 1410 ipsoque
833 1267 889 1368 ad
933 1267 1148 1370 Ticinum
1190 1302 1320 1410 capto
1377 1305 1510 1411 atque
1546 1271 1650 1376 inde

173 1416 230 1521 in
265 1414 535 1579 Hispaniam
570 1413 815 1554 perducto,
867 1414 941 1513 sed
988 1412 1122 1512 eriam
1168 1448 1293 1513 metu
1344 1416 1566 1554 potentiae
1606 1452 1649 1522 et

180 1559 454 1664 auctoritatis
497 1557 650 1662 Caroli
697 1557 839 1701 magis
882 1555 930 1657 in
967 1557 1060 1658 dies
1096 1556 1395 1699 augementis,
1429 1599 1564 1700 quam
1601 1596 1651 1664 ut

180 1748 263 1808 suo
298 1717 462 1848 Regno
499 1740 646 1806 tutum
684 1742 773 1804 esse
810 1733 1072 1846 reputarem
1104 1701 1256 1842 itaque
1292 1700 1495 1806 cohiberi
1535 1704 1648 1808 illius

178 1850 453 1954 incrementa
504 1882 547 1949 et
598 1887 704 1992 opes
757 1886 1041 2010 quacumque
1078 1844 1247 1945 tatione
1296 1846 1442 1950 minui
1473 1888 1649 2010 cupere

181 1995 334 2096 Gallus
370 1989 633 2154 putabatur.
672 2002 825 2112 Quam
861 1991 1182 2130 suspicionem
1201 1988 1380 2091 adauxit
1426 1990 1562 2096 etiam
1599 2033 1647 2096 e-

182 2139 357 2272 jusdem
392 2134 532 2278 Regis
566 2137 623 2237 ad
658 2135 848 2236 Caesaris
884 2133 1158 2275 legationem
1192 2168 1485 2272 responsum.

255 2290 351 2385 VII.
426 2279 610 2382 Carolus
647 2279 800 2397 enirn,
837 2278 966 2378 simul
1002 2312 1136 2416 atque
1164 2273 1397 2439 Solynrani
1416 2276 1652 2382 consilium

181 2422 455 2527 Christianos
493 2422 612 2525 bello
647 2422 882 2523 lacessendi
917 2462 969 2520 ex
1007 2412 1330 2582 prqfectione
1317 2417 1453 2559 tpsius
1488 2423 1650 2564 cogni·

182 2604 282 2669 turn
319 2605 412 2688 est,
449 2561 552 2669 licet
587 2564 758 2667 Italiam
796 2607 851 2668 an
885 2565 1163 2667 Pannoniam
1200 2562 1501 2704 superiorem,
1541 2575 1652 2668 Ger·

181 2711 469 2852 moniamque
504 2743 698 2852 peteret,
733 2708 1044 2829 dubitaretur,
1079 2707 1322 2849 legationes
1363 2710 1421 2810 ad
1460 2708 1654 2810 Francis-

182 2894 288 2957 cum
311 2855 565 2974 Gallomm‚
600 2853 938 2995 Henricumque
974 2854 1279 2954 Britannorum
1313 2862 1462 3013 Reges
1498 2851 1652 2974 mittit,

181 3036 228 3103 et
263 3040 335 3104 eos
372 3001 427 3100 de
461 3006 710 3100 Turcarum
754 3000 949 3101 adventu
993 3035 1037 3098 et
1082 2994 1387 3138 magnitudine
1422 2994 1653 3097 hostilium

181 3146 416 3284 copiarum
442 3143 647 3245 certiores
673 3136 806 3263 facit,
843 3182 1083 3246 commune
1114 3139 1359 3304 periculum
1385 3180 1473 3240 esse
1493 3142 1648 3264 docet,

181 3286 277 3390 sive
312 3288 479 3390 Italiam
516 3285 661 3390 hostes
697 3324 922 3429 peterent,
957 3286 1051 3388 sive
1086 3285 1402 3388 Germaniam.
1444 3290 1568 3386 Nam
1586 3283 1650 3385 al·

182 3466 347 3535 terutra
381 3429 597 3534 debellata
631 3433 889 3567 Solymanus
924 3441 1070 3534 Rex
1056 3428 1224 3564 juvenis
1267 3465 1311 3529 et
1357 3464 1650 3590 praepotens,

183 3576 350 3718 gloriae
386 3611 522 3717 atque
556 3577 773 3717 regnandi
808 3575 1144 3741 cupidissimus,
1182 3573 1350 3738 quique
1376 3613 1469 3674 uno
1493 3570 1649 3673 nomi·

182 3758 241 3820 ne
277 3718 550 3823 Christianos
588 3761 743 3823 omnes
780 3723 942 3824 odisset
956 3799 971 3843 ,
1017 3721 1090 3822 coi
1125 3719 1354 3880 quieturus
1390 3757 1477 3817 esse
1520 3715 1649 3816 vide-

184 3891 336 3964 ιειιιι>
369 3865 490 3968 Vires
511 3864 860 3970 Christianorum
855 3866 1144 4032 Principum
1172 3901 1215 3966 et
1249 3861 1506 3982 nationum,
1536 3897 1650 4021 quae

184 4005 426 4150 singulae
414 4051 461 4110 ιιι
496 4011 713 4133 dissidio,
752 4013 890 4154 siquis
925 4012 1051 4113 bono
1088 4003 1360 4169 publico
1295 4042 1486 4146 privatas
1510 4002 1650 4104 ratio·

183 4189 260 4252 nes
309 4151 584 4274 anteferret,
637 4157 776 4319 objici
824 4165 1075 4256 Turcarum
1120 4188 1261 4315 copus
1311 4148 1400 4252 sine
1449 4146 1649 4252 maximo

184 4334 265 4396 suo
301 4287 497 4439 periculo
549 4300 813 4442 nequirent,
855 4307 1112 4430 conjunctas
1153 4295 1200 4398 in
1234 4293 1475 4396 eoncordia
1478 4292 1652 4458 longe

182 4429 282 4544 fore
316 4443 585 4582 superiores.
629 4444 823 4548 Proinde
859 4441 1047 4563 hortari,
1086 4477 1137 4544 ut
1177 4440 1228 4541 in
1260 4438 1491 4543 communi
1527 4435 1650 4580 peri·

180 4586 289 4686 ‘culo
340 4584 562 4727 publicam
606 4589 836 4732 religionis
888 4585 1190 4751 libertatisque
1237 4582 1508 4687 Christianae
1544 4619 1652 4685 cau-

184 4765 281 4891 sam
321 4731 631 4874 susciperent3
674 4773 721 4834 se
769 4737 830 4838 ita
873 4773 962 4834 esse
996 4731 1149 4834 animo
1178 4761 1428 4876 paratum,
1474 4759 1524 4830 ut
1563 4763 1650 4866 pro

180 4925 184 4932 ’
279 4915 284 4926 ·
1562 4879 1651 4970 Re-
