4284 5982
551 350 685 454 extr.-
855 341 1159 428 srnucvrnns
1182 345 1303 428 vrrs
1327 350 1400 427 st·
1420 346 1636 436 scruta:

526 475 647 568 deret.
671 475 735 566 Ut'
748 475 877 567 autern
892 473 1000 594 liujus
1014 477 1131 568 animi
1153 479 1298 571 virtutis
1320 501 1503 598 perpetuo
1529 467 1750 569 duraturum
1776 475 1832 571 ad
1849 474 1982 600 poste⁴

527 629 589 686 ros
603 598 856 684 testimonium
871 598 1172 705 transmitteret,
1200 599 1662 698 subinitiumrestamenri
1689 597 1882 716 professus
1906 629 1979 710 est,

527 715 620 804 nihil
647 716 713 802 sibi
732 713 841 804 fuisse
855 716 1070 832 antiquius,
1102 746 1218 833 quam
1234 741 1276 802 ut
1296 745 1413 832 opera
1426 747 1493 802 sua
1509 718 1667 804 aliorum
1689 747 1875 805 censurae
1893 749 1976 834 per·

524 835 717 941 mitteret,
744 863 793 922 ne
815 835 876 924 vel
903 834 1118 948 imprudens
1138 835 1322 920 tantillum
1338 864 1361 920 a
1376 863 1465 922 vera
1481 834 1685 952 religione,
1712 865 1836 954 quarn
1852 839 1994 924 omni⁴¹

526 953 598 1047 bus
624 953 733 1038 rebus
757 953 822 1039 sibi
853 951 1042 1067 potiorem
1058 955 1250 1055 ducebat,
1280 953 1477 1038 aberraret.

615 1070 788 1156 Veritatis
812 1070 1104 1156 amantissimum
1132 1067 1241 1157 fuisse
1268 1069 1499 1175 Genesium,
1526 1070 1653 1186 etipse
1666 1098 1746 1158 non
1762 1071 1885 1158 semel
1914 1095 1977 1160 te·

527 1209 645 1276 satur
661 1249 675 1292 ,
694 1213 733 1275 et
748 1189 953 1274 ostendunt
967 1187 1046 1299 ejus
1060 1215 1173 1302 opera
1188 1217 1201 1290 ς
1219 1217 1307 1272 nam
1325 1217 1396 1273 nec
1415 1187 1564 1274 Caesari
1580 1187 1647 1302 ipsi
1661 1189 1858 1276 blanditur
1874 1250 1887 1296 ‚
1903 1217 1976 1276 nec

528 1335 628 1422 quae
652 1333 677 1388 a
702 1305 785 1393 viris
818 1305 1041 1422 principibus
1072 1336 1152 1392 non
1187 1331 1287 1392 recte
1317 1304 1494 1410 fiebant,
1522 1306 1735 1393 dissimulat.
1775 1307 1846 1392 De
1881 1335 1974 1393 mo-

526 1454 611 1510 rum
636 1425 821 1539 probitate
851 1485 863 1528 ,
895 1446 1048 1511 nonest
1068 1423 1178 1540 quod
1207 1423 1418 1510 dubitemus
1453 1482 1465 1529 ,
1499 1451 1588 1507 cum
1604 1425 1800 1512 videamus
1828 1482 1857 1530 ,.
1876 1453 1978 1514 eum,

529 1569 599 1629 nec
620 1567 858 1659 arrogantem
874 1537 1011 1647 luisse,
1036 1569 1107 1626 nec
1122 1542 1343 1646 bonorum,
1373 1564 1439 1626 aut
1466 1540 1679 1628 divitiarum
1708 1567 1970 1656 appetentem.

527 1664 720 1746 Praeterea
754 1659 914 1745 muneris
946 1659 1001 1744 sui
1020 1660 1213 1778 diligenter
1244 1656 1470 1776 exsequendi
1499 1658 1600 1744 adeo
1624 1684 1705 1745 erat
1722 1689 1726 1700 ¹
1744 1659 1969 1764 studiosus,

528 1805 572 1865 ur
600 1799 678 1863 rem
704 1777 870 1864 divinam
892 1777 1006 1861 etiam
1035 1778 1074 1860 in
1103 1801 1292 1864 senectute
1319 1775 1499 1863 Mercurii
1521 1773 1755 1884 etVeneris,
1787 1773 1972 1893 festisque

528 1896 658 1982 diebus
673 1891 836 1998 faceret,
861 1894 927 1979 nisi
944 1891 1042 1980 forre
1063 1894 1301 2009 impediretur
1317 1895 1472 1981 adversa
1503 1894 1719 1981 valetudine
1736 1957 1748 2000 ,
1780 1895 1969 2010 quemad·

529 2012 690 2098 modum
726 2014 899 2126 scriptum
925 2012 1069 2126 reliquit
1096 2012 1144 2095 ad
1173 2019 1380 2127 Gasparem
1409 2011 1585 2096 Castrum
1621 2009 1776 2127 epistola
1800 2016 1854 2097 C.
1892 2009 1970 2097 edi·

528 2130 638 2214 tionis
654 2129 863 2216 Salmantic.
891 2132 929 2215 in
960 2159 1037 2244 qua
1054 2131 1172 2216 multa
1188 2157 1315 2217 noster
1330 2125 1438 2216 affert
1460 2127 1507 2214 de
1524 2159 1590 2216 sua
1606 2130 1758 2216 vivendi
1789 2131 1967 2233 ratione,

531 2246 579 2332 de
594 2243 760 2353 familia,
790 2277 835 2332 ac
856 2249 903 2334 dt
930 2249 1135 2333 sumtibus:
1166 2277 1213 2333 ex
1238 2275 1358 2363 eaque
1384 2247 1555 2333 discimus
1573 2309 1586 2354 ,
1604 2247 1859 2362 Sepulvedam
1877 2246 1967 2333 Ble-

528 2365 667 2450 tissensi
683 2366 1052 2480 Archipresbyteratu
1075 2363 1184 2452 firisse
1208 2390 1375 2452 auctum.
1405 2369 1497 2460 Qua
1513 2366 1709 2452 occasione
1732 2393 1815 2450 non
1841 2393 1967 2480 possu-

520 2512 614 2572 ‚ruus
629 2544 642 2588 ,
663 2483 756 2598 quin
771 2513 902 2569 eorum
920 2483 979 2568 hic
1013 2509 1186 2570 notemus
1201 2512 1366 2570 errorem
1383 2544 1396 2590 ,
1422 2483 1488 2599 qui
1503 2482 1741 2569 Canonicum
1757 2478 1871 2568 fuisse
1886 2487 1962 2568 Ge·

530 2600 675 2684 nesium
692 2626 861 2686 nostrum
878 2599 1120 2689 salmanticae
1139 2663 1152 2705 ,
1176 2627 1292 2717 atque
1309 2601 1348 2685 in
1378 2629 1424 2687 ea
1456 2601 1548 2687 urbe
1564 2601 1663 2689 diem
1679 2626 1892 2688 extremum
1912 2597 1964 2688 vi·

531 2717 651 2820 disse,
670 2717 773 2802 nullo
797 2717 938 2804 idoneo
954 2745 1047 2805 teste
1079 2719 1277 2824 adhibito,
1298 2717 1494 2806 tradidere.

619 2841 748 2952 Atque
768 2837 858 2921 haec
883 2837 1036 2950 quidem
1056 2838 1105 2923 de
1129 2834 1181 2923 Se
1206 2837 1462 2924 ulvtdaevita
1485 2861 1526 2924 et
1547 2837 1684 2950 scriptis
1708 2839 1963 2938 dictasunto;

530 2952 599 3070 qui
620 2983 707 3037 sane
723 2981 810 3038 cum
833 2954 1004 3039 omnium
1019 2953 1154 3067 judicio
1170 2870 1280 3048 litent
1295 2951 1449 3070 scriptor
1471 2955 1567 3042 inter
1589 2955 1777 3070 Hispanos
1799 2958 1857 3042 sui
1872 2981 1966 3041 tem·

532 3071 632 3186 poris
653 3070 994 3186 eloquentissimus,
1019 3072 1243 3190 Theologus
1265 3098 1460 3188 ‘praestans
1490 3129 1505 3178 ,
1530 3073 1746 3190 Philologus
1775 3074 1815 3159 in
1842 3072 1965 3188 primis

532 3189 957 3293 .eruditus,.Hisroricus
982 3189 1166 3307 diligens,
1186 3191 1243 3278 vir
1256 3191 1418 3307 denique
1442 3191 1561 3303 prisco
1582 3190 1749 3277 candore
1774 3218 1816 3278 et
1838 3191 1963 3306 probi·

531 3330 611 3394 tate
629 3307 801 3420 insignis,
829 3330 868 3392 et
889 3305 1008 3422 siquid
1036 3309 1087 3394 ad
1111 3337 1191 3392 rem
1214 3308 1397 3423 plerisque
1426 3307 1517 3394 illius
1541 3308 1624 3396 aevi
1646 3309 1864 3396 doctissimis
1896 3309 1963 3392 ho·

534 3423 721 3512 minibus:
745 3425 843 3510 adde
858 3423 992 3529 etiam,
1010 3423 1239 3511 Primotibus
1255 3425 1497 3530 necessarius,
1513 3451 1629 3541 arque
1650 3426 1690 3511 in
1710 3427 1795 3512 aula
1814 3433 1962 3543 Regum

535 3565 751 3628 nostrorum
772 3541 916 3630 tamdiu
930 3544 1331 3650 versatus,CaroloV.
1345 3571 1384 3629 et
1406 3543 1576 3658 Philippo
1588 3549 1633 3631 ll.
1647 3543 1963 3660 acceptus;mira·

538 3658 568 3744 ri
596 3660 679 3745 satis
701 3689 782 3744 non
807 3689 1001 3774 possumus
1017 3661 1140 3747 virum
1170 3687 1232 3748 tot
1251 3661 1388 3778 ingenii
1412 3687 1527 3777 arque
1552 3662 1751 3750 industriae
1770 3663 1962 3774 adjumetu

534 3774 580 3862 tis
594 3778 813 3864 instructum
828 3837 842 3882 ,
858 3778 906 3862 ab
922 3804 969 3861 eo
984 3803 1109 3864 tamen
1126 3803 1320 3894 tempore,
1340 3808 1419 3894 quo
1435 3782 1573 3864 Caesar
1586 3780 1663 3895 ipse
1678 3781 1883 3866 Genesium
1897 3775 1962 3862 sibi

534 3893 888 4011 Historiographum
919 3920 1054 4000 sponte
1084 3922 1214 3983 suaet
1245 3896 1335 3982 illius
1362 3897 1553 3984 doctrinae
1581 3919 1672 3983 tunc
1697 3896 1857 4010 primum
1887 3895 1963 3980 dus

534 4013 709 4096 cescentis
745 4009 845 4096 fama
881 4037 1094 4100 commotus
1115 4015 1254 4132 delegit
1281 4019 1425 4102 Romae
1462 4043 1566 4098 anno
1600 4016 1659 4100 Ma
1684 4018 1741 4100 Da
1763 4013 1932 4098 XXXVl
1944 4067 1959 4114 ,

533 4123 730 4214 fortunam
747 4158 855 4214 suant
878 4129 941 4217 vix
969 4130 1234 4245 amplificasse,
1265 4132 1357 4246 quin
1373 4133 1493 4219 immo
1520 4132 1708 4218 laboribus
1728 4157 1876 4218 tanum
1902 4125 1961 4215 vi·

535 4247 705 4362 giliisque
735 4245 1000 4332 inlitteratum
1037 4251 1162 4336 studio
1188 4249 1360 4368 gnaviter
1400 4251 1628 4343 exantlandis
1658 4273 1697 4336 et
1733 4249 1960 4334 inimicorum

536 4363 727 4457 calumniis
762 4393 901 4480 magna
933 4365 1046 4449 animi
1076 4369 1333 4455 moderatione
1362 4367 1576 4483 repellendis
1600 4396 1666 4482 pec
1692 4369 1777 4452 XL.
1804 4361 1879 4452 lete
1903 4392 1960 4449 er·

431 4583 435 4589 ἱ
534 4505 679 4569 tremos
695 4481 794 4568 vitae
809 4513 928 4567 annos
943 4479 1164 4596 superfuisse
1194 4487 1314 4570 visum
1335 4483 1468 4572 luisse.
1498 4485 1771 4574 ndeomum
1789 4509 1845 4596 est
1861 4483 1960 4587 ,ho
1993 4513 2005 4527 ··

536 4597 676 4687 minem
710 4628 819 4712 supra
856 4603 1027 4716 aequales
1062 4633 1148 4688 suos
1187 4603 1389 4716 sapientem
1424 4605 1475 4689 ita
1499 4633 1537 4689 se
1567 4633 1722 4722 gerere,
1752 4626 1796 4688 ut
1815 4625 1960 4716 postea-

537 4745 654 4832 quam
690 4717 897 4810 doctrinam
928 4745 966 4804 et
998 4749 1120 4808 mores
1152 4719 1239 4808 suo's
1270 4721 1389 4807 doctis
1428 4723 1570 4840 piisque
1610 4723 1695 4813 viris
1724 4716 1959 4838 probaverit,

534 4831 749 4925 invidorum
770 4836 882 4924 eriam
900 4836 1138 4930 acerbitatem
1160 4838 1278 4936 vitare
1306 4839 1448 4929 valeat!
1628 4847 1634 4854 “
1887 4953 1946 5071 JO
