4326 5986
545 505 632 617 462
972 517 1056 598 nt
1105 513 1306 596 nauus
1354 513 1579 599 etsrrs

497 679 618 780 deret
655 675 703 775 in
738 667 1033 816 Hispaniam,
1072 675 1146 775 sed
1181 673 1229 774 in
1266 673 1520 794 sinistram,
1558 670 1845 818 Africamque
1873 676 1944 783 b'e-

499 862 555 922 ne
586 858 800 920 conversa
822 853 906 937 ,ut
942 817 978 916 si
1013 812 1149 934 forte,
1188 857 1291 916 cum
1314 817 1501 961 ,longius
1537 854 1642 939 esset
1679 859 1942 960 processum,

496 961 652 1063 africus
696 997 847 1064 ventus
892 962 1183 1079 successisset,
1203 960 1349 1062 liceret
1372 965 1530 1068 eodem
1568 1001 1723 1103 parum
1749 963 1948 1108 obliquo,

497 1109 532 1208 si
567 1148 660 1206 non
694 1107 826 1208 etiam
863 1107 1089 1224 secund0,
1126 1143 1299 1203 cursum
1335 1145 1388 1204 ex
1423 1106 1582 1206 intimo
1628 1106 1740 1205 mari
1775 1108 1823 1206 in
1866 1110 1947 1210 Hi-

497 1252 695 1390 spaniam
742 1250 954 1390 dirigere.
1006 1249 1089 1348 Sed
1127 1286 1230 1347 cum
1272 1284 1419 1348 totum
1462 1249 1587 1349 illum
1627 1250 1747 1349 diem
1788 1251 1945 1353 laetum

490 1417 651 1493 ‘omnes
686 1395 1041 1509 traduxissem,
1075 1391 1141 1491 usi
1174 1427 1224 1490 ut
1259 1429 1430 1528 vento,
1467 1391 1578 1491 item
1621 1393 1733 1492 mari
1771 1396 1947 1532 perido-

497 1577 613 1655 ne0,
649 1572 796 1636 tamen
832 1573 931 1676 post
967 1533 1075 1664 Solis
1111 1573 1313 1635 oceasum
1346 1569 1503 1636 ventus
1538 1533 1867 1655 increbescere,
1905 1571 1947 1636 et

498 1678 653 1780 fluctus
688 1680 944 1780 invalescere
976 1712 1241 1816 coeperunt.
1283 1681 1475 1777 Secunda
1521 1677 1672 1818 vigilia
1716 1715 1945 1780 euronotus

498 1821 547 1920 in
591 1818 772 1921 africum
815 1863 858 1920 se
873 1903 875 1910 ,
893 1821 1021 1920 vertit
1052 1857 1148 1918 tam
1181 1817 1518 1937 vehementem,
1546 1855 1596 1918 ut
1632 1859 1784 1920 omnes
1817 1861 1944 1922 naves

498 1963 760 2063 validissime
794 1998 1073 2079 concuteret,
1110 1962 1295 2060 duarum
1329 1959 1463 2060 etiam
1505 1997 1710 2071 antennas
1755 1959 1945 2063 conlrin-

500 2110 660 2246 geret,
705 2144 892 2246 quarum
944 2103 1076 2202 altera
1122 2116 1285 2204 Comes
1335 2113 1591 2221 Fontanus,
1629 2105 1759 2204 altera
1804 2115 1946 2209 Petrus

499 2262 651 2350 Cueva
695 2249 896 2387 equitum
938 2245 1134 2348 militaris
1183 2244 1432 2387 Religionis
1480 2246 1735 2348 Alcantarae
1778 2244 1904 2391 praef
1921 2309 1943 2326 -

500 2429 593 2490 ctus
636 2387 907 2490 vehebatur.
1085 2507 1086 2510 p
1495 2451 1501 2454 ·

575 2543 745 2636 XXVI.
819 2535 899 2632 Sed
935 2527 1105 2671 profuit
1138 2527 1304 2632 initum
1339 2532 1605 2652 consilium,
1643 2533 1812 2676 quippe
1846 2533 1945 2633 clas-

500 2676 556 2774 sis
598 2715 790 2816 eousqut
838 2711 1097 2814 processerat
1153 2673 1199 2773 in
1241 2675 1424 2793 altum,
1470 2711 1519 2776 ut
1564 2686 1654 2810 jam
1712 2677 1945 2818 quominus

362 2939 368 2948 Ι
500 2818 737 2919 interram
778 2817 1023 2957 Hispanam
1063 2853 1239 2916 cursum
1280 2851 1483 2940 teneret,
1529 2820 1744 2961 impedire
1796 2814 1944 2919 africus

500 2996 654 3061 ventus
690 3000 783 3059 non
820 2975 988 3100 posset.
1025 2970 1177 3098 ltaque
1212 2994 1313 3059 ante
1355 2997 1572 3102 peractam
1613 2962 1789 3061 tertiam
1834 2959 1948 3102 vigi-

499 3101 604 3201 liam
640 3099 847 3202 confectis
882 3099 1075 3201 millibus
1110 3137 1312 3240 passuum
1349 3104 1441 3243 plus
1475 3104 1702 3223 ducentis,
1729 3103 1836 3203 hora
1868 3104 1946 3201 cir·

501 3245 609 3343 citer
643 3244 814 3343 decima
855 3282 1050 3362 octava,
1096 3281 1231 3382 quam
1265 3239 1402 3344 fuerat
1445 3285 1497 3343 ex
1539 3243 1846 3348 Staechadibus
1879 3245 1944 3343 in·

501 3386 602 3484 sulis
637 3387 897 3506 discessum,
934 3423 1065 3486 naves
1101 3424 1251 3486 omnes
1286 3386 1598 3488 incolumesin
1636 3425 1844 3527 portum,
1865 3385 1941 3526 qui

497 3527 665 3664 ligatus
706 3530 889 3647 dicitur,
926 3562 1238 3666 pervenerunt,
1275 3525 1440 3666 praeter
1475 3531 1582 3638 duas
1618 3529 1739 3650 illas,
1768 3566 1948 3669 quarum

501 3679 704 3771 antennas
728 3705 957 3770 ventorum
982 3670 1029 3769 vi
1058 3667 1209 3790 fractas
1235 3665 1365 3770 fuisse
1393 3667 1786 3773 demonstravimus
1805 3747 1821 3790 ,
1839 3709 1948 3810 quae

500 3850 601 3910 cum
652 3811 930 3931 laborantes,
972 3814 1079 3912 dato
1125 3809 1294 3950 sign0,
1329 3848 1379 3911 ut
1422 3813 1577 3931 solet,
1622 3847 1947 3915 tormentorum

500 3951 678 4054 bombis
720 3956 929 4054 auxilium
970 3955 1312 4095 implorassent,
1351 3955 1520 4054 tamdiu
1562 3958 1757 4055 remulco
1792 3991 1891 4056 sunt
1925 3993 1948 4051 a

501 4096 716 4236 proximis
751 4098 998 4215 deductae,
1037 4099 1176 4195 donec
1212 4097 1463 4196 transmisso
1500 4097 1596 4196 sinu
1630 4099 1679 4197 in
1714 4095 1948 4236 Hispaniae

502 4275 786 4377 conspectum
821 4273 1004 4338 ventum
1039 4273 1100 4336 est
1117 4315 1131 4358 ,
1168 4275 1272 4338 cum
1307 4249 1395 4370 jam
1431 4277 1508 4377 per
1543 4279 1588 4338 se
1624 4279 1745 4382 posse
1771 4273 1949 4378 portum

503 4419 653 4518 capere
690 4383 974 4502 viderentur,
1014 4415 1119 4479 tunc
1144 4417 1262 4480 ‘vero
1311 4379 1520 4501 relictae,
1557 4422 1727 4501 cursum
1769 4383 1949 4520 quidem

502 4559 605 4620 cum
640 4523 733 4622 aliis
776 4557 915 4624 tenere
966 4519 1291 4661 nequiverunt,
1327 4557 1472 4622 tamen
1515 4525 1646 4663 paulo
1690 4521 1835 4642 citra,
1874 4559 1949 4621 nec

502 4663 592 4762 sine
641 4665 830 4804 periculo
874 4663 1111 4796 dejectae,
1158 4660 1337 4804 portum
1380 4668 1558 4767 Veneris
1605 4699 1812 4804 ceperunt
1838 4659 1948 4802 ,qui

504 4809 669 4947 primus
705 4843 767 4906 est
802 4808 1025 4948 Hispanae
1057 4809 1264 4927 ditionis,
1287 4809 1487 4949 quamvis
1522 4811 1569 4911 in
1594 4809 1731 4908 Gallia
1766 4807 1871 4929 situs
1897 4801 1948 4901 ad

1885 4983 1951 5046 ra·
