4368 5984
692 391 816 466 V'ITA
847 393 914 464 ET
939 394 1156 468 SCRIPTA·
1472 402 1629 478 XXXIX.

193 493 266 604 sir,
295 523 467 616 quanam
506 492 654 581 ratione
681 487 779 578 ellici
807 520 917 609 posse
945 492 1196 601 existimaret,
1226 515 1271 582 ut
1311 495 1400 580 anni
1431 498 1654 616 principium
1701 559 1705 570 ·

190 617 286 707 veris
315 646 390 704 suo
410 614 567 732 quidem
601 611 739 726 judicio
770 635 810 698 et
825 643 849 696 a
866 636 1002 698 natura
1025 613 1236 700 constitutis
1257 614 1470 702 cardinibus
1484 621 1654 710 restitue-

185 761 323 842 retur,
346 761 472 850 neque
497 733 536 817 in
567 756 762 848 posterum
788 732 837 817 ab
854 731 896 816 iis
920 762 1106 848 umquam
1124 732 1353 820 discederet.
1381 738 1550 826 Acturus
1579 741 1654 858 igi-

184 879 249 942 tur
278 855 329 941 de
344 851 579 940 correctione
596 850 686 935 anni
711 850 973 966 mensiumque
996 856 1288 958 Romanorum,
1315 853 1509 972 pauloque
1541 858 1651 948 altius

186 998 366 1090 repetens
386 970 566 1076 initium,
598 967 762 1057 breviter
776 994 1057 1057 commemorat
1072 1031 1085 1074 ,
1102 997 1247 1086 quanta
1262 974 1537 1062 commoditate
1557 1037 1571 1084 ,
1595 1003 1654 1067 at·

188 1121 269 1208 que
285 1083 389 1178 adeo
409 1089 626 1176 necessitate
656 1087 801 1174 inducti
819 1085 959 1174 fuerint
972 1079 1147 1174 homines
1164 1147 1178 1196 ,
1193 1115 1238 1176 ut
1257 1115 1481 1205 perpetuum
1493 1093 1578 1182 solis
1593 1126 1654 1184 ac·

108 1235 112 1246 ·
186 1238 337 1297 cessum
359 1235 398 1296 et
414 1237 623 1314 recessum,
645 1207 724 1295 sive
753 1231 899 1292 cetrum
916 1235 1066 1292 cursum
1082 1230 1121 1293 et
1136 1233 1375 1294 constantem
1391 1212 1651 1326 observarent,

183 1329 424 1443 omnemque
447 1356 573 1414 retum
588 1324 814 1412 naturalium
832 1325 1118 1413 vicissitudinem
1137 1355 1246 1414 motu
1270 1326 1334 1414 illo
1351 1329 1436 1414 solis
1453 1336 1653 1448 guberna·

184 1447 248 1557 ri,
270 1477 343 1534 usu
366 1447 448 1562 ipso
463 1470 762 1562 cognoscerent.
789 1444 904 1530 Unde
920 1442 1158 1560 factumest,
1183 1471 1226 1533 ιιι
1242 1445 1348 1561 prisci
1364 1450 1536 1536 nonnulli
1551 1451 1650 1564 ejus·

187 1565 296 1653 modi
311 1593 455 1652 annum
480 1563 788 1680 constituendum
805 1587 982 1678 putarent
998 1626 1011 1671 ,
1039 1563 1209 1681 quicum
1226 1565 1311 1650 solis
1340 1591 1452 1652 motu
1463 1571 1650 1658 ambitum

187 1685 294 1773 illum
318 1714 430 1771 suum
460 1681 698 1800 pervagantis
730 1708 983 1799 congrueret:
1017 1711 1253 1800 quamquam
1283 1685 1489 1772 nonnullae
1523 1690 1651 1776 natio-

188 1832 283 1913 nes,
309 1829 354 1890 ιιι
368 1806 615 1908 Acarnanes,
646 1796 833 1908 Arcades,
851 1798 1058 1918 Aegyptii,
1079 1826 1120 1886 et
1136 1802 1194 1888 alii
1210 1803 1441 1890 brevioribus
1456 1805 1546 1892 olim
1568 1837 1653 1926 spa·

189 1923 249 2010 tiis
282 1951 407 2010 annos
434 1951 524 2008 suos
538 1917 842 2007 concludebant.
875 1919 950 2007 Sed
962 1948 1051 2004 cum
1073 1946 1213 2007 exram
1234 1922 1425 2038 multiplici
1442 1924 1531 2010 anni
1548 1957 1651 2015 men·

186 2070 276 2128 sura
297 2041 405 2158 apud
427 2040 520 2127 alios
548 2063 664 2156 atque
692 2037 782 2124 alios
810 2037 945 2126 usitata
975 2039 1077 2125 nulla
1107 2038 1158 2126 ad
1194 2039 1278 2127 solis
1305 2071 1476 2127 annuum
1500 2073 1651 2134 cursum

185 2161 403 2279 excogitata
418 2159 463 2246 sit
494 2155 822 2246 accommodatior
850 2187 967 2274 quam
983 2187 1057 2264 ea,
1091 2187 1189 2274 quae
1217 2160 1307 2246 olim
1325 2191 1347 2245 a
1364 2161 1466 2273 Julio
1491 2167 1660 2252 Caesare¹

192 2279 408 2366 constintta
422 2339 435 2384 ,
447 2276 498 2365 ad
514 2275 779 2392 Sepulvedae,
796 2303 842 2360 ac
856 2275 1030 2394 deinceps
1046 2274 1096 2362 ad
1112 2277 1288 2395 Gregorii
1305 2281 1405 2364 Xlll.
1421 2308 1541 2396 usque
1557 2306 1652 2370 tem·

188 2426 291 2512 pora
307 2395 576 2514 permanserit,
604 2393 794 2515 quaedam
808 2421 942 2483 auctor
966 2395 1117 2513 attingit
1137 2397 1186 2483 de
1218 2396 1368 2483 diversis
1385 2401 1651 2488 Romanorum

186 2516 280 2602 anni
310 2511 469 2602 formis.
517 2514 611 2633 Agit
637 2513 767 2630 itaque
791 2541 879 2600 cum
905 2516 954 2601 de
967 2514 1122 2602 Romuli
1157 2538 1196 2601 et
1228 2520 1381 2601 Numae
1396 2518 1566 2634 Pompilii
1585 2550 1651 2604 an·

185 2661 273 2741 no,
307 2634 435 2751 deque
472 2634 580 2722 variis
597 2631 938 2720 intercalationibus
964 2695 977 2740 ,
1000 2658 1045 2720 ut
1070 2632 1099 2718 is
1114 2661 1202 2718 cum
1219 2631 1304 2719 solis
1333 2659 1444 2720 motu
1469 2663 1653 2754 congrue·

185 2776 274 2856 tet,
306 2779 393 2840 tum
410 2753 459 2839 de
477 2753 556 2866 ejus
572 2750 844 2840 correctiones
859 2749 961 2864 Julio
977 2753 1138 2837 Caesare
1154 2753 1340 2867 primum,
1357 2753 1493 2840 deinde
1508 2755 1557 2840 ab
1573 2762 1654 2842 Au·

184 2895 306 2989 gusto
322 2870 507 2958 adhibita.
541 2876 640 2956 Eam
663 2893 794 2956 tamen
819 2869 909 2955 anni
937 2897 1151 2956 mensutam
1185 2900 1266 2956 non
1295 2871 1457 2956 omnino
1482 2901 1654 2961 accurare

184 3015 280 3076 cum
299 2987 388 3077 solis
420 3017 556 3075 annuo
571 2987 719 3076 ambitu
734 2989 969 3095 convenire,
996 2990 1151 3104 perinde
1180 3014 1295 3105 arque
1325 2991 1462 3075 Caesar
1489 2991 1555 3075 sibi
1569 3020 1651 3107 per·

187 3131 390 3214 suaserat,
414 3108 639 3195 continuata
670 3105 877 3193 multorum
909 3135 1134 3213 annorum,
1162 3133 1278 3223 arque
1301 3107 1400 3193 adeo
1415 3109 1649 3198 saeculorum

184 3227 308 3333 serie,
332 3254 453 3343 quam
490 3226 734 3344 plurimisque
759 3219 1067 3314 astronomorum
1093 3225 1418 3334 observationibus
1449 3227 1647 3344 cognitum

187 3369 261 3432 est.
295 3346 437 3444 Quare
453 3343 504 3430 de
525 3345 617 3431 anni
643 3341 768 3430 forma
795 3344 1020 3462 corrigenda
1044 3343 1212 3461 plerique
1240 3343 1308 3432 viri
1334 3343 1421 3431 huic
1446 3344 1650 3432 litterarum

187 3461 322 3580 generi
340 3463 460 3552 dediti
476 3463 564 3550 alias
579 3463 744 3578 aliasque
758 3462 922 3549 rationes
937 3493 1004 3550 aut
1023 3461 1172 3551 fuerant
1191 3462 1389 3571 meditati,
1412 3487 1480 3550 aut
1494 3465 1651 3554 medita·

189 3581 369 3690 bantur,
392 3581 586 3718 inquibus
615 3581 801 3669 Genesius
816 3581 930 3668 etiam
947 3611 1025 3670 esse
1040 3583 1172 3672 voluit.

283 3699 431 3787 Placuit
457 3699 570 3818 rgitur
598 3699 833 3816 Sepulvedae
849 3727 930 3786 non
963 3730 1030 3788 eos
1059 3731 1137 3788 esse
1153 3699 1385 3806 audiendos,
1421 3699 1489 3816 qui
1518 3700 1568 3788 sic
1582 3727 1651 3787 an·

201 3845 299 3906 num
313 3817 583 3938 corrigendum
617 3820 849 3927 censebant,
866 3843 911 3906 ut
926 3821 976 3908 ad
992 3848 1076 3906 earn
1089 3817 1254 3907 formam
1285 3821 1547 3936 redigeretur,
1575 3848 1654 3935 qua

198 3961 314 4046 etat,
338 3967 428 4026 curn
444 3961 623 4024 natusest
638 3937 832 4024 Christus:
856 3968 923 4024 eos
937 3969 1032 4028 vero
1060 3939 1184 4026 multo
1210 3939 1323 4024 etiam
1340 3939 1489 4036 minus,
1516 3938 1653 4054 quibus

197 4051 332 4142 referri
350 4055 523 4173 placebat
538 4057 589 4144 ad
614 4079 764 4174 tempus
780 4058 925 4144 concilii
940 4059 1127 4165 Nicaeni,
1152 4085 1239 4141 curn
1265 4053 1336 4140 fuit
1351 4054 1429 4142 dies
1444 4056 1655 4144 celebrandi

202 4174 345 4261 Pascha
360 4175 620 4281 constitutus,
652 4176 731 4263 dies
747 4176 884 4264 scilicet
907 4176 1132 4263 Dominicus
1163 4171 1353 4287 proximus
1384 4197 1471 4289 post
1498 4173 1653 4287 plenilu-

193 4289 357 4377 niumin
387 4294 510 4411 ptimo
531 4319 658 4380 mense
691 4293 939 4406 Judaeorum.
970 4294 1043 4380 Sed
1075 4316 1120 4381 ιιι
1144 4289 1289 4410 integra
1305 4318 1344 4379 et
1369 4289 1548 4378 inviolata
1560 4293 1650 4378 anni

189 4403 320 4498 forma
336 4410 388 4496 ab
404 4412 512 4498 omni
533 4411 628 4501 vitio
655 4436 907 4522 assereretur,
934 4435 1055 4528 utque
1069 4441 1190 4498 annus
1217 4436 1438 4524 mensesque
1451 4407 1502 4494 ad
1525 4407 1649 4526 legiti-

192 4557 302 4615 mum
319 4529 502 4646 idemque
534 4530 706 4618 naturale
729 4529 906 4638 initium,
930 4559 975 4616 ac
999 4531 1105 4618 velut
1119 4553 1235 4644 caput
1261 4551 1530 4632 revocaretur,
1554 4528 1647 4618 illud

187 4673 271 4733 esse
287 4647 612 4764 providendum,
641 4674 684 4737 ιιι
700 4649 897 4737 solstitium
927 4649 1152 4752 hibernum,
1174 4670 1214 4734 et
1245 4645 1382 4731 Natale
1411 4643 1576 4752 Christi,
1607 4673 1647 4735 et

194 4763 392 4853 Kalendae
407 4767 432 4864 J
433 4767 576 4853 attuatii
598 4767 637 4852 in
653 4771 830 4857 eumdem
847 4791 1109 4884 competerent
1124 4765 1236 4852 diem.
1256 4765 1300 4851 Id
1316 4787 1441 4850 autem
1458 4790 1528 4848 nec
1547 4789 1647 4879 'ope-

188 4907 323 4974 rosum
340 4913 451 4996 esse,
481 4885 774 4978 necmultotum
798 4915 987 4976 annorum
1003 4885 1231 5004 negotium,
1256 4884 1400 4980 adesset
1415 4882 1536 4971 modo
1550 4910 1639 5018 con·

1598 5028 1649 5087 cl-
