4326 5986
579 545 663 637 400
984 465 1068 620 DE
1112 534 1311 618 REBUS
1345 531 1570 616 GESTIS

532 780 564 824 „
582 704 643 822 si,
679 742 766 844 qua
803 698 964 802 virtute
1000 698 1094 800 aliis
1131 696 1178 797 in
1228 693 1402 837 praeliis
1445 693 1512 794 usi
1546 685 1680 812 estis,
1716 683 1829 794 hanc
1872 690 1990 806 bodie

532 923 563 966 „
579 846 908 987 praestiteritis,
935 845 1123 946 vicimus
1138 859 1185 942 .“
1222 841 1297 940 Ad
1330 837 1448 940 lrunc
1476 837 1670 940 maxime
1696 839 1888 942 modum
1913 845 1985 984 pti·

531 1028 656 1091 mam
692 991 832 1092 aciem
868 987 1153 1108 cohortatus,
1191 985 1248 1087 ad
1285 983 1481 1086 mediam
1517 981 1794 1126 regreditur,
1814 1021 1860 1087 et
1894 996 1987 1092 Ger-

531 1132 675 1235 manis
714 1134 923 1278 progredi
959 1133 1082 1266 jussis
1118 1163 1340 1232 tormenta
1376 1128 1491 1229 inter
1526 1129 1748 1269 Hispanos
1783 1131 1991 1276 Italosque

531 1276 581 1377 in
617 1271 763 1381 fronte
799 1280 1021 1402 collocat,
1057 1278 1149 1419 ipse
1184 1313 1290 1376 curn
1326 1273 1555 1417 equitatu,
1596 1270 1677 1414 qui
1713 1273 1921 1378 vexillum
1941 1318 1990 1379 se

532 1418 781 1561 quebatur,
802 1424 850 1525 in
887 1423 1106 1525 sinistrum
1142 1457 1284 1522 cornu
1321 1417 1549 1562 procedits
1588 1450 1632 1517 tt
1665 1456 1769 1520 cum
1802 1429 1897 1554 jam
1929 1421 1989 1525 in·

528 1599 594 1666 tra
630 1569 707 1671 teli
741 1579 909 1702 jactum
945 1601 1129 1668 ventum
1165 1601 1271 1666 esset
1284 1640 1298 1684 ‚
1339 1560 1572 1663 tormentis
1615 1598 1840 1668 certamen
1882 1565 1986 1666 inire
2123 1643 2124 1658 2

527 1709 681 1844 jubets
721 1715 881 1815 deinde
917 1708 1203 1843 jaculantibus
1238 1707 1406 1807 eminus
1443 1704 1741 1847 scloppetariis
1787 1709 1988 1850 paulatim

527 1855 586 1954 ad
621 1895 777 1958 manus
811 1858 1094 1957 conserendas
1131 1847 1387 1995 procederes
1423 1849 1655 1951 constitere
1683 1888 1915 1998 parumper
1938 1895 1987 1956 a·

526 1999 655 2122 cies,
698 2003 807 2103 dum
852 1997 1082 2100 tormentis
1123 1995 1332 2139 utrinque
1381 1992 1466 2096 tela
1519 1994 1849 2116 emitterentur,
1890 2033 1985 2102 tum

526 2179 634 2246 vero
677 2143 889 2290 progredi
925 2143 1130 2285 utrinque
1169 2176 1387 2290 coeptum
1428 2139 1485 2240 ad
1531 2175 1627 2240 rem
1668 2140 1874 2245 corninus
1913 2180 1986 2287 ge-

527 2290 743 2394 rendam.
860 2371 869 2380 .

598 2443 696 2538 ΧΙΙ.
771 2433 952 2538 Carolus
994 2430 1143 2550 dum,
1178 2465 1291 2571 quae
1327 2424 1558 2529 necessaria
1594 2421 1868 2551 viderentur,
1901 2429 1981 2534 im·
2125 2517 2126 2546 ,

526 2578 711 2717 perandi
746 2579 884 2722 gratia
920 2613 1082 2718 agmen
1113 2570 1424 2714 obequitaret,
1454 2609 1573 2712 equo
1600 2570 1860 2712 prolabente
1886 2615 1980 2678 con·
2125 2691 2126 2700 ι

524 2720 660 2820 cidit:
701 2758 894 2823 ceterum
931 2719 1022 2860 ipse
1059 2757 1102 2818 se
1139 2716 1340 2860 protinus
1375 2716 1512 2819 erexit
1541 2715 1736 2838 illaesus,
1756 2755 1983 2862 antequam
2125 2721 2126 2738 '

524 2864 778 2966 Ludovicus
815 2865 946 2967 Avila
982 2861 1256 3003 perveniret,
1296 2860 1376 3003 qui
1386 2937 1402 2982 ,
1428 2894 1478 2962 ut
1514 2854 1603 2960 fere
1637 2860 1785 3003 ipsum
1810 2901 1983 2968 assecta-

525 3001 683 3128 batur,
721 3009 916 3111 celeriter
951 3047 1069 3150 equo
1105 3004 1303 3108 desiliens
1345 3077 1362 3130 ,
1399 3042 1450 3106 ut
1496 3001 1715 3108 laboranti
1756 3001 1896 3124 ferret
1936 3051 1983 3111 o·

523 3185 658 3288 pern,
696 3154 905 3256 accurrit.
943 3161 1057 3252 Mox
1093 3150 1228 3295 igitur
1264 3185 1449 3252 mutato.
1482 3187 1529 3251 et
1573 3189 1812 3252 conscenso
1855 3194 1979 3296 equo,

522 3293 583 3394 ad
618 3293 838 3437 reliquum
875 3294 1089 3440 praelium
1125 3293 1523 3397 administrandum
1558 3292 1722 3417 laetus,
1740 3335 1833 3408 ,nec
1866 3299 1982 3441 quid·

524 3476 663 3579 quam
698 3441 880 3562 omine,
913 3476 964 3541 ut
1001 3436 1286 3581 superstitiosi
1321 3435 1493 3557 solent,
1534 3438 1705 3556 territus
1751 3443 1976 3581 procedit.

522 3591 645 3723 Ergo
697 3583 846 3723 primo
896 3617 1148 3685 nostrorum
1199 3582 1492 3714 joculatorum
1543 3583 1713 3724 impetu
1762 3583 1986 3688 nonnullis

521 3724 720 3828 hostium
762 3726 1063 3847 cadentibus,
1105 3725 1237 3827 ceteri
1282 3725 1475 3827 deterriti
1525 3719 1682 3870 fugam
1729 3766 1986 3872 capessunt,

521 3869 682 3970 nostris
717 3873 774 3972 ad
809 3874 901 3975 duo
937 3869 1105 3973 circiter
1139 3866 1279 3970 millia
1307 3907 1509 4011 passuum
1537 3870 1878 3994 insectantibus,
1911 3911 1989 3978 nec

521 4049 672 4115 tamen
714 4052 890 4157 propter
933 4013 1095 4117 laboris
1139 4012 1381 4157 calorisque
1423 4009 1727 4117 ferventissimi
1769 4003 1990 4121 lassitudi-

522 4197 628 4260 nem
663 4159 947 4280 consecutis,
983 4191 1152 4300 proeter
1188 4195 1350 4300 paucos
1392 4160 1620 4301 expeditos
1656 4160 1868 4303 equites,
1910 4163 1989 4305 qui

522 4341 685 4443 agmen
721 4303 771 4403 in
806 4304 962 4405 itinere
1009 4299 1366 4444 praecedebant3
1403 4302 1437 4404 ii
1470 4304 1594 4407 enim
1634 4296 1853 4447 fugientes
1899 4305 1985 4408 ho-

522 4479 644 4562 stes,
682 4483 875 4586 quatuor
910 4482 985 4548 aut
1028 4447 1228 4588 quinque
1264 4485 1444 4548 suorum
1486 4458 1652 4582 jactura
1696 4448 1859 4551 multos
1903 4489 1983 4594 pro

519 4626 597 4687 sua
640 4590 855 4727 paucitate
894 4590 1214 4692 conciderunt.
1259 4601 1438 4693 Ceterae
1473 4593 1628 4734 copiae
1663 4592 1859 4696 insistere
1896 4605 1978 4724 jus-

521 4771 591 4831 sae
643 4734 700 4830 ad
754 4733 904 4836 locum
952 4769 1225 4875 puteorum,
1265 4732 1346 4835 ubi
1388 4737 1544 4838 stativa
1591 4737 1773 4840 Carolus
1819 4735 1983 4838 habere

522 4873 840 4998 constituerat,
877 4916 979 4982 cum
1014 4889 1108 5016 jam
1142 4884 1537 5022 advesperasceret,
1569 4881 1835 4988 reducuntur
1857 4920 1870 4992 3
1891 4915 1984 4980 tor-

1851 5063 1979 5127 men-
