4294 5984
535 443 777 530 canora
818 444 873 530 v.
920 445 1035 529 aru.
1068 442 1123 528 v.
1465 456 1548 540 151

126 619 224 716 Rex
260 601 341 751 qui
385 597 609 749 publicam
650 645 807 748 pacem
857 603 1072 707 solicitare
1113 642 1206 710 non
1245 601 1598 737 intermittebat,

128 757 210 858 suis
249 754 385 855 etiarn
419 751 544 854 rebus
592 750 748 853 timere
792 751 1031 893 aliquando
1072 791 1337 896 cogeretur,
1380 757 1597 891 adjuvan·-

124 897 236 1002 tibus
274 897 363 1000 hoc
399 897 591 1000 Caesaris
627 897 860 1000 consilium
894 897 1046 1000 Caroli
1081 899 1296 1003 Borbonii
1327 901 1599 1028 rationibus,

124 1085 260 1185 quem
296 1040 460 1163 Gallia,
497 1043 607 1144 dum
646 1043 783 1184 Regis
824 1044 933 1145 iram
970 1080 1015 1145 et
1055 1042 1267 1175 injuriam
1301 1047 1487 1168 metuit,
1523 1051 1597 1158 di-

122 1223 319 1330 gressum
363 1180 695 1330 profugumque
736 1187 783 1286 in
826 1226 948 1288 suam
991 1187 1128 1289 fidem
1170 1225 1419 1330 receperat,
1460 1193 1598 1294 etad

121 1330 290 1433 bellurn
323 1329 371 1431 in
414 1329 555 1430 Gallia
597 1329 993 1434 administrandum
1034 1331 1248 1436 idoneum
1290 1374 1379 1435 esse
1420 1370 1639 1477 reputa·-

123 1471 220 1576 bat.
264 1473 445 1576 Carolus
493 1474 615 1575 enim
658 1472 823 1574 Galliac
867 1477 1208 1598 Comcstabilis,
1251 1514 1295 1578 et
1340 1475 1600 1581 Borbonio·

123 1655 226 1718 rum
261 1630 364 1718 Dux
400 1617 540 1758 (quae
575 1616 699 1719 natio
736 1653 800 1718 est
842 1616 892 1717 in
932 1621 1176 1760 Aquitania
1219 1627 1420 1725 Auernos
1464 1624 1601 1726 attin-⁴

125 1766 261 1902 gens)
290 1796 549 1902 postquam,
583 1761 741 1894 injuria
777 1761 975 1903 odioque
1010 1764 1180 1904 Regis,
1218 1765 1361 1865 avitae
1396 1761 1600 1870 fortunae

123 1939 254 2044 atque
298 1913 387 2038 ejus
436 1905 701 2048 Principatus
755 1906 804 2005 in
855 1905 1090 2007 discrimen
1140 1903 1462 2028 trahebantur,
1508 1919 1601 2041 jam

124 2085 223 2148 suae
267 2079 451 2188 quoquc
492 2047 621 2148 saluti
672 2083 913 2166 metucns,
960 2047 1113 2146 statuit
1155 2051 1213 2148 ad
1258 2047 1394 2152 fidem
1447 2052 1602 2159 Caroli

124 2192 321 2290 Caesaris
357 2186 624 2331 confugere,
662 2225 794 2331 atquc
822 2189 887 2290 illi
919 2225 1042 2288 suam
1079 2227 1288 2329 operam,
1321 2191 1530 2335 gratiam,
1556 2229 1601 2298 ct

124 2331 440 2432 auctoritatem
482 2333 532 2433 in
577 2332 726 2434 Gallos
775 2334 831 2432 ad
880 2343 1055 2472 Regem
1098 2330 1218 2432 bello
1261 2337 1604 2442 consectandum

124 2513 205 2616 per
241 2475 435 2574 occultos
470 2475 649 2580 nuntios
682 2469 872 2580 deferrer
904 2512 986 2574 nec
1014 2473 1196 2574 Carolus
1229 2483 1390 2575 Caesar
1421 2477 1470 2578 in
1504 2512 1603 2580 tan·

125 2651 168 2718 ta
199 2615 336 2758 Regis
372 2616 629 2756 pertinacia,
660 2654 705 2717 et
740 2616 867 2716 inse
903 2611 1053 2716 hostili
1089 2613 1264 2735 animo,
1289 2616 1600 2724 conditionem

39 2832 41 2838 ·
126 2761 417 2901 respuendam
467 2759 678 2901 putavit,
735 2758 1031 2898 eumdemque
1081 2758 1329 2860 consolatus
1364 2757 1603 2866 liberaliter

128 2903 376 3044 pollicetur.
415 2915 567 3044 Itaque
602 2899 878 3023 Borbonius,
914 2898 1285 3041 conquisitoribus
1320 2941 1427 3007 cum
1460 2943 1602 3044 pecu-

129 3046 213 3148 nia·
238 3047 289 3147 in
316 3047 605 3149 Germaniam
636 3046 813 3169 missis,
848 3044 930 3188 qui
960 3044 1157 3146 militum
1189 3045 1430 3148 duodecim
1464 3048 1605 3154 millia·

128 3229 269 3332 quarn
296 3189 584 3294 occultissime
613 3225 811 3334 possent,
847 3189 1177 3313 conducerent,
1212 3227 1290 3329 per
1324 3187 1601 3294 occasionem

132 3333 269 3476 Regis
306 3333 523 3459 absentis,
559 3370 603 3436 ct
638 3335 789 3437 Italico
826 3330 944 3435 bello
980 3331 1212 3474 occupati,
1247 3331 1437 3435 Galliam
1471 3335 1601 3436 inva-

128 3478 233 3578 dere
268 3479 549 3598 dccrcverat,
584 3477 621 3577 si
654 3489 750 3580 Rex
785 3477 914 3619 ipse,
950 3476 1031 3618 qui
1067 3513 1168 3616 post
1214 3513 1392 3578 suorum
1427 3476 1600 3580 cladem

133 3624 190 3722 ad
229 3622 468 3726 Bicocbam
502 3657 731 3763 acceptam
766 3617 932 3722 bellurn
968 3618 1223 3760 reparabat,
1262 3619 1524 3742 exercitum,
1548 3653 1600 3722 ut

134 3763 418 3888 instituerat,
454 3767 503 3868 in
539 3767 706 3868 Italiam
740 3764 1102 3906 Transpadanam
1135 3763 1386 3865 induxisset.

203 3920 309 4010 XV.
383 3912 466 4012 Sed
501 3909 570 4012 his
605 3908 731 4014 rebus
768 3907 1029 4027 enuntiatis,
1064 3918 1191 4027 Rex,
1234 3938 1413 4004 mutato
1448 3901 1600 4007 consi·

131 4048 222 4169 lio,
258 4051 396 4154 Gallia
429 4095 502 4174 sc,
537 4053 710 4198 suisque
742 4051 901 4156 finibus
933 4048 1105 4169 tenuit,
1138 4082 1185 4149 er
1220 4046 1461 4149 exercitum
1495 4085 1601 4151 cum

131 4193 309 4337 imperii
345 4237 519 4300 summa
552 4197 805 4300 Almirallio
841 4195 1091 4298 ducendum
1125 4188 1339 4313 tradidit,
1376 4190 1600 4297 Carolum-

131 4379 222 4480 que
255 4338 561 4461 Borbonium,
597 4343 707 4482 qui,
743 4379 799 4440 ne
835 4341 983 4481 ipsum
1016 4336 1067 4436 in
1100 4336 1269 4438 Italiam
1305 4335 1433 4477 sequi
1467 4373 1601 4478 cogee

132 4519 249 4586 retur
261 4560 278 4605 ‚
313 4487 525 4588 morbum
559 4484 872 4606 simulaverat,
912 4484 970 4583 ad
1002 4521 1045 4584 se
1081 4517 1218 4623 quarn
1253 4481 1482 4621 primum,
1530 4513 1602 4580 et-

134 4622 227 4730 iam
263 4667 595 4774 aegrotantem,
632 4669 708 4776 per
743 4627 950 4730 nuntium
986 4663 1031 4727 et
1066 4624 1226 4728 litteras
1260 4625 1412 4730 venire
1447 4623 1599 4756 jussit.

136 4773 222 4878 Sed
257 4775 413 4884 litteris
446 4815 666 4923 acceptis,
696 4775 943 4882 Borbonius
981 4771 1105 4878 inani
1137 4770 1291 4876 lectica
1322 4772 1372 4877 in
1410 4768 1602 4914 speciem

1500 4943 1606 5018 Cum
