4284 5982
483 418 528 488 c.
893 407 1487 509 rotmanusnrurvnonn

460 567 634 662 quaeque
660 541 709 628 de
734 531 843 630 rebus
856 541 1116 657 Hispanorum
1140 542 1244 655 apud
1269 569 1416 628 novum
1434 531 1581 628 Orbem
1606 540 1751 656 gestis,
1777 535 1906 632 litteris

462 660 700 776 consignavit
714 659 949 776 Scpulveda,
966 683 1043 745 eta
1070 658 1177 744 nobis
1191 657 1470 772 nuncprimum
1487 683 1575 746 sum
1589 633 1714 765 edla,
1739 687 1904 748 recense·

463 808 612 883 remus,
628 779 692 866 sed
715 807 802 866 cum
818 777 868 864 de
883 777 925 863 iis
947 775 1132 894 copiosius
1157 775 1289 865 dicturi
1310 774 1446 881 simus,
1472 776 1572 894 prius
1595 777 1644 864 de
1671 777 1906 893 Sepulvedee

398 902 405 908 ’
466 899 575 986 obitu
592 897 716 1011 paucis
741 896 970 985 disseramus.

555 1020 649 1102 Non
677 1044 753 1100 una
775 1015 984 1129 eademque
1011 1036 1067 1100 est
1090 1011 1296 1100 dormtum
1323 1012 1491 1100 virorum
1511 1011 1560 1100 de
1573 1009 1811 1128 Sepulvodae
1841 1041 1903 1102 ae·

467 1159 574 1240 tate,
607 1133 732 1248 deque
758 1160 861 1218 anno
893 1130 1092 1217 emortuali
1112 1132 1327 1234 sentrude,
1356 1158 1480 1244 neque
1504 1154 1632 1216 tamen
1661 1129 1908 1220 neonium

468 1253 637 1340 ducimus
653 1250 812 1367 singulas
838 1246 1009 1335 referre.¹
1034 1247 1159 1334 Andr.
1176 1249 1351 1334 Schottus
1365 1247 1492 1334 virisse
1506 1276 1596 1334 eum
1611 1243 1773 1335 affirmat
1787 1273 1908 1338 annos

468 1371 646 1458 LXXXI.
672 1369 804 1454 obiisse
830 1397 933 1454 anno
958 1369 1020 1452 M.
1044 1371 1097 1452 D.
1107 1363 1309 1452 ΒΧΜΙ.α
1332 1365 1417 1452 Nic.
1442 1364 1631 1454 Antonius
1657 1364 1824 1452 adducta
1853 1368 1909 1452 in·

373 1497 375 1502 ’
470 1487 697 1602 scriptione,
728 1514 826 1602 quae
854 1485 995 1601 ‘legitur
1014 1482 1115 1570 iuter
1136 1479 1379 1598 'Sepulvedae
1409 1481 1593 1596 Epistulas
1604 1513 1644 1598 p.
1662 1507 1760 1596 ar9.
1778 1485 1820 1568 b.
1831 1484 1910 1572 edi·

468 1604 577 1690 rionis
593 1601 710 1690 Salm.
722 1607 908 1712 adjectum
919 1615 1054 1714 posteo
1067 1599 1198 1708 fuisse
1214 1625 1426 1690 asseverat:
1449 1600 1562 1688 Viuit
1579 1605 1710 1690 ANN.
1727 1602 1907 1690 LXXXI.

559 1841 724 1953 Joannes
735 1840 949 1926 Fernandcz
965 1842 1110 1924 Franco
1125 1839 1358 1953 Sepulvedae
1364 1838 1537 1927 concivis
1550 1862 1589 1925 et
1605 1836 1787 1924 familaris
1802 1898 1817 1945 ,
1842 1841 1911 1956 qui

471 1957 659 2044 anotulas
698 1957 881 2071 quasdam
913 1955 963 2044 ad
993 1956 1229 2070 Sepuluedae
1264 1957 1448 2072 Epistolas
1475 1957 1678 2048 vernacule
1716 1957 1911 2064 maram,

469 2073 645 2190 scripturn
680 2075 825 2190 reliquit
854 2075 941 2159 loco
965 2072 1108 2158 citato:
1139 2077 1205 2157 En
1233 2082 1272 2158 lu
1304 2081 1435 2161 ultima
1457 2076 1622 2186 paleira
1638 2077 1724 2159 esti
1747 2078 1909 2160 madido
1984 2103 1988 2110 ·

467 2197 561 2280 AN.
585 2187 799 2278 LXXXIV.
821 2220 850 2304 y
876 2200 917 2276 oi
932 2197 1001 2300 pie
1022 2197 1061 2274 in
1083 2206 1170 2278 uoto
1191 2199 1401 2303 signienses
1428 2194 1593 2282 ochema
1608 2221 1634 2308 y
1650 2215 1791 2310 quatro
1815 2189 1910 2280 anos

467 2310 675 2428 pusieron,
706 2341 733 2395 o
757 2309 875 2423 mejor
904 2309 1066 2395 ochema
1087 2339 1117 2425 y
1141 2308 1213 2396 dos
1235 2315 1422 2424 despues,
1435 2329 1579 2420 poaque
1603 2317 1641 2392 ei
1666 2314 1746 2396 urio
1768 2313 1814 2393 de
1841 2337 1913 2421 ςς.

468 2429 1075 2534 quandoescribiioIArrobispo
1097 2427 1419 2536 deductumque
1443 2455 1484 2511 es
1508 2433 1548 2512 lu
1572 2442 1682 2514 corio
1705 2434 1910 2536 srgniene,

467 2549 551 2630 dice
580 2543 743 2652 quesne
775 2571 859 2631 rus
877 2551 1103 2631 climoterieo
1125 2549 1173 2630 de
1191 2548 1261 2656 ⁶3.
1281 2576 1311 2662 y
1336 2544 1456 2630 mruio'
1480 2549 1547 2630 diu
1571 2549 1620 2633 de
1637 2544 1766 2632 Sauro
1787 2543 1907 2630 Caro-

468 2668 547 2747 Iino
560 2666 631 2749 ario
647 2666 692 2745 de
710 2693 781 2769 74.
1512 2771 1521 2778 ι
1830 2664 1911 2748 Ce-

511 2851 525 2890 r
567 2831 646 2890 Vide
669 2830 830 2906 Sepuiveda
841 2834 932 2892 vitam
944 2835 981 2894 ab
995 2834 1118 2895 Schorto
1131 2836 1268 2911 scripturn
1281 2847 1311 2894 et
1326 2847 1390 2910 post
1403 2835 1478 2894 bunc
1491 2829 1724 2894 cunnennrtun
1747 2827 1866 2888 editam

506 2929 528 2970 o
568 2911 727 2984 videquee
742 2929 779 2968 ex
792 2915 922 2971 Antonio
938 2917 1107 2974 adducimus
1128 2930 1192 2992 post
1210 2929 1340 2978 nostrum
1353 2914 1598 2980 Commentariun.

510 3009 530 3070 3
570 2991 767 3052 Notas‘basce
779 2991 885 3054 Franci
898 2996 969 3054 alibi
985 2996 1124 3070 edemus,
1143 3013 1210 3054 cum
1228 3011 1287 3053 non
1300 3012 1391 3070 pauca
1406 2991 1698 3053 contineantutlliae
1719 3005 1808 3064 qnme
1820 2987 1856 3047 de
1873 2987 1911 3048 iis
1960 3049 1963 3054 ,

469 3088 521 3132 nro
541 3075 619 3130 loco.

508 3167 532 3226 4
571 3151 732 3226 Sepulveda
749 3169 808 3212 non
831 3155 902 3213 satit
915 3154 970 3212 sibi
992 3153 1108 3212 videtur
1124 3165 1257 3214 constare
1270 3154 1302 3211 in
1315 3154 1498 3230 assIgnsndis
1515 3151 1622 3212 aetatis
1634 3166 1704 3208 suae
1717 3147 1820 3206 annis:
1842 3161 1912 3206 nem

468 3231 502 3289 in
514 3231 636 3305 epistola
651 3233 688 3288 ed
707 3231 732 3288 F
733 3233 793 3290 erd.
812 3233 983 3292 Valdesium
998 3247 1116 3292 exarata
1130 3234 1224 3310 pridie
1232 3233 1335 3297 Nonas
1352 3235 1457 3294 Martii
1476 3251 1524 3294 en.
1541 3245 1627 3308 1535.
1646 3247 1711 3288 curu
1724 3239 1867 3285 narrasset
1879 3244 1912 3284 se

469 3324 581 3370 aestate
593 3311 738 3386 superiore
751 3312 852 3369 morbo
870 3313 912 3370 ita
929 3311 1019 3372 fuisse
1031 3312 1175 3371 afflictum
1191 3354 1204 3387 ,
1225 3326 1257 3370 ut
1270 3313 1376 3372 medici
1395 3313 1455 3390 jam
1468 3316 1504 3370 de
1517 3330 1568 3373 suu
1587 3313 1681 3371 salute
1699 3308 1911 3381 desperassent,

469 3405 525 3448 nec
536 3391 608 3448 satis
620 3391 820 3464 convaluisse,
838 3393 908 3449 licet
922 3410 1013 3452 nonus
1028 3393 1088 3468 jam
1101 3393 1209 3452 mensis
1222 3394 1259 3450 ab
1272 3393 1356 3450 iuitIo
1367 3395 1460 3452 morbi
1474 3404 1624 3472 speretur,
1637 3387 1782 3462 subjungit
1796 3404 1806 3445 s
1824 3384 1913 3443 Hm

468 3485 525 3550 ego
538 3487 637 3528 annuns
660 3475 786 3545 (nempe
798 3487 854 3543 quo
867 3472 898 3528 in
912 3474 1043 3530 morbum
1057 3473 1199 3530 inciderat
1212 3511 1225 3546 ,
1248 3489 1306 3530 non
1319 3488 1375 3544 quo
1389 3473 1460 3530 haec
1473 3471 1616 3529 scribebat
1629 3507 1642 3542 ,
1660 3481 1691 3524 ut
1706 3477 1789 3541 putat
1814 3463 1912 3522 Fran-

470 3557 547 3618 cus)
563 3549 673 3608 uerutis
695 3567 774 3608 meae
796 3553 1006 3632 sexagesimum
1019 3562 1153 3628 quartum
1172 3550 1373 3624 mmerubnm,
1394 3561 1488 3609 rumen
1509 3567 1563 3608 non
1581 3545 1736 3626 defuerunt
1751 3561 1790 3606 err
1803 3544 1908 3601 urbicis

468 3645 548 3688 eneae
567 3627 660 3686 saltui
675 3628 885 3702 metuentibus,
906 3633 956 3706 qui
971 3633 1132 3705 suspicione
1142 3629 1184 3690 nd
1193 3647 1264 3690 seru
1286 3633 1402 3690 esimum
1417 3630 1539 3690 tertium
1556 3635 1732 3687 revocarent
1751 3663 1763 3696 ,
1781 3633 1819 3681 ur
1830 3632 1907 3684 erret

468 3708 499 3766 is
511 3725 598 3766 annus
617 3705 837 3767 climactericus
849 3711 1010 3769 traditione
1026 3711 1198 3769 medicorum
1213 3649 1346 3785 ruinis.
1374 3711 1411 3766 In
1428 3710 1552 3784 epistola
1571 3723 1643 3765 vero
1654 3705 1693 3762 sd
1715 3705 1836 3763 Petrum
1852 3702 1909 3760 Se·
1969 3737 1974 3742 -

465 3789 646 3862 pulvedanr:
668 3789 872 3864 Merumque,
885 3789 998 3862 inquit,
1015 3788 1211 3848 mortaiitatis
1222 3790 1403 3848 vehementer
1416 3789 1560 3848 admonuit
1573 3783 1773 3868 gruoisrt'nrus
1784 3780 1841 3841 itte
1854 3795 1912 3858 pe-

471 3867 668 3942 riculosusque
683 3865 807 3939 morbus,
823 3884 878 3942 quo
891 3869 944 3925 diu
961 3884 1032 3926 nuno
1056 3869 1230 3942 superiore,
1253 3884 1334 3944 quere
1352 3868 1487 3942 suspicor
1502 3867 1577 3925 mihi
1588 3862 1695 3942 finisse
1719 3861 1909 3922 ctinncrert-

467 3959 570 4005 curn....
593 3943 779 4018 conflictatus
787 3943 855 4022 fui.
878 3946 936 4005 Sed
949 3947 985 4006 de
997 3947 1044 4004 his
1060 3947 1120 4022 jam
1133 3947 1203 4006 alibi
1226 3947 1346 4022 egimus.
1367 3946 1604 4004 Praetermittere
1616 3957 1717 4001 tamen
1730 3957 1789 3998 nou
1808 3957 1912 4015 possu-

467 4039 532 4082 mus
540 4064 554 4096 ‚
568 4023 713 4083 Francum
727 4043 786 4084 non
798 4039 877 4084 recte
893 4027 1073 4102 Sepulvedae
1087 4040 1216 4086 mentem
1235 4038 1395 4084 mentum
1408 4065 1419 4100 ,
1432 4043 1498 4086 cum
1516 4027 1582 4097 ait,
1602 4036 1732 4082 nostrum
1748 4018 1912 4093 affirmare,

459 4120 525 4176 -qno
542 4117 668 4178 tempore
689 4103 726 4160 ud
748 4105 920 4164 Valdesium
937 4107 1107 4179 scribebat,
1127 4106 1240 4166 scilicet
1258 4107 1351 4180 pridie
1369 4105 1448 4162 Non.
1474 4102 1577 4164 Martii
1596 4113 1644 4161 an.
1661 4101 1706 4160 M.
1717 4101 1758 4157 D.
1771 4099 1837 4158 LV.
1863 4101 1911 4158 uti

466 4185 604 4257 diximus,
616 4201 724 4242 annum
736 4187 943 4260 sexagesimum
963 4187 1081 4245 tertium
1093 4225 1105 4260 ,
1122 4187 1185 4242 sive
1199 4185 1424 4242 climactericum
1437 4203 1468 4242 se
1481 4197 1653 4242 numerasse.
1675 4179 1791 4238 Erroris
1804 4193 1908 4237 ansam

466 4264 623 4336 praebuere
654 4263 743 4320 rerba
759 4263 832 4320 illa:
853 4263 941 4324 Hunc
958 4283 1013 4345 ego
1026 4283 1142 4339 ornum,
1164 4281 1237 4340 quae
1263 4267 1338 4322 male
1359 4265 1395 4322 ad
1412 4263 1456 4324 M.
1476 4263 1519 4322 D.
1538 4263 1604 4321 LV.
1631 4259 1907 4320 accommodantur:

465 4342 495 4398 id
509 4345 583 4415 quod
597 4345 750 4417 epistolam
772 4343 863 4416 ipsam
881 4359 995 4403 attente
1013 4346 1122 4420 legenti
1143 4344 1302 4403 clarissime
1317 4345 1437 4418 patebit.
1459 4343 1508 4401 De
1520 4341 1567 4400 dle
1579 4352 1611 4399 et
1630 4355 1732 4412 suno,
1760 4353 1817 4412 quo
1834 4337 1909 4396 obiit

465 4421 630 4495 Sepulreda
642 4423 774 4479 dubitare
790 4439 843 4479 nos
866 4439 923 4483 non
939 4425 1011 4482 sinit
1023 4425 1150 4482 Francus
1164 4464 1178 4498 ,
1199 4424 1247 4496 qui
1267 4441 1333 4482 eum
1346 4425 1394 4482 die
1406 4424 1491 4481 divae
1515 4420 1694 4481 catherinae
1705 4433 1788 4477 sacro
1796 4455 1809 4491 ,
1829 4417 1858 4476 h.
1872 4433 1902 4477 e.

463 4498 565 4560 XXV.
579 4501 657 4559 Nor.
674 4520 721 4559 an.
738 4501 781 4559 M.
797 4503 836 4558 D.
848 4501 1019 4562 LXXXIV.
1033 4503 1172 4560 decesisse
1190 4517 1336 4562 amorerat
1348 4506 1414 4562 loco
1423 4503 1551 4578 superIus
1563 4502 1665 4560 citato.

545 4581 632 4638 Unde
649 4598 707 4637 non
723 4593 791 4638 ante
809 4599 916 4638 annum
940 4581 982 4640 M.
1001 4583 1041 4641 Ι).
1060 4583 1202 4641 LXXIV.
1221 4595 1350 4640 nostrum
1369 4585 1445 4641 inter
1467 4583 1626 4646 virosesse
1645 4578 1765 4638 desiisse
1787 4575 1905 4636 credere

457 4657 571 4736 'petest
583 4700 594 4733 ,
616 4661 646 4716 ni
671 4661 792 4716 veIImus
812 4661 945 4735 scriptori
973 4683 1105 4734 eumue
1118 4700 1130 4734 ,
1154 4677 1189 4717 uc
1204 4655 1323 4718 Genesli
1347 4661 1533 4735 perfamiliari
1563 4657 1651 4718 fidem
1678 4659 1826 4732 derogare.
1859 4656 1905 4713 At

462 4740 530 4811 quid
544 4741 670 4797 dicemus
691 4741 727 4796 de
741 4739 930 4813 inscriptione
942 4779 954 4812 ,
967 4758 1039 4813 quae
1053 4757 1160 4798 annum
1180 4737 1307 4813 praefert
1329 4741 1373 4798 M.
1387 4741 1428 4799 D.
1441 4739 1575 4798 LXXIII
1583 4735 1597 4799 ἓ
1619 4739 1722 4814 Longo
1738 4748 1804 4812 post
1828 4746 1907 4796 tem·

462 4835 534 4894 pore
547 4859 558 4892 ,
575 4833 605 4876 et
619 4819 655 4894 ab
668 4819 803 4893 imperito
814 4817 925 4894 artifice
940 4838 1072 4878 numeros
1086 4823 1152 4878 illos
1165 4821 1322 4894 insculptos
1335 4817 1424 4878 fuisse
1431 4861 1443 4895 ,
1456 4821 1531 4894 quod
1546 4820 1681 4878 videntur
1692 4817 1822 4875 indicare
1829 4813 1906 4872 Ars·

454 4898 519 4956 biri
533 4901 712 4956 characteres
733 4901 848 4956 saeculo
866 4901 919 4956 illo
939 4901 1032 4957 miuus
1057 4902 1174 4974 usitati,
1190 4901 1358 4974 praesertIm
1372 4901 1403 4956 in
1417 4901 1537 4976 publicis
1551 4897 1755 4956 monumentis.
1776 4895 1903 4954 uorum

459 4979 542 5038 nobis
554 4979 681 5056 lapidem
695 4979 789 5054 ipsum
803 4979 944 5056 inspicere
956 4980 1083 5042 licuismt
1088 5020 1101 5058 ,
1116 4997 1171 5058 quo
1184 4978 1289 5040 certius
1303 4981 1359 5041 bac
1371 4981 1446 5042 dere
1459 4979 1598 5058 judicium
1612 4977 1689 5039 ferre
1696 4974 1897 5054 poneremus.
