4294 5984
512 447 755 534 CAROLI
795 446 850 530 V.
900 451 1016 534 ΗΒ.
1051 447 1133 533 IV.
1490 463 1572 558 119

154 585 290 733 gilia,
327 621 432 686 cum
466 577 670 684 hostibus
707 579 1112 724 appropinquaret,
1149 579 1345 726 proxime
1387 585 1616 694 collectam

154 771 334 835 manum
372 768 476 832 cum
512 726 727 832 veteranis
763 721 989 868 praefectis
1025 727 1074 829 in
1113 726 1257 831 hostes
1271 808 1287 853 ,
1337 733 1417 875 qui
1456 735 1615 841 collem

152 875 395 995 tenebant,
430 873 707 1017 praemittit,
744 881 865 1006 cujus
900 872 965 974 illi
1009 871 1213 1016 impetu,
1257 912 1301 976 et
1342 877 1615 1022 subsequen-

157 1024 213 1124 tis
261 1019 448 1164 agminis
494 1019 656 1120 timore
706 1018 752 1120 in
797 1011 950 1162 fugam
1000 1019 1318 1152 conjiciuntur.
1375 1034 1477 1124 Dux
1526 1021 1615 1127 ho·-

154 1167 327 1282 stium,
366 1163 447 1306 qui
493 1203 598 1266 cum
643 1197 783 1263 cetera
830 1201 994 1283 manu,
1036 1165 1389 1308 Germanisque,
1436 1161 1615 1270 inferius

157 1312 216 1410 ad
251 1341 470 1409 tormenta
505 1308 790 1424 constiterat,
826 1308 1125 1410 animadversa
1166 1349 1347 1410 suorum
1388 1304 1495 1453 fixga
1538 1353 1616 1454 pa-

151 1490 332 1592 rumper
363 1483 589 1570 moratus,
617 1449 653 1550 si
675 1445 792 1548 forte
817 1491 867 1549 ea
899 1489 1022 1590 parte
1058 1450 1194 1554 hostis
1225 1454 1443 1598 ingrueret
1456 1531 1472 1576 ,
1509 1465 1616 1558 Ger·-

153 1634 339 1714 manos,
375 1593 605 1736 copiamm
650 1592 811 1693 scilicet
855 1591 1021 1715 robur,
1066 1633 1270 1700 montem
1310 1595 1484 1719 subire,
1525 1639 1615 1701 no-

153 1738 342 1881 strisque
386 1735 569 1840 obviam
618 1735 839 1880 proficisci
884 1735 1036 1871 jubet.
1087 1739 1172 1840 His
1224 1765 1391 1884 magno
1444 1743 1615 1883 impetu

155 1880 473 2001 subeuntibus,
516 1879 739 1984 Beltranus
782 1922 915 2001 suos,
957 1882 1036 2023 qui
1077 1877 1291 2024 fugientes
1339 1881 1617 1986 insectaban-

154 2059 255 2146 tur,
309 2060 487 2126 revocat
503 2063 525 2133 3‘
560 2024 742 2166 acieque
782 2024 1019 2143 instructa,
1056 2061 1099 2122 et
1134 2024 1278 2130 fronte
1314 2069 1366 2158 ex
1402 2028 1616 2131 industria

157 2171 217 2269 ad
254 2169 445 2311 speciem
480 2166 613 2307 paulo
650 2167 778 2268 latius
799 2197 801 2202 ’
819 2167 1049 2306 explicata,
1095 2202 1261 2269 ceteros
1302 2209 1484 2314 superne
1525 2171 1615 2272 ho-

150 2346 236 2412 stes
270 2312 477 2415 invadere
511 2307 669 2442 jubet,
704 2311 797 2451 ipse
834 2349 937 2410 cum
972 2309 1174 2453 equitatu
1210 2314 1370 2413 eodem
1412 2349 1614 2453 tempore

153 2492 182 2552 a
219 2453 351 2555 latere
386 2466 630 2554 Germanos
671 2452 784 2552 circa
827 2453 993 2553 montis
1028 2491 1240 2552 cacumen
1285 2453 1508 2562 adoriru13
1545 2493 1614 2556 ve·

149 2633 252 2696 rum
300 2595 536 2713 Germani,
580 2591 729 2726 labore
775 2592 989 2696 subeundi
1038 2589 1244 2736 fatigati,
1292 2631 1336 2695 et
1388 2605 1609 2724 majorum

155 2739 390 2881 copiarum
425 2737 730 2880 ingruentium
765 2734 874 2838 falso
911 2738 1073 2839 timore
1107 2736 1326 2840 conterriti
1367 2737 1519 2872 (collis
1563 2779 1613 2837 e-

152 2881 253 2983 nim
301 2920 553 2986 nostrorum
594 2919 836 3023 postremos
886 2875 1174 3014 occultabat)
1227 2880 1379 2980 annno
1429 2877 1612 2982 deficere

153 3063 427 3169 coeperunts
464 3025 613 3167 itaque
649 3025 835 3168 primis,
877 3025 957 3165 qui
1006 3022 1220 3162 promtius
1264 3018 1615 3163 depugnabant,

153 3172 343 3273 concisis
380 3208 424 3272 et
460 3171 688 3310 postremis
728 3164 883 3311 fugere
923 3162 1272 3307 incipientibus,
1318 3166 1446 3266 ceteri
1486 3161 1614 3268 facile

150 3306 431 3436 fitndurrrur,
461 3353 704 3454 omnesque
733 3311 890 3414 nostris
926 3304 1234 3412 insectantibus
1258 3347 1396 3449 usque
1422 3310 1479 3408 ad
1501 3323 1613 3410 Beo-

154 3459 276 3560 viam
327 3459 527 3576 flumen,
569 3459 693 3598 quod
739 3455 1003 3597 Hispaniam
1050 3495 1077 3553 a
1126 3451 1265 3554 Gallia
1305 3451 1611 3571 disterminat,

152 3598 290 3702 effusa
326 3597 434 3748 fuga
469 3595 751 3717 deferuntur,
787 3637 932 3743 eoque
965 3596 1146 3698 flumine
1179 3595 1381 3737 alioquin
1417 3595 1612 3712 vadoso,

152 3777 259 3846 tunc
287 3781 404 3848 aestu
436 3743 573 3846 vicini
595 3744 757 3862 maris,
794 3743 945 3884 quoad
992 3739 1295 3843 Fonterabiam
1329 3737 1503 3853 influit,
1537 3735 1611 3834 in·

151 3925 457 4010 tumescente,
494 3889 625 3990 multi
666 3923 855 4008 eorum,
899 3885 1057 4029 quise
1099 3882 1165 3986 illi
1205 3881 1491 3996 commisere,
1534 3914 1611 4017 pe·

150 4028 346 4132 tierunt.
383 4045 491 4136 Hoc
527 4033 690 4174 praelio
727 4074 778 4132 cx
813 4031 970 4133 nostris
1005 4067 1115 4129 unus
1151 4027 1376 4123 dumtaxat
1410 4018 1612 4141 occidit,

150 4172 281 4316 isque
322 4216 426 4297 ore,
475 4215 569 4316 quo
610 4189 711 4276 Deo
763 4215 889 4318 saepe
930 4167 1209 4272 maledixerat
1256 4169 1393 4302 (nam
1437 4198 1481 4264 et
1522 4161 1611 4263 hoc

154 4351 360 4418 notatum
395 4317 512 4451 lixit)
548 4317 762 4460 scloppeti
797 4317 887 4418 telo
924 4349 1106 4458 accepto
1141 4311 1343 4413 vulnere.
1381 4320 1445 4410 Ex
1480 4303 1613 4406 hosti·

155 4461 239 4563 bus
265 4463 397 4562 multi
426 4462 557 4582 caesi,
583 4461 712 4561 multi
743 4459 876 4560 etiam
897 4458 1047 4600 capti,
1073 4491 1118 4559 et
1144 4456 1193 4556 in
1220 4453 1287 4555 his
1308 4454 1403 4595 plus
1425 4447 1615 4550 sexcenti

154 4606 391 4727 Germani,
414 4647 466 4707 ex
490 4605 648 4747 quibus
671 4641 847 4706 centum
877 4603 1156 4745 nonaginta,
1178 4599 1264 4742 qui'
1279 4596 1469 4740 graviter
1494 4625 1615 4695 erant

156 4749 411 4872 vulnerat,
460 4787 508 4854 m
559 4747 760 4890 cymbas,
797 4749 1029 4892 impositos
1078 4746 1135 4847 ad
1191 4738 1462 4881 praefectum
1502 4749 1616 4837 Fon·

1550 4911 1616 4974 te-
