4298 5980
554 441 641 551 258
945 452 1030 574 oa
1075 447 1277 531 nasus
1324 444 1544 531 ousrrs

514 614 760 764 pugnando
783 610 946 717 virtute
975 610 1169 749 militum
1194 603 1476 752 superabant.
1508 617 1716 708 Ceterum
1735 597 1909 708 duabus
1943 605 1995 712 il·
2134 697 2135 720 ,

516 765 590 884 lis,
609 801 722 904 quae
741 795 933 862 seorsum
958 753 1227 872 ferebantur,
1241 787 1568 854 tormentorum
1585 750 1678 854 telis
1699 746 1869 856 eminus
1889 793 1993 859 rem

516 902 768 1051 gerentibus
814 936 858 1002 et
884 899 1149 1042 praetoriam
1169 896 1449 1038 potissimum
1476 892 1821 1037 impetentibus,
1843 908 1990 1045 Hugo

517 1053 636 1193 ipse,
673 1043 1090 1190 quic1rcamalum
1126 1083 1228 1144 suos
1262 1039 1526 1143 cohortandi
1561 1037 1703 1182 gratia
1726 1042 1986 1184 versabatur,

516 1229 698 1334 accepto
722 1189 899 1293 vulnere
933 1187 1154 1298 concidits
1185 1187 1266 1330 qui
1289 1218 1427 1306 casus,
1455 1220 1506 1286 ut
1528 1181 1726 1286 hostium
1752 1187 1904 1310 auxit,
1927 1192 1987 1296 sic

518 1337 683 1442 minuit
717 1334 1084 1437 Caesarianorum
1125 1332 1300 1434 animos
1335 1363 1378 1440 32
1402 1368 1596 1472 quorum
1636 1331 1749 1432 duae
1787 1333 1985 1439 triremes

519 1483 612 1583 sive
648 1481 814 1583 ducum
848 1478 1027 1621 ignavia
1064 1512 1109 1580 et
1144 1512 1363 1621 stupore,
1396 1475 1484 1578 sive
1521 1473 1696 1576 alterius
1723 1471 1871 1582 etiam
1887 1519 1985 1623 per-

519 1625 624 1728 fidia
674 1625 839 1768 praelio
888 1662 1064 1764 prorsus
1098 1620 1433 1726 abstinuerunt.
1476 1627 1655 1722 Harum
1690 1621 1814 1724 alteri
1852 1661 1984 1764 prae·
2134 1709 2135 1754 ,

480 1889 483 1896 Ι
518 1807 611 1872 erat
647 1769 818 1872 Careias
853 1766 1126 1888 Manricus,
1173 1765 1297 1868 alteri
1331 1763 1573 1866 Franciscus
1607 1763 1749 1867 Doria
1782 1805 1895 1870 unus
1929 1810 1983 1874 ex

518 1911 792 2057 principibus
827 1912 975 2052 Regni
1007 1909 1328 2053 Neapolitani,
1360 1909 1441 2052 qui
1475 1904 1564 2009 hoc
1598 1909 1737 2052 magis
1769 1911 1894 2012 venit
1927 1913 1982 2016 in

518 2055 728 2199 perfidiae
763 2053 1098 2196 suspicionem,
1150 2047 1431 2196 quodfacto
1467 2052 1635 2196 praelio
1687 2091 1790 2154 cum
1824 2057 1982 2162 eadem

519 2241 595 2303 sua
628 2199 799 2302 triremi
833 2199 892 2300 ad
931 2197 1078 2300 lrostes
1108 2192 1384 2341 ,transfirgit.
1428 2211 1581 2339 Itaque
1624 2233 1813 2341 quatuor
1857 2201 1980 2304 trire-

519 2384 641 2466 mes,
675 2345 836 2446 amisso
879 2345 994 2446 duce
1023 2415 1038 2460 ,
1075 2383 1169 2445 non
1211 2343 1434 2479 incruenta
1469 2340 1658 2443 victoria
1691 2340 1750 2444 ab
1779 2339 1978 2448 hostibus

519 2491 714 2594 devictae
750 2524 795 2589 et
829 2524 981 2627 captae
1017 2521 1146 2587 sunt.
1201 2497 1270 2588 Eo
1322 2486 1493 2628 praelio
1537 2525 1641 2588 cum
1680 2495 1884 2631 Hugone
1924 2531 1977 2592 ex

518 2632 750 2737 nobilitate
786 2643 944 2733 Caesar
970 2642 1273 2751 Ferramosca,
1302 2630 1541 2732 Bernartius
1570 2629 1875 2735 Villamarinus
1903 2633 1973 2735 Al·

517 2775 726 2894 miranti,
758 2781 904 2878 Petrus
938 2775 1144 2879 Cardona
1178 2774 1372 2879 Comitis
1407 2773 1604 2877 Golisani
1643 2775 1737 2878 filii·
1759 2775 1977 2879 desidera-

518 2920 581 3026 tis
614 2920 722 3021 item
763 2960 816 3020 ex
865 2916 1199 3023 centurionibus
1234 2917 1481 3022 Machinus
1506 2927 1656 3053 Haja,
1692 2923 1899 3024 Barredus
1934 2960 1977 3025 et

517 3063 731 3205 Spinosa,
759 3064 843 3166 viri
876 3059 1135 3166 fortissimi.
1171 3063 1308 3205 Capti
1342 3102 1449 3167 vero
1483 3065 1696 3168 Ascanius
1731 3056 1976 3189 Columna,

518 3243 563 3310 ct
597 3207 725 3309 Vasti
744 3316 746 3320 .
768 3217 1060 3348 Morataeque
1095 3206 1410 3314 Marchiones.

586 3361 713 3456 XIX.
786 3361 914 3455 Haec
940 3390 1116 3496 accepta
1143 3353 1365 3456 calamitas
1403 3347 1670 3458 Caesarianis
1701 3349 1977 3463 moestitiam

517 3497 661 3599 multo
695 3505 938 3631 majorem,
963 3537 1101 3640 quarn
1126 3506 1341 3631 jacturam
1366 3498 1564 3644 peperit,
1590 3499 1805 3642 quoniam
1831 3498 1979 3602 subla-

516 3673 567 3742 to
611 3651 810 3783 Hugone
860 3681 1049 3785 magnae
1090 3677 1135 3742 et
1169 3642 1429 3784 periculosae
1463 3641 1746 3745 dissensiones
1782 3681 1828 3746 et
1863 3685 1977 3748 con-

514 3783 732 3888 tentiones
767 3828 820 3888 ex
855 3786 1047 3888 exercitu
1080 3787 1343 3888 Caesariano
1378 3786 1569 3891 sublatae
1593 3821 1719 3890 sunt.
1757 3796 1908 3932 Hugo
1934 3831 1977 3890 e·

514 3925 613 4030 nim
648 3929 716 4031 vir
749 3928 915 4072 gloriae
949 3968 995 4031 et
1028 3930 1275 4072 imperandi
1307 3930 1515 4072 cupidus,
1536 3933 1617 4075 qui
1645 3932 1724 4034 diu
1754 3971 1862 4034 cum
1900 3934 1977 4037 im·

514 4071 641 4213 perio
674 4067 818 4174 fuerat
859 4110 903 4175 et
936 4074 1126 4218 longum
1152 4113 1282 4176 usum
1307 4075 1370 4177 rei
1394 4075 1591 4178 militaris
1617 4073 1829 4199 habebat,
1867 4119 1977 4182 con-

515 4250 656 4318 temta
702 4215 931 4320 Philiberti
974 4217 1187 4363 Principis
1228 4218 1421 4322 Uraniae
1463 4221 1799 4343 adolescentia,
1846 4217 1977 4326 facile

514 4356 795 4502 libenterque
829 4362 888 4466 ab
935 4371 1027 4497 ejus
1061 4365 1274 4466 sententia
1319 4363 1369 4467 in
1414 4365 1612 4469 conciliis
1655 4364 1968 4506 dissentiebat,

513 4510 651 4636 Cujus
687 4507 993 4610 auctoritatem
1027 4510 1250 4612 nonnullis
1287 4548 1477 4648 eorum,
1510 4511 1592 4652 qui
1626 4505 1968 4630 adhibebantur,

512 4648 701 4750 studiose
737 4650 1030 4791 sequentibus
1047 4647 1216 4754 factum
1251 4687 1342 4752 erat
1355 4728 1370 4773 ,
1414 4688 1466 4776 ut
1500 4653 1751 4798 concilium¹
1776 4653 1830 4754 in·
1855 4655 1969 4802 duas

509 4791 631 4898 velut
662 4788 874 4900 factiones
909 4796 1090 4901 scissum
1124 4830 1232 4902 esset
1286 4821 1592 4942 cummagno
1628 4785 1781 4904 totius'
1799 4795 1971 4900 exerci-

1763 5009 1796 5024 -·
1888 4976 1963 5043 tus
