4284 5982
573 375 650 462 'au
678 377 1185 486 Jacosuuurrtata
1471 459 1485 471 ,

147 509 252 616 fecti
265 509 328 613 'in
349 543 482 611 castra
499 500 653 612 Caroli
679 513 866 612 Caesaris
891 511 1023 614 simul
1045 516 1123 616 iter
1140 522 1374 620 faceremus
1392 595 1409 640 ‚
1445 525 1522 665 qui
1540 515 1598 631 ad

148 657 371 760 Taut'mos
396 650 565 752 bellurn
591 653 640 754 in
655 652 880 754 aniomrn
903 667 1076 798 Regem
1102 660 1370 762 Francisurm
1392 670 1591 808 parabats

148 835 296 904 santo
322 794 481 900 incidit
505 795 561 896 de
585 835 667 910 re,
696 805 834 936 quam
862 797 1014 898 Africo
1041 799 1157 902 bello
1191 877 1206 918 ,
1239 805 1311 905 tui
1336 806 1427 948 ipsc
1462 812 1598 914 inret-

146 949 334 1057 fnenu,
361 938 481 1040 aliter
505 975 671 1082 genam
701 977 787 1038 esse
821 1011 837 1053 ,
878 973 1016 1079 quarn
1042 942 1113 1043 'dfe
1136 945 1399 1087 opimbatut
1425 1023 1443 1068 ‚
1486 953 1601 1059 mihi

147 1084 307 1185 multis
332 1079 676 1184 rationibusetat
705 1081 1009 1222 erpforatum,
1035 1085 1091 1185 α’
1108 1086 1236 1188 sicin
1252 1091 1493 1194 H'utoriarn
1510 1108 1600 1232 jam

147 1225 410 1328 inchoatam
441 1223 724 1357 conficerem.
761 1225 870 1346 Quo
893 1222 965 1325 ifle
989 1263 1045 1326 tx
1072 1263 1151 1330 me·
1171 1227 1356 1352 audite,
1393 1236 1599 1360 arridens,
1627 1341 1629 1344 .

148 1399 295 1488 reru,
326 1365 499 1508 inquit,
531 1381 648 1466 ausa
664 1381 872 1479 Historia,
913 1382 1094 1491 timidam
1119 1367 1172 1469 'in
1188 1391 1396 1475 cosaldus
1415 1419 1600 1482 comnena

152 1523 202 1606 tis
236 1541 293 1610 est
318 1529 452 1628 locus,
486 1543 531 1607 et
555 1544 697 1606 severe
727 1543 874 1604 meam
900 1505 1198 1608 credulitatem
1230 1514 1488 1633 accusabat,
1523 1525 1601 1661 qui

152 1646 321 1750 levibus
342 1650 587 1752 auctoribus
618 1645 815 1748 adhibita
845 1645 932 1748 fide
958 1687 1052 1748 rem
1097 1648 1248 1754 fictam
1284 1696 1365 1798 pro
1400 1696 1520 1803 gesta
1547 1666 1595 1767 in

154 1788 382 1918 historiam
410 1793 716 1925 conjecissems
744 1828 935 1928 cumque
955 1789 1045 2030 ifipse
1072 1795 1424 1935 gravissimorum
1449 1842 1603 1907 aucto-

151 1971 255 2034 rum
288 1935 424 2037 fidem
454 1976 526 2036 me
554 1971 747 2037 secutum
766 1973 850 2032 esse
870 1971 957 2031 con
990 1971 1213 2054 marem,
1237 1976 1384 2042 tamen
1402 1943 1473 2045 ille
1490 1989 1600 2050 con-

150 2079 364 2178 tendendi
393 2077 529 2178 finem
561 2118 653 2178 non
695 2075 926 2175 antefecit
957 2146 972 2189 ,
1011 2113 1148 2214 quam
1186 2084 1430 2186 multotum
1465 2089 1601 2192 nobi-

2 2225 3 2228 ‘
151 2217 270 2318 lium
303 2257 347 2320 et
373 2222 573 2363 gravium
609 2219 839 2332 virorum,
865 2215 943 2358 qui
966 2215 1084 2320 bello
1110 2221 1256 2322 eidem
1280 2227 1597 2350 interfuerant,

151 2363 409 2462 testimonio
439 2365 798 2498 convinceretur,
825 2399 929 2460 cum
947 2362 1004 2460 ad
1030 2401 1111 2462 nos
1147 2369 1465 2506 pervenissent,
1487 2413 1596 2476 nam
1656 2414 1660 2422 ·

152 2501 281 2604 brevi
317 2504 543 2606 intervallo
577 2501 950 2643 subsequebantur.
987 2509 1119 2606 Tunc
1144 2546 1253 2608 vero
1286 2511 1489 2611 nonnihil
1521 2516 1596 2616 ille

152 2646 434 2749 conturbatus
455 2689 466 2747 :
501 2667 596 2747 Nou
617 2688 688 2772 ego
705 2718 724 2761 ,
755 2645 899 2786 lnquit
917 2717 933 2759 ,
954 2688 1010 2743 me
1024 2675 1244 2774 praesenta,
1270 2680 1307 2748 cl
1326 2667 1600 2767 tridentanus

153 2803 209 2884 ita
242 2817 391 2914 gestam
411 2832 488 2888 esse
509 2803 624 2898 dic0,·
658 2800 753 2885 illud
773 2813 900 2895 tamen
927 2798 1148 2910 confirmo,
1170 2830 1257 2903 me,
1282 2805 1349 2915 qui
1367 2832 1448 2892 noa
1483 2810 1601 2922 longe

153 2937 344 3038 aberam,
378 2943 432 3023 sic
457 2952 604 3052 gestam
627 2965 701 3022 esse
722 2938 914 3022 examussis
946 2938 1150 3022 audiuisse.
1242 2999 1245 3006 -

228 3074 311 3162 IX.
385 3063 570 3165 Accedit
599 3062 656 3160 ad
684 3101 826 3161 causas
856 3097 1028 3200 tempus
1065 3061 1264 3162 editionis
1294 3065 1599 3207 producendi,

154 3207 281 3344 quod
301 3205 528 3320 Historia,
564 3242 655 3342 quo
683 3203 840 3304 diutius
869 3203 1106 3346 premitur,
1135 3242 1178 3304 et
1210 3208 1340 3308 estin
1363 3206 1593 3325 manibus,

151 3345 244 3448 hoc
272 3349 399 3449 omni
424 3388 475 3447 ex
509 3383 626 3490 parte
662 3345 885 3487 perfectior
913 3345 998 3444 exit
1045 3418 1061 3460 ,
1104 3385 1211 3447 narn
1247 3384 1291 3448 et
1324 3350 1422 3456 stili,
1437 3389 1597 3493 perpo-

98 3496 101 3510 '
151 3487 292 3590 fiendi
326 3501 464 3623 major
495 3526 556 3589 est
589 3487 764 3588 facultas
796 3561 812 3605 ,
842 3523 885 3587 et
911 3526 973 3586 res
997 3487 1158 3589 multae
1189 3489 1314 3590 uritio
1342 3489 1512 3607 latent,
1551 3529 1595 3594 et

151 3635 280 3732 vario
308 3632 533 3773 dubioque
557 3669 754 3730 sermone
777 3634 1005 3744 fenrntur,
1041 3669 1148 3769 quas
1172 3666 1343 3772 tempus
1371 3634 1532 3734 indicat
1548 3670 1593 3734 et

153 3777 372 3915 patefacit.
407 3784 669 3890 Praeterea,
704 3771 738 3872 si
764 3771 1068 3913 exspectandus
1101 3774 1153 3874 sit
1198 3775 1378 3874 auctoris
1420 3775 1599 3892 obitus,

150 3917 299 4022 minus
331 3917 416 4018 loci
442 3913 712 4058 corruptioni
744 3914 1050 4055 relinquetur,
1078 3953 1122 4016 et
1150 3916 1304 4016 omnia
1339 3913 1508 4016 liberius
1549 3956 1593 4020 et

148 4059 355 4160 audacius
373 4058 694 4173 tractabuntur,
727 4057 1050 4197 memoriaeque
1089 4057 1337 4196 prodentur.

227 4213 288 4300 X.
359 4201 528 4301 Faciam
555 4199 722 4341 igitur,
751 4199 874 4339 quod
904 4236 1092 4313 mones,
1118 4235 1163 4297 et
1181 4199 1421 4300 Historiam
1452 4201 1603 4306 Caroli

146 4338 344 4443 'Caesaris
361 4415 378 4457 ,
397 4384 532 4485 quarn
551 4343 607 4440 ad
627 4339 763 4440 finem
793 4339 1000 4480 perduxi,
1023 4342 1195 4481 posteris
1224 4343 1440 4442 edendam
1467 4384 1598 4444 man-

149 4485 301 4605 dabo,
337 4525 419 4588 nte
445 4487 535 4630 ipse
561 4482 769 4602 interim,
797 4481 876 4583 nisi
910 4483 1168 4623 paucissimis
1204 4520 1247 4584 et
1289 4487 1598 4626 opportunissi

1491 4666 1592 4746 mar,
