4284 5982
473 403 519 469 ιι.
928 388 1429 464 suuunnruu.
1511 455 1512 458 ,
1680 332 1686 342 ’

519 524 657 610 XXIII.
730 515 1009 604 Gotthorum
1000 515 1156 650 irruptio
1208 541 1291 600 mus
1319 518 1513 602 Navarrae
1536 513 1625 600 Rex
1655 512 1883 632 appellatus.-

451 640 615 732 Arcadio
641 662 681 726 et
708 634 886 724 Honorio
917 632 1157 750 Principibus
1268 633 1449 726 XXXV.
1507 633 1673 719 Sanctius
1719 638 1914 721 Navartae

361 849 362 852 ι
520 759 668 846 XXIV.
736 754 975 840 Gotthorum
1019 753 1162 900 patriae
1209 755 1292 836 Rex
1329 751 1463 839 uxorio
1491 750 1568 864 jure
1609 751 1809 838 Castellam
1836 751 1916 835 adi-

454 879 629 966 Scandiae
659 871 877 988 descriptio.
1210 868 1383 984 piscitur.
1416 867 1628 954 RanimIrus
1664 869 1763 983 'ejus
1775 869 1916 956 nothus

525 997 654 1082 XXV.
720 988 1118 1111 Vestrogotthorum
1110 987 1160 1074 le·
1212 985 1306 1073 filius
1336 989 1477 1121 primus
1511 985 1575 1074 sibi
1587 988 1736 1122 Regis
1764 987 1914 1072 titulum

455 1114 558 1234 gatio
574 1114 623 1199 ad
633 1103 839 1203 Valentem
861 1111 1071 1192 Caesarem.
1212 1103 1252 1190 in
1287 1104 1507 1222 Aragonia
1506 1103 1635 1193 sumit.
1683 1103 1913 1212 fernandus,

511 1233 657 1319 XXVI
717 1226 889 1344 Ulpbilae
911 1221 1010 1312 fraus
1040 1224 1165 1310 etVa
1213 1223 1397 1312 Castellae
1420 1228 1502 1310 Rex
1518 1221 1721 1358 ,legionis
1744 1222 1917 1340 aegisti-

456 1350 600 1438 lentis
590 1348 756 1436 mteritus
791 1346 831 1432 in
862 1343 1001 1461 praelio
1032 1343 1163 1430 adver
1214 1343 1337 1429 tulum
1361 1342 1484 1427 uxoris
1509 1340 1587 1454 jure
1613 1340 1778 1427 obtinet.

457 1501 517 1556 sus
545 1468 763 1554 Gotthos
1263 1462 1453 1546 XXXVI.
1512 1459 1696 1545 Henricus
1722 1464 1916 1546 Romano-

516 1587 676 1672 XXVIL
734 1581 874 1668 Gotthi
895 1584 1017 1696 Reges
1040 1608 1091 1664 ιιι
1106 1607 1161 1663 sc·
1212 1607 1297 1663 rum
1329 1583 1561 1693 Imperator,
1593 1601 1637 1663 ut
1667 1577 1903 1694 vectigalis
1876 1608 1919 1662 st·

459 1734 497 1791 se
530 1699 672 1788 faciunt
716 1698 968 1824 Radagaisum
999 1720 1038 1782 et
1075 1695 1162 1783 Ala·
1212 1696 1251 1785 bi
1298 1694 1492 1811 Hispania
1524 1693 1702 1781 reddatur
1740 1753 1755 1800 ,
1812 1695 1918 1782 missa

454 1823 578 1910 ticum
606 1847 836 1938 ,.quorum
856 1839 1092 1932 postremus
1104 1841 1163 1899 ιι·
1209 1811 1402 1930 legatione
1431 1810 1620 1928 postulat.
1655 1812 1829 1900 Rodetid
1856 1812 1919 1903 Gi

457 1963 572 2055 ptam
600 1943 765 2024 Romam
781 1933 925 2048 diripit.
1214 1929 1474 2028 disententia
1491 1954 1531 2017 et
1557 1930 1695 2019 vittus.
1735 1915 1919 2018 Henricus

452 2099 459 2108 ·
529 2056 739 2142 XXVIII.
774 2048 944 2142 Athaulfi
988 2040 1164 2182 nuptiae,
1218 2047 1273 2133 bis
1301 2047 1442 2180 praelio
1469 2049 1589 2138 victus
1632 2077 1763 2186 pacem
1803 2047 1920 2163 petit5

461 2173 674 2275 uictoriae,
715 2195 755 2257 et
790 2197 874 2256 nex.
902 2167 1065 2253 Vandali
1099 2165 1168 2250 Hi·
1219 2190 1259 2251 et
1299 2196 1401 2279 ιιιιι,
1418 2167 1527 2284 quod
1571 2168 1679 2254 armis
1720 2194 1921 2284 proseque

453 2289 627 2405 spaniam
665 2292 763 2374 inter
797 2316 836 2372 se
865 2286 1105 2371 distribuunt.
1221 2284 1357 2390 batur,
1382 2285 1549 2372 decedit.

521 2405 661 2495 XXIX
721 2401 877 2491 Giserici
907 2427 947 2486 et
979 2400 1136 2488 Atilae
1126 2426 1166 2484 tn
1277 2344 1480 2488 XXXVII.
1540 2399 1717 2489 Alfonsus
1747 2403 1816 2486 VI.
1848 2403 1921 2487 Ca·

461 2522 563 2608 Italia
592 2547 749 2638 strages.
736 2517 974 2632 .Hispaniae
1004 2519 1168 2602 maxima
1219 2516 1343 2605 stellae
1381 2525 1464 2604 Rex
1505 2521 1674 2606 Henrico
1720 2518 1922 2604 Imtharin·

462 2668 591 2754 passa
622 2635 839 2724 Reccbiatio
863 2639 1079 2724 Suevorum
1094 2638 1167 2721 Re·
1218 2636 1301 2753 giac
1326 2637 1468 2722 Comiti
1491 2636 1589 2724 dotis
1619 2637 1772 2725 nomine
1795 2640 1926 2722 Porus·

463 2783 515 2870 ge
540 2781 766 2874 occupatur.
1218 2753 1366 2872 galliam
1394 2783 1483 2841 cum
1505 2755 1616 2842 titulo
1636 2753 1847 2842 Comitatus
1869 2781 1926 2840 at·

523 2874 651 2960 XXX.
712 2873 855 2990 Viginti
873 2898 965 2964 octo
997 2869 1168 2968 Gotthici
1219 2872 1383 2958 trIbuit.
1418 2869 1600 2958 Alfonsus
1625 2872 1734 2988 hujus
1772 2871 1927 2958 Henrici

462 2992 667 3106 genepiam
679 2991 859 3104 Hispania
874 2989 1172 3106 RegesaTheu·
1223 2987 1315 3076 filius
1354 2990 1466 3109 Regis
1505 2989 1656 3076 titulum
1692 2987 1828 3076 sumit.
1860 2987 1926 3076 nl-

467 3107 593 3238 derico
624 3108 673 3194 ad
703 3107 966 3194 Rodericum:
995 3129 1082 3220 post
1108 3133 1173 3192 cu·
1223 3103 1351 3194 fonsus
1366 3110 1417 3192 X.
1443 3104 1602 3194 Allonso
1622 3112 1684 3193 IIL
1708 3106 1804 3223 Regi
1835 3108 1928 3194 Por·

460 3222 525 3336 jus
563 3224 711 3332 cladem
760 3225 888 3311 Mauri
945 3247 985 3310 et
1039 3223 1175 3311 Arabes
1224 3224 1432 3340 rugalliae
1425 3253 1479 3334 tus
1501 3224 1689 3312 clientelae
1714 3223 1887 3310 remittit.

470 3339 698 3476 Hispaniam
718 3367 907 3460 occupant
927 3365 1077 3457 praeter
1105 3344 1243 3426 As·
1248 3343 1499 3429 ..XXIIVIII
1566 3340 1749 3450 Castellae
1792 3345 1930 3458 Regno
2013 3369 2022 3386 '⁴

468 3481 614 3566 turum
622 3479 685 3546 ιι
703 3459 992 3548 Cantabrorum
1035 3457 1177 3576 Regio·
1226 3459 1438 3577 Aragoniae
1490 3443 1667 3578 Regnum
1716 3459 1931 3578 adjungitur

467 3602 548 3662 nes.
1226 3604 1293 3692 per
1322 3578 1558 3664 Pernandum
1590 3603 1630 3664 et
1660 3577 1877 3684 Isabellam,
1904 3607 1931 3662 a

528 3693 674 3781 IIIIXI.
747 3696 926 3813 Hispania
972 3695 1174 3781 Mahume·
1224 3695 1358 3809 quibus
1389 3699 1561 3780 Granata
1588 3724 1746 3812 quoque
1784 3694 1931 3808 aliaque

469 3834 647 3909 tanorum
675 3812 830 3929 imperio
858 3815 1083 3900 liberamra
1089 3817 1173 3898 Fer·
1224 3815 1358 3930 Regna
1378 3837 1418 3898 et
1440 3812 1581 3928 oppida
1595 3813 1839 3929 recipiuntur.
1853 3817 1932 3897 Eo·

468 3929 602 4016 nando
629 3928 846 4021 Catholico
844 3957 892 4018 ιι
906 3917 1059 4018 Isabclla
1080 3959 1174 4015 uxo
1224 3957 1311 4014 tum
1352 3930 1465 4017 ctiam
1507 3953 1633 4018 sumtu
1684 3956 1724 4017 et
1768 3927 1933 4044 auspiciis

472 4071 534 4132 re.
994 4119 995 4122 ι
1226 4046 1398 4134 Colonus
1412 4049 1734 4138 NovumOrbem
1757 4047 1901 4164 reperit

533 4159 694 4250 XXIIII.
750 4167 917 4254 Idubeda
943 4189 983 4253 et
1010 4167 1176 4281 Orospe-
1286 4167 1470 4252 XXXIX.
1526 4167 1713 4254 fernandi
1740 4189 1778 4250 ct
1802 4159 1933 4250 Isabel·

474 4280 524 4365 da
555 4305 719 4370 montes
721 4311 867 4400 ,quarn
898 4284 1012 4399 longe
1026 4284 1177 4403 lateque
1226 4279 1284 4369 Ite
1307 4283 1411 4371 liberi
1435 4309 1692 4402 nepotesque,
1720 4282 1934 4401 quibtuque

472 4421 632 4511 patent,
648 4400 929 4487 describuntur.
1228 4401 1440 4516 nupsetInt.

530 4515 712 4600 XXXIII.
774 4521 930 4604 Montes
956 4517 1067 4602 eriam
1084 4520 1175 4605 Ma·
1285 4523 1370 4610 XL.
1426 4519 1588 4636 Philippi
1619 4547 1660 4608 et
1674 4523 1847 4633 Joannae
1861 4521 1936 4601 Re-

471 4627 560 4716 riani
562 4661 660 4745 qua
670 4658 889 4740 excurrunt
904 4634 1173 4721 describuntur.
1225 4664 1320 4770 gum
1376 4637 1416 4723 in
1460 4639 1682 4755 Hispaniam
1728 4638 1935 4738 adventus.

458 4869 461 4874 Δ
530 4749 712 4838 IIIIIIIV.
772 4695 948 4844 Enecbus
964 4750 1086 4841 Arista
1101 4753 1174 4870 pri·
1224 4752 1381 4841 Illius
1370 4782 1590 4865 rmmatums
1636 4755 1804 4865 obitus,
1850 4755 1937 4837 Fer·

829 4949 833 4960 .
1710 4948 1714 4960 ,
1840 4895 1937 4957 nan·
