4294 5984
574 439 636 552 64
937 450 1020 530 DE
1068 449 1270 534 REBUS
1311 442 1530 528 GESTIS

530 609 615 754 {qui
651 607 828 753 digressi
864 604 1058 726 fuerant,
1089 603 1273 745 perculsi
1307 604 1363 702 ad
1398 638 1561 744 agmen
1592 639 1640 702 se
1675 595 1915 744 recipiunt,
1949 644 1995 712 et

531 795 683 858 onmes
720 755 876 856 ordine
914 752 1146 893 diligenter
1182 782 1381 866 servato,
1416 741 1775 888 obequitantibus
1811 785 1993 888 praeto-

529 900 693 1022 tianis,
727 897 959 1040 Sagoviam
997 890 1278 1036 perveniunt.
1315 897 1493 990 Praetor
1533 889 1721 993 Niviam
1764 931 1995 1019 reversus,
2128 954 2129 990 t

533 1086 585 1145 ex
626 1044 678 1142 irs
688 1117 704 1160 ,
749 1080 860 1180 quos
904 1037 960 1140 ab
1006 1079 1060 1137 eo
1104 1071 1255 1175 captos
1290 1030 1420 1132 fuisse
1456 1033 1883 1157 demonstravimus,
1917 1082 1994 1142 sex

528 1221 675 1288 morte
711 1182 1028 1327 patibuloque,
1071 1214 1262 1320 quatuor
1308 1172 1557 1278 verberibus
1598 1179 1826 1282 damnavit
1867 1184 1991 1284 mul-

527 1330 779 1471 ctavitque,
803 1364 965 1429 ceteros
990 1325 1036 1424 in
1071 1321 1249 1423 exilium
1277 1319 1418 1440 misit,
1454 1356 1622 1463 praeter
1646 1322 1875 1458 Jacobum
1902 1336 1984 1428 Pe-

529 1473 716 1593 raltam,
752 1482 871 1606 cujus
906 1468 1040 1610 capiti
1073 1464 1243 1567 idcirco
1280 1465 1501 1608 pepercit,
1544 1502 1596 1567 ut
1638 1464 1767 1601 hujus
1809 1509 1990 1609 permu-

530 1619 691 1721 tatione
727 1613 1092 1732 Manzanedum,
1130 1649 1271 1720 unum
1307 1650 1359 1709 ex
1401 1610 1484 1710 suis
1527 1605 1794 1752 praefectis,
1838 1615 1990 1718 vindi-

531 1795 673 1879 caret,
711 1759 792 1902 qui
827 1758 880 1858 ad
925 1755 1111 1855 Niviam
1147 1789 1349 1893 gravatus
1383 1751 1546 1855 morbo
1583 1792 1872 1878 remanserat,
1909 1801 1988 1862 ca-

530 1944 718 2048 ptusque
754 1899 893 2002 luerat
930 1898 986 2000 ab
1021 1897 1298 1998 adversariis.
1335 1904 1500 2037 Neque
1536 1936 1640 1999 vero
1675 1897 1741 2000 his
1764 1903 1892 2004 rebus
1916 1943 1987 2046 ge·
2132 2019 2133 2044 Ν

532 2085 606 2150 strs
641 2083 814 2188 praetor
849 2043 919 2145 vel
952 2041 1174 2159 discessit,
1210 2040 1280 2142 vel
1317 2080 1360 2139 se
1400 2039 1565 2142 Niviae
1594 2043 1877 2155 continebam
1912 2051 1985 2148 sed

529 2231 607 2334 per
643 2191 733 2292 dies
769 2185 855 2290 fere
892 2186 1084 2328 singulos
1121 2183 1390 2285 incursiones
1426 2224 1565 2329 usque
1609 2189 1665 2288 ad
1706 2190 1985 2331 Sagoviensia

530 2332 778 2436 suburbana
807 2327 1021 2450 faciebat,
1055 2362 1099 2430 et
1124 2325 1280 2430 urbem
1302 2325 1509 2432 infestans
1544 2329 1862 2436 commeatibus
1892 2373 1986 2436 ma-

530 2519 618 2622 gna
654 2522 706 2578 ex
743 2514 863 2618 parte
900 2470 1248 2575 intercludebat.

602 2629 772 2722 XXVI.
834 2626 959 2717 Haec
996 2656 1100 2717 cum
1126 2618 1344 2720 Toletum
1381 2616 1578 2764 quotidie
1614 2623 1857 2726 multorum
1898 2661 1987 2726 vo-

529 2763 653 2866 cibus
684 2798 729 2862 et
753 2760 903 2861 litteris
931 2756 1248 2902 perferrenturt
1284 2801 1435 2866 coacta
1470 2767 1590 2868 mille
1625 2769 1986 2912 octingentorum
2135 2867 2136 2892 Ν

529 2907 766 3008 hominurn
802 2943 965 3025 manu,
1001 2945 1103 3007 cum
1138 2903 1204 3007 his
1239 2949 1289 3007 ea
1325 2909 1478 3011 civitas
1500 2916 1740 3046 ·Joannem
1775 2911 1985 3012 Padillam

529 3052 701 3170 mittit,
726 3047 805 3191 qui
827 3047 1162 3191 segoviensibus
1194 3051 1360 3151 auxilio
1396 3052 1558 3175 veniat,
1582 3091 1626 3155 et
1653 3091 1829 3174 cetera,
1856 3091 1986 3197 prout

536 3190 806 3337 erepublica
840 3191 983 3294 visum
1018 3187 1174 3314 fuerit,
1203 3194 1497 3296 administret.
1534 3195 1711 3318 Quibus
1748 3197 1875 3298 rebus
1910 3234 1983 3339 per

533 3341 850 3482 exploratores,
877 3380 996 3485 ¹quos
1032 3379 1108 3482 pet
1143 3336 1268 3440 urbes
1303 3338 1600 3482 disposuerat,
1637 3340 1826 3484 cognitis
1863 3381 1985 3481 prae-

533 3521 605 3586 tor
651 3487 926 3587 Hadrianum
968 3485 1254 3628 Regiumque
1297 3481 1549 3587 Consilium
1597 3479 1702 3586 facit
1752 3483 1986 3604 certiores,

530 3631 976 3771 supplementumque
1012 3628 1184 3770 poscit,
1222 3627 1257 3728 si
1293 3629 1429 3730 velint
1466 3627 1791 3772 augescentibus
1827 3630 1986 3731 adver-

531 3774 746 3874 sariorum
765 3773 905 3913 copiis
934 3769 1114 3872 obsisti.
1148 3778 1281 3872 Tunc
1307 3765 1474 3912 equites
1501 3773 1764 3914 septingenti
1793 3812 1844 3872 ex
1873 3811 1987 3914 prae·

531 3915 650 4018 sidiis
684 3915 863 4018 deducti
891 3913 1236 4023 submittunturs
1274 3914 1425 4058 itaque
1459 3955 1662 4018 numerus
1688 3917 1743 4028 ad
1780 3955 1986 4058 nongen-

532 4093 602 4159 tos
647 4061 826 4201 triginta
869 4059 1108 4181 succrevit,
1150 4099 1343 4200 quorum
1386 4097 1505 4160 erant
1546 4055 1755 4202 praefecti
1793 4059 1987 4160 Ludovi-

530 4241 606 4304 cus
640 4217 792 4304 Cueva
829 4239 872 4301 et
899 4201 1104 4305 Allonsus
1140 4202 1275 4323 filius,
1310 4200 1650 4348 Ludovicusque
1677 4203 1875 4324 Peralta,
1911 4203 1995 4344 qui.

529 4342 587 4446 ab
622 4345 755 4445 initio
788 4384 891 4448 curn
958 4385 1123 4449 raetore
1159 4383 1398 4448 venerant:
1436 4349 1546 4452 item
1583 4358 1733 4450 Petrus
1769 4384 1815 4449 et
1836 4349 1986 4450 Rode·

530 4487 644 4598 ricus
679 4503 870 4592 Bazanus
907 4387 1082 4611 lintres,
1119 4492 1363 4592 Rodeticus
1396 4504 1543 4594 Roxas
1579 4527 1622 4591 et
1647 4487 1853 4596 Alfonsns
1888 4503 1986 4592 Car·

529 4631 686 4734 denas.
724 4645 858 4736 Erant
892 4669 1041 4733 autern
1075 4632 1246 4773 equites
1281 4633 1370 4734 fere
1408 4636 1604 4738 veterani
1635 4672 1769 4777 atque
1805 4634 1989 4754 delecti,

528 4813 579 4906 ut
612 4773 736 4882 facile
772 4776 1051 4882 collectitium
1087 4811 1131 4879 et
1165 4810 1372 4916 tyronem
1413 4779 1760 4890 adversariorum
1803 4815 1986 4884 manum

1881 4962 1989 5028 con·
