4294 5972
587 421 830 508 CAROLI
872 423 925 504 V.
968 421 1077 502 LIB.
1128 423 1181 504 Χ.
1520 425 1603 514 3¹8

175 577 370 689 millium
407 576 657 722 horumque
693 576 904 682 Germani
939 576 1124 739 triginta
1161 573 1329 692 millia,
1356 611 1402 676 et
1438 615 1540 680 cum
1579 580 1645 682 bis

173 728 315 872 copiis
362 734 615 828 Turcarum
655 729 899 828 adventum
943 763 987 824 se
1032 759 1081 823 ιιι
1125 721 1285 841 ltalia,
1324 721 1361 828 si
1397 716 1485 824 huc
1529 723 1643 830 forte

172 872 497 1016 procederent,
534 905 907 1014 exspectaturum.

249 1028 329 1119 IX.
413 1026 536 1120 Haec
578 1020 717 1182 Regis
753 1053 959 1158 responsa
994 1005 1286 1132 Caesariani,
1326 1009 1489 1154 quibus
1530 1015 1640 1142 ille,

157 1189 268 1304 'quo
301 1159 518 1283 diximus,
540 1163 725 1264 nomine
756 1195 975 1303 suspectus
999 1193 1117 1279 erat,
1145 1157 1205 1258 sic
1227 1157 1638 1298 interpretabantur:

172 1308 335 1408 velle
322 1345 470 1449 rpsum
505 1306 646 1409 milite
682 1306 898 1406 subducto
932 1303 1218 1406 Germaniam
1253 1304 1432 1404 reddere
1473 1305 1530 1404 ad
1573 1345 1639 1406 re-

172 1451 417 1553 sistendum
465 1449 755 1553 infirmiorem
804 1487 848 1550 et
892 1489 1027 1591 quarn
1070 1448 1118 1552 in
1170 1485 1343 1590 partem
1389 1454 1638 1616 Turcarum

170 1595 382 1698 exercitus
419 1595 675 1716 duceretur,
716 1634 810 1696 non
845 1594 1051 1735 ignarum
1089 1593 1285 1697 statuisse
1322 1632 1397 1738 per
1440 1597 1640 1700 occasio-

168 1778 276 1841 nem
309 1738 412 1841 belli
448 1741 727 1860 Germanici,
763 1740 909 1883 siquid
944 1751 1055 1842 Caes
1039 1739 1213 1840 sarianis
1254 1739 1507 1861 accidisset,
1553 1755 1639 1844 Ita-

167 1883 275 1986 liam
310 1884 515 1986 invadere
551 1920 595 1985 et
628 1898 853 1986 Ducatum
889 1885 1290 2004 Mediolanensem,
1327 1925 1419 2026 quo
1450 1928 1494 1988 se
1515 1888 1638 2021 deje-

167 2062 293 2130 ctum
327 2068 352 2127 a
380 2026 596 2129 Carolo
584 2027 861 2168 iniquissime
899 2020 1095 2146 ferebat,
1134 2068 1428 2168 occuparent
1459 2031 1636 2135 ulterius

168 2173 299 2271 etiam
335 2170 639 2313 progredi,
608 2210 645 2271 ιι
675 2206 849 2313 tempus
885 2168 1123 2278 invitarett
1163 2211 1301 2311 quarn
1336 2175 1634 2310 suspitionem

163 2325 263 2418 Rex
297 2351 451 2456 postea
487 2315 755 2416 conscientia
795 2314 1041 2416 stimulante
1083 2314 1340 2416 diluendam
1378 2313 1464 2416 sibi
1502 2356 1636 2457 puta-

164 2459 257 2578 vit,
293 2461 414 2561 edito
450 2500 699 2600 excusoque
735 2460 906 2578 libello,
940 2468 1065 2593 cujus
1101 2498 1275 2560 summa
1310 2455 1418 2579 fuit,
1455 2465 1636 2580 „Mali-

163 2642 330 2746 „gnos
372 2645 460 2704 esse
506 2643 651 2705 rerum
691 2605 978 2745 interpretes,
1017 2602 1098 2746 qui
1133 2645 1263 2705 suum
1300 2603 1409 2703 illud
1452 2603 1634 2709 offitio·

164 2821 197 2868 „
213 2785 255 2849 se
290 2749 453 2912 pieque
489 2746 658 2851 factum
684 2750 1081 2869 calumniarentur,
1117 2749 1284 2912 quippe
1310 2783 1480 2850 tanmm
1505 2749 1634 2854 abes·-

164 2931 255 3013 „se
281 2929 383 2994 utr
366 2932 460 3034 rpse
501 2894 724 3057 solymani
757 2893 999 2995 amicitiam
1035 2935 1086 2993 ex
1121 2893 1334 3014 etiverit,
1371 2933 1531 2996 eumve
1575 2897 1633 2999 ad

161 3032 380 3160 „bellum
415 3037 612 3178 cuipiam
640 3037 1031 3140 Christianorum
1020 2933 1301 3139 ianrendum
1330 3036 1632 3158 solicitaverit,

162 3219 260 3302 „ut
279 3182 395 3282 ultro
432 3180 518 3282 sibi
553 3224 631 3326 per
667 3183 940 3334 legationem
975 3225 1001 3284 a
1027 3183 1268 3319 Solymano
1296 3181 1630 3286 conditionibus

164 3366 305 3444 „non
332 3325 587 3490 rejiciendis
597 3329 793 3428 oblatam
814 3367 970 3504 pacem
999 3362 1247 3429 constanter
1263 3326 1629 3470 repudiaverit“,

159 3477 239 3570 nisi
256 3483 339 3642 pios
367 3501 539 3590 ceteros,
575 3471 758 3612 inquit,
783 3485 961 3608 eriperem
996 3513 1139 3574 mecum
1161 3475 1440 3576 omnetabe
1404 3513 1484 3613 ejus
1511 3477 1630 3574 hostis

159 3617 327 3751 injuriat
365 3654 471 3715 nam
506 3549 623 3714 liis
612 3617 715 3758 rpsis
748 3615 893 3718 verbis
932 3653 994 3718 est
1030 3658 1163 3720 usus

232 3765 293 3856 Χ.
369 3771 580 3864 Ceterum
616 3763 819 3905 quamvis
856 3760 1059 3866 Britanni
1091 3762 1226 3906 Regis
1263 3797 1468 3904 responsa
1504 3753 1627 3861 nibi-

160 3896 207 3997 lo
243 3896 310 3999 his
349 3899 527 4007 fuerunt
563 3908 633 4009 vel
675 3905 921 4010 liberaliora
962 3909 1033 4012 vel
1076 3905 1375 4026 humaniora,
1421 3939 1627 4005 neutmm

160 4079 309 4144 tamen
345 4051 507 4150 Carolo
542 4086 707 4190 praeter
745 4092 871 4195 spem
910 4087 988 4152 aut
1019 4050 1283 4214 opinionem
1318 4049 1484 4151 evenit.
1531 4057 1624 4149 No

159 4223 283 4288 verat
320 4191 440 4292 enim
474 4229 716 4336 utrumque
760 4211 935 4339 Regem
974 4195 1148 4297 animos
1193 4235 1219 4296 a
1255 4237 1298 4296 se
1343 4194 1626 4296 alienissimos

158 4371 334 4474 gerere,
371 4373 548 4480 propter
583 4379 678 4458 eas,
714 4380 820 4482 quas
847 4381 974 4484 supra
1014 4341 1412 4444 demonstravimus
1448 4379 1620 4440 causas

154 4485 312 4621 Itaque
336 4519 429 4583 non
467 4520 559 4586 tam
567 4485 854 4626 impetrandi
891 4526 966 4629 spe
994 4489 1150 4588 ductus
1187 4486 1346 4588 auxilia
1372 4482 1429 4586 ab
1456 4481 1522 4582 his
1552 4522 1626 4625 pe

157 4623 292 4726 titum
320 4626 531 4749 miserat,
556 4669 692 4773 quam
719 4633 874 4774 nequis
902 4673 945 4732 se
980 4666 1156 4773 posset,
1176 4632 1303 4775 quasi
1336 4624 1520 4770 superbe
1549 4659 1625 4728 aut

160 4769 434 4911 negligenter
460 4769 659 4898 fecisset,
659 4777 1059 4900 calumniari,
1030 4815 1066 4878 sr
1100 4815 1200 4878 eam
1235 4811 1386 4879 curam
1415 4772 1466 4878 in
1503 4805 1625 4873 tanta

234 4915 402 5022 Tomml
981 4919 988 4924 ’
1129 4927 1207 5020 Rr
1556 4951 1628 5018 re-
