4292 5984
610 479 854 562 ennom
888 479 941 559 v.
991 477 1106 560 rm.
1139 482 1173 560 1.
1536 475 1591 584 17·

167 633 311 742 manis
344 631 663 760 metuendum,
687 640 722 739 si
753 637 881 770 hujus
916 641 1176 742 auctoritate
1207 674 1342 785 atque
1369 645 1499 747 armis
1529 643 1631 750 fisis-

165 821 231 884 set
269 785 470 918 adjutus.
521 785 604 888 Sed
647 820 751 882 cum
795 783 1035 883 domestica
1081 780 1233 906 fraus,
1276 789 1631 934 conspiratioque

160 939 525 1051 Romanorum,
570 937 694 1060 cujus
731 925 931 1068 princeps
974 922 1057 1028 firit
1098 937 1354 1069 Perpenna,
1396 937 1630 1038 Sertorium

158 1075 424 1184 sustulisset:
463 1073 683 1216 plurimae
716 1070 944 1193 civitates,
981 1111 1092 1214 quae
1126 1069 1245 1172 hunc
1282 1077 1441 1174 ducem
1478 1119 1627 1220 seque.

157 1215 365 1342 bantur,
401 1218 632 1319 communi
676 1228 940 1356 Imperatore
984 1213 1201 1334 orbatae,
1239 1215 1493 1360 viribusque
1538 1224 1629 1321 dis-

158 1363 342 1481 tractis,
374 1359 495 1462 haud
526 1398 695 1502 magno
722 1361 907 1502 negotio
944 1359 993 1460 in
1028 1371 1338 1462 Rornanorum
1365 1399 1628 1505 potestatem

157 1543 477 1644 pervenerunt.

232 1658 358 1753 XIX.
431 1653 517 1754 Sed
553 1669 828 1794 quamquam·
864 1645 922 1750 als
958 1690 1012 1751 eo
1060 1687 1260 1794 tempore
1309 1653 1500 1756 multum
1534 1657 1629 1756 Hi*

158 1795 314 1935 spania
351 1796 556 1938 quievit,
593 1796 788 1896 maxima
823 1803 915 1926 jam
952 1831 1074 1937 parte
1110 1833 1297 1937 pacatas
1340 1837 1433 1898 non
1477 1836 1628 1903 tamen

156 1937 278 2076 prius
291 2015 309 2059 ‚
344 1975 395 2039 ut
430 1947 607 2101 Trogus
644 1939 879 2079 Pompejus
916 1939 1018 2061 ait,
1055 1941 1334 2082 perdomitae
1369 1943 1626 2043 Provinciae

155 2089 321 2224 jugum
356 2082 548 2223 Hispani
586 2080 781 2221 accipere
827 2117 1100 2220 potuerunt,
1140 2123 1275 2223 quam
1321 2097 1480 2187 Caesar
1527 2096 1627 2188 Au-

154 2261 335 2365 gustus,
359 2226 613 2366 perdomito
640 2221 728 2324 fere
757 2224 894 2342 orbe,
919 2225 1118 2324 victricia
1137 2228 1193 2325 ad
1227 2269 1300 2328 eos
1329 2267 1451 2329 arma
1488 2266 1628 2330 trans-

154 2367 292 2487 tulit,
335 2368 641 2508 populumque
683 2361 918 2466 barbamm
948 2361 1201 2485 ruforum,
1237 2366 1405 2505 legibus
1442 2373 1498 2466 ad
1534 2372 1627 2470 cul-

153 2508 321 2608 tiorem
346 2511 463 2609 vitae
486 2546 615 2607 usum
640 2509 922 2625 traductum,
959 2508 1007 2607 in
1035 2502 1228 2607 formam
1262 2506 1521 2608 Provinciae
1557 2551 1626 2611 re·

154 2652 305 2790 degit,
343 2652 574 2754 Asturibus
611 2687 655 2754 ct
688 2649 944 2770 Cantabris,
981 2650 1062 2790 qui
1098 2648 1240 2750 adhuc
1275 2647 1493 2751 immunes
1528 2647 1626 2754 fue-

156 2829 256 2894 rant
289 2797 469 2936 Imperii
503 2794 733 2915 Romani,
790 2793 907 2898 bello
952 2789 1217 2895 difficillimo
1263 2828 1307 2894 et
1342 2834 1522 2896 cruenta
1558 2798 1628 2900 vi-

156 2938 298 3038 ctoria
335 2941 546 3043 subactis.
586 2953 789 3062 Quarum
834 2978 982 3071 rerum
1033 2940 1273 3059 omnium,
1318 2937 1624 3082 gravissimum

154 3082 316 3186 'Velleii
353 3086 566 3186 Paterculi
612 3083 921 3186 testimonium
967 3123 1061 3185 non
1108 3121 1170 3185 est
1215 3083 1389 3183 silentio
1435 3121 1626 3228 praeter-

157 3229 402 3350 eundum,
450 3229 532 3371 qui
576 3268 679 3330 curn
728 3268 794 3328 res
836 3266 975 3372 gestas
1017 3229 1174 3372 populi
1217 3227 1412 3329 Romani
1453 3242 1626 3333 Roma-

155 3408 239 3472 nus
281 3373 373 3513 ipse
427 3373 612 3514 scriptor
663 3372 884 3474 luculenta
941 3373 1136 3514 epitoma
1187 3408 1539 3517 persequeretur:
1577 3385 1625 3476 In

153 3516 394 3651 Hispaniis,
429 3517 608 3659 inquit,
644 3523 764 3618 multo
804 3549 1009 3654 mutuoque
1046 3530 1104 3620 ita
1146 3549 1330 3618 certatum
1366 3550 1425 3618 est
1459 3530 1624 3655 sungui-

151 3697 234 3782 ne,
270 3689 314 3760 ur
349 3667 501 3763 amissis
532 3665 799 3762 consularibus
830 3693 869 3762 et
901 3666 1120 3762 Praeteriit
1171 3669 1466 3798 Imperatoribus
1506 3698 1625 3758 exer-

153 3806 374 3940 citibusque
410 3839 522 3942 saepe
559 3811 817 3927 contumelia,
852 3846 1124 3943 nonnumquam
1161 3812 1277 3907 etiam
1294 3813 1507 3945 perieulum
1543 3805 1625 3930 Plu-

152 3984 265 4047 muno
304 3955 515 4086 inferretur
549 3957 739 4089 Imperio:
770 3955 860 4051 illue
897 3961 996 4053 enim
1037 3955 1271 4054 Prouincias
1314 3954 1507 4082 Scipiones
1544 3986 1623 4047 con

156 4123 407 4194 sumserunt:
446 4103 536 4196 illae
572 4101 837 4196 contumelioso
874 4096 1159 4232 quatuordecim
1194 4129 1376 4191 antrorum
1411 4093 1509 4191 bello
1553 4093 1624 4190 sub

159 4234 257 4329 duce
291 4235 441 4339 Vitiata
477 4237 637 4372 majores
681 4269 828 4340 nostrus
872 4264 1160 4339 exercuerunt:
1198 4237 1288 4334 illae
1330 4267 1475 4337 terrore
1519 4235 1623 4332 Nu·

155 4381 320 4475 maurini
355 4385 446 4480 belli
476 4389 661 4519 populum
705 4383 919 4488 Romanum
966 4409 1232 4482 concusserunt
1266 4421 1276 4476 :
1312 4383 1352 4477 in
1387 4380 1468 4476 illis
1512 4407 1621 4516 turpe

154 4521 297 4660 Qiuti
331 4522 508 4656 Pompeii
532 4528 702 4662 pedus,
739 4530 964 4658 turpiusque
985 4527 1166 4624 Mancini
1192 4527 1355 4622 Seruatus
1389 4561 1475 4620 tum
1509 4525 1621 4657 ignu-

157 4667 280 4760 minia
300 4667 424 4766 dediti
451 4673 692 4802 imperatoris
725 4670 909 4768 rescidit:
946 4672 1123 4768 illector
1153 4670 1399 4778 Consulares,
1427 4695 1486 4765 tot
1507 4669 1622 4765 Prae·

158 4810 270 4906 turios
311 4811 504 4916 absumsit
540 4815 652 4918 duces
680 4888 697 4932 ,
725 4843 954 4958 patrumque
994 4839 1116 4916 aetate
1151 4821 1195 4916 in
1228 4839 1381 4912 tantum
1407 4815 1620 4915 Sertorium

230 4949 341 5060 Tum.
377 4965 414 5061 I.
893 5071 900 5084 ,
1248 4963 1292 5058 C
1475 5059 1478 5070 y
1550 4989 1620 5056 nt-
