4292 5984
631 443 1130 524 SUMMARIUM.
1463 451 1589 531 XXXI.

126 568 290 660 beralius
319 569 549 686 respondet.
580 567 753 658 Pontifex
769 573 852 658 Ma
906 570 1017 678 bius,
1049 570 1186 658 muniti
1228 570 1369 660 Carolo
1408 581 1617 670 Fetnando·

129 690 253 776 ximus
278 690 454 778 auxilium
484 719 555 804 pro
584 719 651 775 sua
679 687 856 774 facultate
908 718 984 806 que
1015 689 1137 805 placet
1184 692 1235 777 ad
1263 698 1473 783 Turcarum
1516 701 1617 790 navi

132 809 357 924 pollicente.
409 807 569 894 Carolus
609 807 856 894 Ratisbonam
908 808 1102 924 gationem
1125 807 1440 925 impediendam,
1456 815 1523 930 qui
1553 819 1615 903 ob

132 928 301 1014 concilio
331 949 549 1012 convocato
589 924 774 1060 Principes
818 947 857 1009 et
907 925 969 1012 via
1019 955 1194 1042 quaeque
1239 957 1305 1042 pet
1361 932 1622 1020 continentem

133 1046 334 1134 civitatum
379 1045 522 1162 legatos
565 1041 659 1129 de
650 1041 856 1128 imminenti
908 1073 1051 1160 perque
1082 1046 1216 1132 inulas
1250 1049 1415 1134 Danubii
1453 1051 1624 1140 devasta-

130 1164 301 1276 periculo
321 1187 477 1270 monet,
500 1161 608 1248 etad
640 1160 780 1246 bellum
796 1188 856 1246 co
911 1163 1020 1248 bant.
1667 1187 1670 1196 ¹

131 1281 329 1368 hortatur.
968 1282 1073 1366 XVI.
1149 1283 1279 1367 Petrus
1321 1287 1465 1400 Zapata
1510 1313 1623 1420 nego

206 1403 275 1486 XL
352 1399 537 1485 Germani
584 1397 758 1514 depositis
807 1397 857 1482 ad
907 1396 1003 1484 tium
1035 1394 1341 1531 sibideposcit,
1375 1427 1414 1488 et
1446 1404 1619 1492 Possido-

133 1540 287 1632 tempus
320 1515 625 1603 contentionibus
670 1513 858 1602 delectum
909 1515 1015 1600 ιιίιιιιι
1060 1515 1195 1621 venit,
1226 1541 1340 1652 atque
1386 1519 1424 1603 in
1467 1520 1626 1609 insuam

134 1635 298 1722 militum
339 1634 506 1720 habent.
552 1629 800 1748 Solymani
791 1655 859 1716 rtet
906 1660 997 1718 cunr
1028 1578 1195 1719 milituni
1217 1635 1399 1722 comitatu
1429 1640 1583 1726 transit.

135 1754 321 1840 Danubio
386 1751 591 1866 ceterisque
632 1749 860 1842 fluminibus
956 1753 1078 1836 XVII
1125 1754 1528 1869 Apptopinquantibus
1557 1785 1623 1844 au·

137 1870 249 1986 aquis
274 1871 387 1958 solito
421 1869 546 1956 multo
575 1867 776 1984 majoribus
804 1895 861 1953 re·
907 1891 988 1953 tern
1019 1867 1188 1954 hostibus
1219 1898 1285 1954 cos
1314 1894 1623 1988 strategematca

137 1989 335 2074 tardatur
909 1985 1087 2076 naviculis
1119 1985 1271 2074 ulterius
1309 2015 1375 2102 per
1401 1991 1622 2080 Danubium

201 2102 855 2219 Χ11.(ἳοιι11ε1ιιιιιιιιιιιι10ιέΒ
914 2103 1167 2219 provehendis
1197 2104 1438 2191 detrahit.

138 2221 291 2310 surianis
320 2223 499 2308 exercitus
532 2245 776 2309 armatorum
795 2219 863 2304 cit·
989 2222 1127 2307 XVIII.
1204 2221 1398 2337 Solymaoi
1451 2226 1629 2312 exercitus

137 2339 235 2424 citer
271 2365 424 2426 centum
455 2339 608 2425 millium
624 2341 865 2452 ,·praeterI
912 2366 1052 2455 magna
1105 2366 1163 2425 ars
1190 2365 1279 2424 curn
1305 2338 1528 2427 Abrahamo
1542 2347 1624 2428 Bas

138 2455 312 2542 talorum
343 2456 548 2543 duodecim
580 2399 692 2542 millia
728 2479 768 2541 et
799 2483 865 2540 ve·
913 2485 953 2540 sa
984 2369 1175 2592 praeiicto
1213 2455 1353 2571 praeire
1384 2456 1478 2570 jussa
1510 2458 1626 2545 Vien-

139 2595 295 2658 teranas
341 2575 597 2689 Hispanorum
659 2569 862 2659 cohortes.
913 2599 1004 2658 nant
1020 2574 1325 2708 appropinquat3
1349 2575 1415 2659 sed
1431 2574 1631 2711 illecogni

140 2691 382 2777 Eorumdem
417 2691 676 2807 Hispanorum
714 2689 865 2775 bellicae
913 2714 954 2776 ta
987 2690 1177 2778 hostilium
1216 2691 1411 2808 copiarum
1444 2694 1630 2811 magnitu-

142 2801 327 2894 laudes
308 2833 570 2895 recensentur.
915 2807 1022 2894 dine
1034 2813 1393 2946 Germanorumque
1423 2837 1631 2918 consensu,

205 2928 309 3010 XIII
368 2926 564 3024 Antonius
588 2925 705 3013 Leiva
735 2951 782 3009 cx
810 2929 865 3010 In·
915 2925 1110 3042 desperata
1136 2927 1292 3015 victoria
1312 2955 1476 3044 ,agmen
1503 2926 1542 3011 in
1557 2927 1632 3014 lae·

144 3043 318 3130 subribus
349 3043 401 3130 ad
443 3043 519 3130 hoc
548 3042 690 3128 bellum
729 3069 860 3128 evoca·
914 3071 1006 3130 vam
1035 3041 1193 3151 flectat,
1234 2987 1451 3130 Abrihamo
1481 3045 1625 3131 scribit.

144 3183 237 3246 tur.
285 3163 471 3276 Juventus
502 3189 551 3247 ex
589 3160 758 3274 Hispana
797 3187 862 3244 no
915 3165 952 3246 Is
997 3161 1126 3247 omnia
1187 3159 1483 3276 populabundus
1539 3164 1635 3250 Gin

144 3277 291 3366 bilitate
323 3308 391 3396 pet
425 3309 544 3396 equos
575 3276 773 3394 dispositos
816 3277 867 3364 ad
916 3277 1018 3364 zium
1048 3309 1207 3395 parvum
1249 3279 1438 3394 oppidum
1483 3310 1631 3417 oppug-

146 3399 419 3514 Imperatorem
455 3396 658 3502 advolat,
704 3393 867 3530 plsuirni·
916 3419 1015 3501 nat,
1043 3397 1153 3514 quod
1182 3396 1386 3485 Nicolizius
1414 3400 1631 3486 Pannonius

149 3543 228 3630 que
258 3516 443 3631 Principes
473 3514 563 3604 viti.
616 3457 813 3599 simma
802 3537 866 3598 rta-
919 3515 1117 3601 tuebanu.

148 3634 464 3886 §desidiibiismm
493 3632 689 3837 iandc'riiiiid
714 3631 868 3834 egnateusrari
964 3630 1632 3886 eiilprmAbradamnthduiiddds

852 3777 1011 3954 ¹'iegr
1001 3867 1152 3986 ingressi
1180 3779 1364 3982 dpgidum
1408 3890 1626 4001 occupent,

228 3893 335 4072 XIV.
410 3983 640 4121 Hippolytus
698 3983 868 4070 Medices
916 4012 983 4073 aut
1011 3987 1177 4098 subjecto
1218 3982 1462 4068 tormentario
1498 3984 1628 4100 pulve-

151 4103 362 4190 Cardinalis
392 4132 481 4191 curn
512 4103 673 4190 ausiliari
711 4101 869 4216 pecunia
917 4131 958 4189 re
990 4131 1142 4188 mumm
1174 4099 1466 4186 demoliantur.
1492 4126 1531 4187 et
1557 4133 1622 4217 op

150 4249 176 4305 a
208 4221 390 4308 Pontifice
418 4221 599 4309 mittinu
639 4226 770 4306 Petrus
799 4224 867 4302 Za·
917 4220 1051 4332 pidum
1079 4216 1202 4304 modis
1228 4218 1402 4306 omnibus
1430 4247 1628 4336 oppugna-

150 4363 246 4456 pata
312 4339 572 4427 Possidonium
620 4337 726 4425 venit
781 4363 868 4418 curn
920 4359 1005 4421 tur.

152 4459 464 4547 Pannonicorum
507 4455 675 4575 quinque
728 4449 868 4536 circiter
994 4455 1084 4542 XX.
1160 4458 1308 4540 Tuscae
1351 4453 1474 4540 diruta
1521 4479 1627 4569 parte

153 4573 337 4663 millium.
919 4572 1015 4659 muri
1046 4571 1086 4660 in
1113 4571 1344 4687 oppidum
1334 4601 1535 4686 irrumpere
1563 4603 1628 4660 co-

215 4695 312 4778 XV.
371 4691 578 4798 Insulam,
616 4721 694 4806 qua
749 4715 869 4803 prope
918 4716 1086 4793 nantur3
1103 4690 1168 4776 scd
1184 4719 1272 4776 casu
1285 4690 1446 4776 detoriti
1471 4715 1511 4775 ct
1526 4689 1628 4776 Chri

11 4903 12 4928 p
156 4811 420 4900 Possidonium
462 4841 501 4899 se
545 4810 676 4900 scirrdit
734 4809 865 4892 Danu·
918 4809 1126 4898 stianorum
1152 4807 1291 4896 virmte
1316 4805 1475 4922 repulsi,
1491 4809 1626 4923 pedem

1571 4951 1627 5007 re·
