4292 5984
583 491 644 582 ‘24
951 481 1032 564 ou
1080 479 1282 562 nauus
1324 472 1542 558 cusns

542 680 587 743 ct
624 634 829 741 omnium
873 633 961 738 fere
1006 635 1326 754 Barbarorum,
1370 634 1451 774 qui
1500 625 1773 773 temporibus
1822 624 1906 734 illis
1953 639 2009 740 ad

541 827 660 891 nova
715 781 940 883 domicilia
994 781 1270 923 quaerenda,
1309 774 1481 877 sedibus
1533 775 1680 917 patriis
1731 773 1924 898 relictiS,
1959 781 2007 885 in

463 945 466 952 ’
540 931 745 1048 Italiam,
788 925 979 1026 Galliam
1031 964 1109 1027 aut
1149 925 1287 1026 etiarn
1325 920 1595 1063 Hispaniam
1643 918 1767 1061 quasi
1816 920 2006 1026 alluvio-

539 1116 611 1178 nes
659 1070 927 1174 influxerunt
968 1070 1276 1190 Gotthorum,
1326 1067 1608 1186 Alanorum,
1661 1063 2003 1196 Vandalorum,

534 1233 812 1339 Suevorum,
860 1228 1165 1338 Hunnorum,
1209 1211 1525 1352 Gepidarum,
1569 1206 2000 1348 Longobardorum,

538 1375 829 1504 Carporum,
863 1363 1177 1505 Bulgarorum.

607 1517 760 1610 XXV.
833 1507 915 1606 Sed
950 1507 1081 1606 redeo
1118 1507 1178 1607 ad
1213 1505 1437 1630 Gotthos,
1485 1543 1716 1647 quorum,
1760 1505 1842 1646 qui
1890 1517 2001 1608 Got-

540 1651 682 1752 thiam
719 1654 778 1752 ad
813 1690 1014 1752 occasum
1056 1651 1343 1771 incolebant,
1383 1650 1429 1754 V
1421 1658 1644 1788 estrogotdri
1684 1689 1737 1747 ex
1777 1688 1998 1792 argumen-

536 1829 616 1904 τος
654 1796 735 1937 qui
781 1795 838 1894 ad
890 1832 1040 1895 ortum
1085 1794 1187 1895 solis
1232 1790 1522 1915 habitabant,
1573 1796 1811 1928 Ostrogottlai
1859 1793 1995 1933 patrio

534 1937 757 2039 vocabulo
795 1937 1076 2058 dicebantur,
1112 1976 1166 2038 ut
1200 1936 1480 2059 nominibus,
1519 1936 1630 2037 item
1665 1933 1921 2038 civitatibus
1945 1975 1991 2036 ac

534 2080 732 2225 Regibus
764 2081 992 2224 bipartitis
1029 2085 1102 2184 sed
1124 2121 1230 2183 curn
1259 2116 1440 2226 anguste
1478 2121 1562 2222 pro
1599 2078 1884 2181 multitudine
1919 2079 1996 2180 ho-

534 2228 710 2330 minum
745 2224 993 2329 habitarent
1005 2305 1021 2347 ,
1057 2228 1231 2370 utrique
1266 2267 1372 2327 cum
1406 2224 1494 2327 suis
1538 2221 1745 2325 omnibus
1794 2225 1898 2326 inde
1943 2223 1995 2324 ad

533 2407 673 2472 novas
722 2372 839 2474 sedes
884 2373 1154 2513 quaerendas
1198 2366 1389 2509 profecti
1437 2366 1606 2470 bonam
1651 2367 1851 2505 Scythiae
1895 2407 1994 2510 par-

532 2551 626 2614 tem
671 2501 809 2654 usipue
853 2517 909 2611 ad
956 2548 1147 2652 pontum
1199 2512 1422 2640 Euxinum
1479 2550 1769 2653 occuparunt.
1818 2523 1996 2612 Horum
2130 2517 2131 2564 r

532 2695 703 2798 porro,
752 2691 803 2754 ut
851 2656 1088 2758 vetustiora
1141 2693 1500 2796 praetereantur,
1543 2650 1858 2800 Vestrogotthi
1915 2654 1996 2755 cit-

533 2841 583 2898 ca
627 2838 794 2901 annum
844 2796 1010 2901 Christi
1064 2801 1155 2900 nati
1206 2799 1563 2903 trecentesimum
1613 2797 1994 2944 quadragesimum

530 2941 587 3044 ab
623 2945 827 3063 Hunnis‚
898 2944 945 3043 ui
981 2946 1116 3085 paulo
1152 2981 1252 3046 ante
1290 2943 1613 3088 Ostrogotthos
1650 2944 1994 3067 debellaverunt,

531 3087 742 3228 exagitati
785 2984 1025 3228 coniugem
1073 3123 1315 3191 statuerunt
1358 3095 1415 3189 ad
1456 3089 1657 3193 Valentis
1702 3089 1901 3192 Caesaris
1942 3085 1993 3188 fi·

530 3233 657 3351 dem,
695 3231 775 3372 qui
812 3273 863 3330 ex
899 3232 1009 3331 urbe
1045 3236 1260 3366 Byzantio
1296 3235 1492 3336 Orientis
1527 3231 1770 3373 Imperium
1808 3229 1992 3331 admini-

529 3373 723 3492 strabat,
766 3372 1076 3475 Valentiniano
1119 3369 1248 3474 fratre
1291 3413 1394 3475 curn
1446 3373 1657 3476 Gratiano
1700 3375 1795 3476 filio
1830 3375 1995 3475 Italiam

529 3517 820 3658 occiduaeque
857 3519 1106 3635 Provincias
1142 3515 1391 3618 obtinente.
1433 3519 1569 3625 Missa
1613 3518 1752 3660 igitur
1799 3519 1856 3618 ad
1904 3527 1994 3619 Va-

526 3657 691 3761 lentem
728 3661 950 3803 legatione
986 3658 1177 3764 facturos
1215 3705 1281 3783 se,
1319 3703 1431 3804 quae
1469 3663 1747 3804 imperasset,
1786 3661 1993 3802 pollicen-

480 3895 483 3900 .
527 3837 633 3924 tur,
670 3804 705 3906 si
740 3803 868 3906 liceat
904 3804 985 3909 sibi
1022 3817 1112 3941 ejus
1149 3809 1374 3910 voluntate
1411 3817 1590 3938 trajecto
1627 3804 1839 3908 Danubio
1888 3815 1993 3941 My·
2129 3828 2130 3856 ¹

529 3946 639 4045 siam
675 3984 752 4048 aut
781 3947 1018 4053 Thraciam
1055 3952 1267 4053 incolere.
1308 3962 1416 4066 Quo
1460 3952 1728 4092 impetrato,
1770 3951 1817 4052 in
1853 3948 1995 4048 Thra-

527 4090 596 4192 cia
634 4092 759 4190 datus
796 4131 860 4193 est
895 4097 975 4197 illis
1013 4097 1134 4196 locus
1180 4097 1442 4217 domicilio,
1483 4093 1564 4198 ubi
1599 4094 1896 4198 Christianam
1935 4133 1992 4192 re·

527 4235 780 4376 Hgionem,
809 4277 945 4378 quam
978 4240 1152 4381 pridem
1180 4280 1464 4384 acceperant,
1498 4279 1549 4342 ut
1581 4275 1739 4342 octavo
1769 4233 1889 4338 libro
1913 4241 1992 4336 Hi·

528 4389 669 4479 storiae
702 4385 998 4486 Ecclesiasticae
1022 4393 1236 4520 tripartitae
1271 4425 1421 4490 auctor
1453 4425 1515 4487 est
1542 4381 1873 4500 Theodoritus,
1890 4376 1991 4476 hae·

526 4521 606 4623 resi
643 4523 806 4623 Ariana
841 4566 918 4667 per
975 4529 1109 4628 scelus
1157 4569 1200 4630 et
1248 4533 1473 4634 avaritiam
1526 4528 1733 4668 Ulphilae
1795 4527 1995 4666 ipsorum

528 4665 737 4808 Episcopi
781 4709 1115 4812 corruperunt,
1159 4712 1258 4771 curn
1313 4677 1366 4775 ad
1420 4675 1467 4774 id
1516 4707 1689 4816 tempus
1735 4671 1997 4772 inviolatam

528 4809 694 4916 Christi
729 4815 993 4959 religionem
1028 4815 1290 4939 tenuissent,
1328 4815 1664 4928 Catholicorum
1701 4857 1805 4922 suae
1853 4813 1993 4962 gentis

1884 4955 1993 5101 Epi-
2128 4971 2129 5044 l
