4298 5980
577 489 662 585 174
984 477 1066 557 na
1109 475 1320 557 nasus
1369 471 1591 556 cussis

524 637 788 748 Pontificem
823 631 997 740 Rornae
1034 626 1328 774 procurabat,
1365 628 1439 730 sed
1473 664 1554 730 suo
1591 665 1776 774 quoque
1811 635 1993 744 nomine

526 785 681 891 Italicis
717 782 869 889 Caroli
903 777 1162 882 successibus
1198 770 1390 877 infensus
1428 809 1539 895 erat,
1575 812 1758 919 propter
1795 792 1991 926 Carpen.

526 971 619 1036 sem
657 921 986 1072 principatum,
1039 963 1132 1068 quo
1175 920 1425 1064 principatu
1467 915 1612 1022 fuerat
1653 963 1679 1021 a
1722 928 1989 1033 Caesarianis

527 1081 741 1209 dejectus,
778 1110 822 1174 et
858 1073 968 1174 dum
1004 1069 1284 1172 Clementem
1320 1063 1585 1166 Pontificem
1616 1075 1903 1214 Venetosque
1935 1077 1989 1178 ad

527 1217 695 1321 bellum
732 1215 1065 1335 cohortaretur,
1097 1213 1325 1316 Gallorum
1361 1211 1597 1332 animum,
1633 1249 1767 1354 atque
1803 1255 1913 1358 opes
1945 1219 1987 1320 in

528 1363 783 1465 sotietatem
827 1359 929 1464 belli
972 1355 1225 1466 deferebats
1275 1395 1356 1458 nec
1399 1355 1519 1458 eninr
1566 1353 1673 1457 haec
1716 1356 1867 1500 ignara
1911 1369 1988 1466 Lu-
2124 1371 2125 1408 ³

488 1637 489 1642 Ν
529 1508 687 1610 dovica
723 1507 839 1609 Galli
873 1507 1026 1652 Regis
1048 1542 1214 1627 matre,
1257 1535 1331 1605 aut
1371 1537 1543 1645 praeter
1587 1501 1864 1608 voluntatem
1907 1516 1988 1644 ejus

533 1651 973 1755 administrabantur.

593 1808 663 1900 ΙΙΙ.
736 1807 802 1899 Re
838 1795 973 1936 igitur
1011 1835 1088 1939 per
1123 1794 1244 1896 hunc
1278 1829 1322 1895 ct
1351 1802 1631 1896 Venetorum
1668 1792 1863 1935 legatum
1898 1807 1990 1900 Ro⁴

530 1979 629 2045 mae
675 1975 779 2041 cum
825 1940 1040 2042 Pontifice
1090 1939 1272 2039 occultis
1320 1937 1512 2039 consiliis
1563 1937 1775 2080 agitata,
1830 1939 1989 2081 placuit
2125 1997 2126 2018 r

529 2084 762 2186 communi
797 2083 1011 2206 consilio,
1037 2083 1287 2184 Henricum
1319 2081 1627 2184 Britannorum
1653 2093 1829 2224 Regem
1860 2084 1915 2184 ad
1948 2123 1989 2184 a·

528 2229 744 2330 micitiam
781 2265 825 2329 et
861 2225 966 2331 belli
1001 2227 1254 2329 societatem
1289 2225 1509 2344 invitare,
1552 2263 1689 2367 quern
1734 2227 1925 2328 alienum
1964 2266 1989 2327 a

528 2371 692 2473 Carolo
734 2373 936 2473 animum
979 2410 1127 2516 gerere
1169 2367 1396 2471 constabat
1438 2404 1618 2510 propter
1660 2368 1871 2501 injuriam
1914 2410 1988 2470 ne-

529 2516 697 2658 glectae
740 2514 896 2633 filiae,
937 2555 1074 2654 quam
1116 2514 1279 2615 Carolo
1315 2511 1425 2613 citra
1461 2511 1728 2653 legitimam,
1767 2550 1811 2613 et
1845 2548 1990 2614 matu-

528 2695 625 2758 ram
659 2691 848 2757 aetatem
882 2695 986 2757 curn
1023 2657 1356 2799 spopondisset,
1391 2694 1483 2754 non
1517 2654 1588 2756 ille
1624 2655 1808 2797 quidem
1843 2657 1986 2798 negle-
2126 2725 2127 2740 ι

529 2800 627 2919 xit,
674 2801 749 2900 sed
797 2799 919 2933 justis
971 2801 1026 2900 de
1075 2801 1212 2903 causis
1261 2797 1463 2899 Isabellae
1513 2799 1806 2942 Portugalliae
1860 2799 1989 2942 Regis
2126 2815 2127 2908 ζ

529 2941 782 3045 Emanuelis
827 2940 943 3044 filiae
986 2940 1271 3086 posthabuit.
1314 2951 1495 3082 Propter
1546 2939 1619 3043 has
1661 2946 1802 3086 igitur
1852 2981 1989 3044 causas

529 3127 605 3188 sua
640 3121 797 3227 sponte
831 3087 995 3190 Carolo
1033 3121 1354 3192 succensentem
1381 3098 1556 3230 Regem
1591 3087 1855 3189 Britannum
1891 3096 1990 3187 Pon·

529 3226 635 3330 tifex
671 3269 722 3330 ae
756 3232 920 3333 Veneti
954 3232 1083 3335 missa
1122 3231 1372 3375 legatione,
1417 3227 1771 3374 quibuscumque
1814 3229 1991 3331 rationi⁴

529 3369 611 3474 bus
636 3412 816 3513 possunt
829 3453 845 3496 ,
877 3374 925 3476 in
950 3377 1101 3486 Caroli
1134 3377 1291 3478 odium
1321 3410 1453 3514 atque
1486 3373 1703 3476 invidiam
1735 3375 1993 3490 incendunt,

531 3555 614 3617 nec
649 3516 920 3657 privatarum
957 3523 1096 3622 modo
1133 3519 1396 3656 injuriarum
1431 3518 1701 3639 admonent,
1745 3520 1820 3618 sed
1866 3518 1993 3618 etiam

533 3697 774 3762 commune
821 3663 1065 3806 periculum
1107 3695 1406 3808 proponunt,
1442 3663 1528 3762 nisi
1570 3659 1883 3762 communibus
1932 3697 1993 3760 ar-

534 3803 635 3948 mis·
655 3839 774 3906 eatur
809 3807 993 3909 obviam
1029 3810 1178 3910 Caroli
1213 3806 1405 3911 Caesaris
1441 3804 1488 3904 in
1530 3805 1622 3906 dies
1668 3802 1997 3949 augescentibus

534 3948 728 4088 opibus,
765 3951 846 4093 qui
882 3987 1051 4090 recente
1087 3954 1142 4054 de
1178 3952 1311 4054 Gallis
1348 3949 1552 4070 victoria,
1588 3949 1879 4093 ipsorumque
1917 3961 1995 4051 Rc-

535 4131 591 4234 ge
627 4128 797 4235 capto,
832 4135 970 4237 usque
1007 4099 1118 4198 adeo
1156 4094 1346 4195 sublatus
1383 4089 1518 4215 esset,
1561 4095 1730 4238 magnis
1776 4094 1995 4237 spiritibus

536 4236 717 4357 sumtis,
753 4271 803 4338 ut
839 4237 888 4338 in
924 4242 1077 4352 omnia
1104 4239 1452 4344 Christianorum
1487 4252 1645 4382 Regna
1681 4238 1889 4341 animum
1927 4235 1999 4334 ad-

535 4379 684 4506 jecisse
719 4381 964 4488 videretur:
1001 4423 1155 4529 rogare
1168 4462 1184 4507 ,
1221 4421 1271 4487 ut
1309 4385 1365 4486 ad
1409 4384 1686 4488 insolentiam
1729 4384 1880 4484 Caroli
1919 4416 1999 4477 co-

538 4515 780 4658 hibendam
822 4563 867 4627 et
914 4529 1092 4668 iniquos
1139 4565 1320 4630 conatus
1368 4530 1704 4672 reprimendos,
1754 4527 2001 4630 societatem

541 4701 686 4765 secum
722 4705 773 4768 ac
815 4664 966 4770 foedus
1010 4668 1329 4772 sanctissimum
1371 4672 1530 4776 iniret:
1579 4669 1705 4776 facile
1745 4669 1844 4774 fore
1883 4669 2003 4811 ipso*

541 4841 643 4913 rum
681 4846 815 4955 atque
857 4815 1122 4954 Gallorum,
1172 4813 1333 4968 quibus
1376 4819 1597 4925 eumdem.
1625 4819 1832 4945 animum
1874 4845 2004 4954 atque

1898 4996 2007 5063 con-
