4326 5986
928 340 1173 422 ennom
1220 338 1274 420 V.
1308 339 1426 418 LIB.
1459 343 1576 420 x111.

548 487 758 623 „aliosve
801 494 962 600 Caroli.
1000 493 1146 596 hostes
1174 479 1477 612 commeatu,
1512 531 1624 596 neve
1660 531 1749 634 qua

539 717 572 763 „
587 649 773 773 juvator
813 677 955 779 neque
1004 678 1081 781 per
1133 676 1232 737 suos
1283 635 1390 736 fines
1436 638 1615 738 transite
1668 638 1768 736 sinit

541 784 710 907 „nullo
762 784 964 924 Principe
1017 819 1094 882 aut
1133 781 1313 882 civitate
1358 773 1514 880 foedus
1556 782 1604 880 in
1654 791 1768 882 Caro

541 960 788 1050 „mentum
815 1006 827 1045 ,
858 927 1018 1066 ipsove
1054 925 1304 1028 inconsulto
1349 960 1425 1024 aut
1475 925 1650 1027 nolente
1692 918 1768 1023 faci

540 1070 707 1193 „tolus
742 1070 897 1172 itidem
933 1069 982 1170 in
1017 1071 1155 1212 Regis
1191 1068 1356 1170 malum
1392 1105 1496 1166 curn
1532 1068 1714 1169 nomine
1760 1109 1769 1164 r

541 1291 573 1335 „
593 1217 902 1318 societatemve
939 1227 1094 1316 coeat.
1134 1209 1395 1314 Christianis
1441 1213 1656 1314 militibus
1699 1221 1769 1310 Go

539 1430 575 1484 „
592 1357 788 1462 stodibus
814 1367 1036 1462 Tunttem
1059 1359 1242 1501 pedibus
1272 1392 1315 1459 et
1346 1353 1555 1457 naviculis
1582 1395 1783 1457 commea:

538 1535 631 1621 „et
672 1543 787 1643 quae
828 1503 927 1604 usui
968 1498 1178 1622 fuerint,
1226 1539 1370 1601 emere
1414 1502 1645 1602 communi
1690 1537 1770 1639 prer

537 1648 866 1784 „praestationi
913 1646 1195 1788 vectigalium
1245 1642 1577 1775 subjiciantur,
1622 1642 1771 1742 habear

538 1784 795 1909 „omnibus
828 1789 1124 1888 contractibus
1173 1787 1539 1902 immunitatem,
1576 1787 1660 1886 nisi
1704 1787 1771 1926 siq

537 1966 781 2051 „caturam
818 1931 1081 2034 exercueritt
1117 1969 1222 2030 nam
1257 1929 1293 2029 is
1327 1928 1658 2030 immunitatem
1702 1927 1772 2067 pul

538 2074 754 2215 „ctigalis
791 2076 988 2175 solvendi
1022 2112 1229 2214 usurpare
1265 2071 1430 2172 nullam
1466 2073 1629 2214 possit.
1673 2072 1745 2171 nd

537 2217 662 2336 „das
704 2224 879 2318 Tuntte
919 2217 1270 2320 Christianorum
1318 2251 1606 2317 mercatorum
1655 2249 1784 2314 contn

538 2432 571 2479 „
586 2395 630 2458 et
680 2358 777 2462 lites
828 2361 1161 2482 aestimandas,
1207 2360 1340 2494 judex
1389 2397 1482 2460 esto
1534 2396 1706 2460 summa
1755 2395 1784 2498 p

538 2541 722 2643 „quem
757 2504 941 2607 Carolus
977 2504 1080 2605 huic
1115 2503 1290 2605 muneri
1325 2498 1610 2646 praefecerit;
1646 2542 1727 2603 nec
1755 2503 1784 2601 al

537 2719 570 2763 „
586 2684 725 2785 quam
760 2648 896 2787 possit
928 2649 1127 2789 ipsorum
1170 2685 1317 2748 causas
1359 2645 1624 2778 dijudicate.
1662 2647 1784 2746 Coral

538 2783 743 2906 „Africo
780 2793 923 2912 mari,
959 2802 1140 2935 ejusque
1176 2790 1365 2933 vectigal
1400 2791 1551 2894 Caroli
1586 2827 1709 2891 esto.
1761 2799 1784 2888 li

537 3001 574 3055 „
588 2932 694 3071 pida
735 2933 782 3034 in
826 2931 999 3036 Africae
1040 2934 1263 3038 maritima
1306 2971 1384 3034 ora
1417 2969 1632 3076 occupata
1671 2970 1697 3033 a
1739 2933 1785 3033 Cs

535 3145 569 3192 ‚,
584 3074 767 3176 Carolus
803 3075 922 3180 bello
958 3080 1195 3224 receperit,
1229 3077 1364 3220 ipsius
1400 3077 1581 3180 ditionis
1617 3113 1774 3180 sunto.

539 3243 571 3334 „
587 3217 749 3318 disium
785 3255 1066 3362 quacumque
1104 3222 1359 3325 rationein
1395 3221 1576 3343 Caroli,
1615 3260 1689 3322 seu
1715 3229 1785 3318 Ha.

537 3432 569 3478 „
588 3394 788 3460 testatem
825 3364 995 3465 venerit
1045 3365 1307 3483 redieritne,
1347 3364 1512 3465 Carolo
1548 3362 1772 3498 subjaceto

535 3575 567 3622 „
589 3495 776 3605 foederis
812 3507 945 3609 semel
980 3505 1037 3610 ab
1073 3519 1264 3609 Hazeno
1299 3507 1510 3651 neglecti,
1543 3509 1735 3613 maxime
1772 3546 1785 3603 c

534 3717 567 3763 „
588 3681 633 3746 rc
669 3647 938 3789 stipendium
972 3651 1182 3795 attingit,
1229 3650 1389 3753 mulcta
1426 3691 1520 3754 esto
1544 3649 1785 3794 quinquagi

535 3787 694 3904 „lium
729 3828 1018 3899 nummorum
1052 3831 1322 3904 aureorumt
1362 3795 1520 3898 iterum
1555 3793 1712 3899 violati
1741 3831 1785 3932 pt:

534 4001 567 4048 „
583 3930 677 4072 pli;
715 3938 847 4038 tertio
883 3939 919 4040 si
954 3939 1205 4081 negligatur
1239 3979 1265 4042 a
1298 3947 1450 4081 Rege,
1484 3949 1553 4076 J'ut
1587 3972 1679 4040 esto
1713 3949 1785 4043 Car

533 4148 567 4222 3,
583 4111 726 4220 gnum
763 4079 879 4189 illius
914 4082 1202 4188 irvadendi.“
