4294 5984
564 457 623 568 76
953 469 1036 554 DE
1082 467 1284 552 REBUS
1332 463 1552 550 GESTIS

522 676 564 745 et
600 680 652 740 ex
683 670 802 779 parte
838 633 1010 757 dictata,
1039 647 1279 777 Burgenses
1313 627 1557 732 minacibus
1593 635 1684 762 ejus
1719 619 1831 732 urbe
1867 625 1997 734 dece·

522 783 662 890 dentis
703 781 1118 921 contumeliosisque
1159 774 1305 878 verbis
1351 775 1494 917 magis
1539 772 1746 895 incensi,
1795 815 1850 877 ex
1898 778 1993 884 vici

522 927 658 1048 fano,
695 966 789 1066 quo
831 924 991 1026 scilicet
1031 917 1325 1064 confirgerat,
1370 920 1635 1024 abstractum
1677 917 1894 1023 reducunt
1944 961 1991 1026 et

522 1078 570 1180 in
605 1108 821 1175 carcerem
856 1069 1132 1202 conjiciunt,
1169 1103 1303 1208 atque
1340 1065 1442 1166 inde
1484 1108 1511 1166 a
1556 1064 1758 1207 quodam
1804 1065 1871 1168 ira
1914 1061 1989 1171 fis-

523 1256 644 1322 rente
678 1215 801 1316 clava
837 1214 1034 1315 contrito
1072 1210 1214 1354 capite
1250 1244 1498 1355 peremtus,
1534 1207 1584 1308 in
1624 1210 1778 1353 gulam
1820 1208 1990 1345 injecto

516 1363 683 1506 ¹laqueo
727 1394 922 1501 raptatur
963 1355 1238 1498 trahiturque
1277 1357 1325 1459 in
1375 1351 1663 1496 patibulum,
1710 1388 1845 1496 atque
1894 1397 1990 1458 sus-

524 1507 758 1652 penditur.
795 1504 869 1604 Ad
906 1500 986 1604 hos
1022 1537 1167 1604 motus
1205 1498 1444 1619 sedandos,
1482 1499 1562 1638 qui
1606 1497 1720 1600 inter
1760 1498 1988 1603 seditionis

526 1652 653 1754 initia
688 1642 858 1750 fucrant
893 1648 1075 1766 exorti,
1110 1641 1290 1751 Inechus
1314 1644 1558 1746 Fernandus
1581 1642 1787 1746 Velascus
1814 1647 1989 1747 Castel-

526 1793 593 1896 lae
619 1792 927 1895 Comcstabilis
954 1803 1123 1935 Burgos
1152 1790 1299 1911 venit,
1333 1788 1501 1931 quippe
1527 1787 1575 1886 in
1603 1827 1653 1888 ea
1688 1787 1861 1891 civitate
1891 1788 1989 1930 plu·¹

526 1939 724 2056 timum,
766 1969 864 2038 tum
909 1935 1076 2078 gratia,
1120 1971 1218 2035 tum
1271 1932 1405 2032 etiam
1451 1930 1708 2033 auctoritate
1755 1929 1986 2073 pollebat,

525 2119 785 2224 magnoque
820 2080 1027 2180 omnium
1062 2115 1272 2181 consensu
1307 2074 1477 2178 civitati
1509 2071 1782 2217 praeficitur.
1820 2077 1902 2179 sed
1935 2069 1987 2178 uss

526 2263 636 2326 num
673 2221 972 2325 turbulentum
1008 2222 1265 2341 hominem,
1309 2219 1388 2362 qui
1433 2219 1623 2362 asperius
1667 2221 1886 2361 quaedam
1928 2220 1986 2321 li-

504 2363 764 2510 'betiusque
789 2367 837 2467 in
860 2367 1074 2468 Carolum
1109 2377 1365 2499 jactaverat,
1401 2359 1718 2506 comprehendi
1753 2401 1858 2466 cum
1891 2374 1986 2497 jus-

524 2510 670 2633 sisset,
689 2525 732 2610 'a
769 2510 896 2650 plebe
931 2509 1178 2627 concitata,
1215 2548 1328 2647 quae
1362 2508 1515 2608 sumtis
1549 2505 1681 2606 armis
1714 2545 1799 2608 sese
1817 2639 1820 2646 Ι
1835 2544 1984 2648 oppo-

525 2657 645 2774 suit,
679 2649 923 2793 prohibitus
958 2688 1051 2762 est;
1093 2691 1144 2752 ac
1172 2649 1295 2756 ¹dum
1336 2691 1380 2752 se
1426 2650 1476 2751 in
1517 2650 1641 2750 aedes
1684 2689 1775 2753 suas
1810 2650 1983 2794 placide

529 2796 883 2936 contemtimque
911 2789 1157 2939 reciperet,
1183 2832 1344 2937 parum
1379 2787 1549 2914 abfisit,
1575 2793 1687 2935 quin
1723 2835 1749 2894 a
1785 2796 1984 2936 quodam

528 2981 581 3042 cx
617 2938 747 3081 plebe
784 2940 1085 3060 occideretur,
1121 2939 1203 3082 qui
1238 2936 1306 3041 bis
1339 2939 1621 3081 scorpionem
1656 2939 1878 3058 tetendit,
1917 2939 1984 3041 bis

528 3084 744 3226 spiculum
779 3084 948 3225 aptavit
981 3081 1129 3187 Inechi
1163 3079 1418 3228 configendi
1452 3120 1607 3191 causas
1644 3081 1719 3182 sed
1754 3080 1812 3186 ab
1849 3082 1982 3184 altero

527 3228 735 3368 proxime
768 3227 1022 3348 incedente,
1064 3226 1144 3369 qui
1183 3226 1315 3330 rebus
1354 3224 1503 3329 Inechi
1537 3221 1740 3347 favebat,
1775 3223 1980 3368 prohibi-

529 3401 597 3470 tus
634 3404 695 3472 est
708 3448 723 3492 ,
758 3370 956 3510 primum
990 3371 1109 3473 velut
1143 3410 1245 3474 casu
1279 3410 1529 3518 compresso
1565 3375 1830 3512 scorpione,
1865 3407 1912 3472 et
1945 3411 1981 3470 o

525 3512 658 3616 missa
691 3514 741 3614 in
776 3511 961 3615 sublime
996 3515 1185 3659 sagitta,
1220 3519 1380 3619 deinde
1421 3552 1660 3661 postquam
1695 3514 1809 3616 illius
1846 3513 1983 3656 perti-5

526 3657 698 3762 traciam
734 3694 1033 3801 perspexerat,
1060 3699 1197 3762 nervo
1233 3663 1368 3764 etiam
1403 3664 1615 3763 dissecto.
1641 3671 1790 3803 Itaque
1811 3669 1983 3762 Come-⁴
2138 3765 2139 3794 q

526 3799 717 3921 stabilis,
752 3842 809 3904 ne
842 3803 990 3905 invitis
1008 3903 1011 3911 ,
1026 3805 1257 3947 oppidanis
1292 3808 1383 3910 sine
1419 3805 1665 3908 commodo
1697 3801 1986 3946 Reipublicae·
2138 3817 2139 3828 '

525 3975 707 4044 etcum
741 3985 821 4048 suo
858 3948 1051 4089 periculo
1087 3987 1310 4072 maneret,
1345 3951 1500 4095 Burgis
1536 3948 1745 4069 discedit,
1782 3984 1825 4050 et
1859 3947 1980 4091 oppi-

462 4121 465 4126 ’
514 4085 633 4186 dum
678 4127 774 4190 suae
818 4091 1023 4212 ditionis,
1065 4101 1207 4195 Fatum
1251 4095 1458 4215 nomine,
1495 4133 1779 4238 progressus,
1815 4091 1979 4192 cumula

521 4219 688 4332 tuatitc's
722 4232 810 4334 illic
847 4237 1095 4377 oppidanos
1130 4239 1280 4380 coegit
1317 4243 1373 4342 ad
1410 4235 1612 4340 officium
1648 4239 1815 4339 redire.

590 4385 664 4478 VI.
740 4381 1052 4512 Najarcnsium
1096 4423 1280 4525 quoque-
1322 4394 1535 4487 tumultus
1586 4384 1751 4486 eisdem
1794 4377 1977 4498 diebus,

518 4521 593 4621 sed
629 4530 797 4652 majore
831 4522 955 4623 illato
993 4527 1288 4648 detrimento,
1325 4528 1383 4629 ab
1428 4531 1640 4668 ipsorum,
1665 4541 1791 4631 Duce
1834 4533 1976 4627 Anto

515 4666 591 4762 nio
618 4665 827 4765 Maurico
855 4703 1098 4807 repressus,
1134 4669 1215 4811 qui
1250 4704 1300 4770 ut
1327 4680 1575 4772 Navarram
1612 4714 1694 4815 pro
1719 4685 1844 4816 Rege
1874 4707 1978 4773 tunc

514 4810 724 4950 temporis
760 4807 1020 4936 obtinebat,
1060 4806 1198 4920 factus
1236 4816 1291 4918 de
1327 4802 1509 4927 suorbm
1544 4814 1743 4920 moribus
1762 4817 1980 4944 certior,

1878 4963 1973 5061 Na.-
