4294 5984
523 458 772 542 CAROLI
814 457 868 538 V.
920 460 1035 540 LIB.
1070 463 1159 541 111.
1520 469 1577 560 93

158 624 281 760 jubet
318 657 569 766 rogatque,
608 657 658 720 ut
695 657 799 720 cum
837 620 990 720 eadem
1027 659 1161 723 manu
1196 618 1252 725 ad
1288 623 1637 766 compescendos·
1749 699 1757 712 ·

157 769 350 874 Comitis
386 767 647 870 Salvaterrae
684 799 831 865 motus
868 768 1232 907 progredereturr
1270 810 1322 870 ex
1359 771 1444 872 suis
1480 808 1634 876 autem

155 916 326 1057 pedites
364 911 705 1055 quadringentos
744 944 788 1009 et
822 911 989 1050 equites
1025 945 1208 1012 centum
1244 915 1515 1053 praemittit,
1552 917 1635 1059 qui

155 1063 347 1161 Pueblam
383 1093 688 1202 cognomento
731 1063 971 1190 Arganzom's
1015 1056 1235 1198 progressi
1276 1059 1437 1200 (quod
1478 1061 1635 1164 castel-

154 1203 253 1306 lum
280 1201 362 1306 sub
391 1205 589 1335 ejusdem
616 1198 928 1304 Comestabilis
963 1198 1156 1340 imperio
1193 1207 1320 1340 erat)
1357 1204 1513 1304 eadem
1549 1245 1636 1306 no-

158 1383 231 1450 cte
276 1383 437 1491 quarta
466 1346 634 1488 ¹vigilia
684 1382 789 1446 cum
832 1342 1011 1478 Jacobo
1054 1344 1250 1447 Martino
1292 1346 1435 1449 Alava
1479 1351 1637 1452 Anda*

155 1504 313 1638 gojam
356 1526 675 1633 pervenerunt,
719 1485 801 1589 ubi
837 1499 1032 1609 Comes,
1069 1491 1258 1592 exercim
1295 1494 1352 1594 ad
1387 1493 1634 1598 Victoriam

156 1638 364 1758 dimisso,
408 1677 580 1739 securus
625 1673 754 1778 agere
792 1629 1101 1736 nuntiabatur.
1143 1637 1226 1737 Sed
1260 1650 1459 1759 Comes,
1497 1681 1635 1782 quem

160 1823 320 1886 eorum
356 1782 567 1887 aduentus
604 1779 736 1882 latere
773 1818 867 1882 non
903 1779 1082 1921 potuit,
1124 1818 1361 1886 conscenso
1404 1823 1553 1926 equo,
1590 1827 1635 1888 se

154 1924 263 2072 fuga
299 1928 597 2032 subtraxerat.
625 1939 695 2029 Re
722 1925 859 2064 igitur
888 1918 1079 2044 infecta,
1111 1922 1292 2030 aedibus
1320 1931 1462 2029 modo
1497 1930 1633 2071 ipsius

156 2074 340 2217 direptis
366 2109 409 2174 et
440 2070 654 2191 incensis,
690 2065 901 2168 Pueblam
939 2101 1229 2170 revertuntur.
1257 2073 1473 2176 Postridie
1499 2083 1636 2178 Man*

157 2218 275 2321 ricus
311 2227 425 2318 Lara
472 2257 576 2320 cum
624 2211 828 2357 peditum
870 2209 1043 2313 duobus
1088 2212 1282 2316 millibus
1324 2253 1368 2318 et
1409 2219 1635 2360 equitibus

157 2361 453 2505 quadraginta
496 2359 775 2502 Trevignum
818 2356 1053 2498 pervenit,
1096 2392 1229 2499 atque
1279 2357 1384 2461 inde
1425 2366 1636 2498 adjuncta

159 2546 242 2625 ea,
278 2546 394 2648 quae
430 2505 487 2604 ad
522 2504 735 2606 Pueblam
779 2539 897 2620 erat,
942 2541 1114 2620 manu,
1148 2501 1403 2644 insequente
1441 2505 1511 2606 die
1547 2509 1637 2611 Vi*

159 2649 350 2751 ctoriam
388 2648 626 2788 processit,
662 2645 989 2789 oppidanisque
1021 2647 1071 2746 in
1095 2641 1180 2747 fide
1218 2645 1512 2769 confirmatis,
1544 2654 1640 2751 sal-

160 2830 375 2899 vaterram
413 2828 598 2902 movet3
635 2828 679 2893 et
714 2792 763 2893 id
799 2790 1052 2933 oppidum,
1089 2828 1193 2891 cum
1229 2790 1338 2893 citra
1379 2794 1639 2897 contentio-

161 2979 269 3043 nem
313 2939 597 3080 recepisset,
619 2933 799 3073 Jacobo
844 2934 1045 3037 Martino
1087 2935 1253 3038 Alavae
1294 2940 1635 3046 custodiendum

158 3086 327 3207 tradit,
363 3083 582 3227 praesidio
610 3083 906 3184 ducentorum
935 3077 1173 3183 hominum
1200 3082 1449 3207 attributo,
1477 3084 1636 3187 Victo-

161 3232 365 3372 riamque
402 3228 657 3331 revertitur.
690 3230 773 3332 Sed
808 3267 913 3330 cum
934 3227 1118 3331 allatum
1139 3267 1277 3350 esset,
1314 3227 1545 3332 Comitem
1579 3230 1638 3334 ad

162 3375 323 3480 vallem
360 3387 675 3518 Quartangum
719 3414 872 3476 manus
917 3411 1114 3519 cogere,
1162 3413 1217 3474 eo
1268 3374 1493 3476 Mauricus
1544 3415 1637 3478 suas

162 3522 316 3665 copias
361 3521 574 3642 deducit,
617 3561 807 3664 quarum
852 3520 1073 3664 impetum
1107 3531 1271 3624 Comes
1315 3519 1638 3664 intelligens'a

162 3707 209 3766 se
245 3665 446 3768 sustineri
483 3706 577 3768 non
612 3705 769 3810 posse,
805 3666 856 3766 in
900 3666 1128 3809 proximos
1169 3703 1340 3771 montes
1382 3705 1471 3767 sese
1513 3703 1638 3764 suos-

162 3850 254 3954 que
290 3810 488 3915 abdidit.
526 3811 600 3914 Ille
637 3850 745 3916 vero
783 3810 951 3955 direpta
985 3813 1096 3914 valle
1108 3889 1124 3933 ,
1161 3850 1205 3914 et
1241 3815 1503 3951 Andagojae
1539 3816 1640 3909 Mo·

164 3955 449 4101 rillarumque
484 3957 656 4062 arcibus
693 3957 910 4079 incensis,
947 3958 995 4062 in
1030 3957 1280 4060 Merindades
1317 3957 1465 4096 (quac
1508 3991 1639 4096 prae-

160 4093 355 4201 fecturae
391 4145 417 4204 a
452 4095 775 4229 Comestabili‚
811 4141 861 4209 ut
896 4102 1162 4221 docuimus,
1202 4093 1492 4236 defecerant)
1525 4137 1640 4198 con-

167 4281 347 4365 versus,
384 4282 574 4389 quatuor
611 4289 663 4349 ex
699 4251 753 4352 iis
788 4251 846 4351 ad
882 4242 1086 4348 officium
1123 4231 1261 4346 redrre
1290 4244 1474 4364 coactis,
1505 4277 1549 4343 et
1579 4241 1645 4342 in-

163 4428 294 4490 censa
331 4389 471 4492 domo
517 4393 709 4494 Gonzali
754 4389 1035 4511 Barahonae,
1078 4393 1136 4492 ad
1181 4387 1532 4502 Comestabilem
1570 4426 1642 4494 re<

163 4534 379 4656 uertitur,
417 4535 497 4678 qui
533 4531 859 4678 profectionem
895 4534 945 4638 in
982 4533 1148 4639 bellum
1186 4536 1471 4682 popularium
1508 4571 1647 4676 urge-1

160 4677 265 4784 bat.
304 4689 434 4782 Nam
474 4718 560 4784 tres
596 4684 698 4786 alias
735 4675 978 4787 Merindades
1015 4681 1239 4784 Gonzalus
1276 4683 1398 4783 idem
1442 4680 1491 4780 in
1533 4676 1645 4780 ami-

160 4825 275 4930 ·citia
319 4863 364 4930 et
407 4826 615 4955 societate
657 4826 848 4934 Comitis
902 4827 1167 4939 continuits
1214 4827 1332 4930 unde
1386 4825 1436 4930 in
1482 4824 1664 4928 vallem·

1529 4971 1644 5102 Aja-
1668 5061 1672 5070 .
