4294 5972
565 481 808 564 ennom
845 483 898 561 v.
944 485 1065 562 eru.
1107 489 1178 564 xr.
1486 459 1596 587 349¹

165 636 480 782 desperatione
502 636 610 737 arcis
646 636 956 774 recipiendae,
999 640 1159 775 partim
1196 638 1304 738 odio
1341 641 1490 760 ducti,
1527 685 1617 784 quo

162 794 394 884 Hazenum
431 778 841 922 prosequebantur,
883 781 1116 880 consilium
1152 780 1264 882 inire
1298 822 1532 924 coeperunt
1564 792 1619 888 de

165 939 291 1068 Rege
330 925 377 1026 in
412 924 595 1065 gratiam
637 920 878 1022 Clraradini
915 924 1142 1023 necando.

238 1080 315 1170 Xl.
389 1076 493 1165 Hoc
530 1075 734 1162 Harenus
771 1102 847 1202 per
883 1067 1131 1164 amicorum
1174 1063 1390 1166 indicium
1437 1071 1620 1210 cognito

169 1213 227 1312 ad
263 1208 428 1310 amicos
466 1209 691 1308 Nomades
727 1199 949 1344 confugit.
989 1213 1113 1306 Tum
1150 1208 1396 1348 oppidani,
1423 1213 1514 1311 etsi
1549 1253 1623 1312 ve-

169 1352 390 1478 hementer
428 1349 636 1448 dolebant
669 1348 793 1488 quod
828 1341 1008 1449 fuissent
1044 1391 1118 1490 spe
1142 1351 1251 1450 novi
1280 1353 1447 1494 Regis,
1484 1394 1620 1494 quem

170 1496 321 1594 civitas
358 1492 551 1592 maxime
588 1525 792 1629 cuperet,
829 1528 855 1585 a
890 1491 1143 1594 Charadino
1181 1493 1349 1612 delusi,
1394 1533 1541 1596 tamen
1576 1501 1624 1599 in

171 1671 293 1736 tanta
339 1673 484 1736 rerum
528 1633 763 1773 iniquitate
806 1671 959 1772 pacem
1008 1634 1065 1735 ab
1115 1635 1212 1773 ipso
1264 1673 1408 1774 petere
1457 1639 1625 1740 consti-

169 1812 324 1882 tuunts
361 1777 575 1914 missaque
610 1776 829 1916 legatione
867 1787 943 1914 per
980 1779 1148 1914 primos
1184 1778 1372 1878 civitatis
1406 1780 1454 1879 in
1491 1781 1627 1883 fidem

170 1959 216 2019 se
258 1958 308 2018 ac
357 1953 619 2057 potestatem
656 1915 894 2018 Charadini
936 1920 1231 2056 permittunt,
1275 1959 1386 2056 quos
1429 1921 1501 2021 ille
1545 1965 1625 2024 co-

171 2059 372 2162 hortatus
406 2057 636 2160 liberaliter
673 2056 875 2156 oratione
914 2059 1220 2199 prosequitur.
1259 2061 1510 2162 Petentibus
1546 2107 1628 2165 au-

172 2236 290 2320 tem,
327 2238 377 2301 ut
411 2210 585 2340 Regem
622 2196 705 2300 sibi
740 2202 1034 2321 renuntiaret,
1066 2203 1257 2341 proquo
1292 2241 1398 2302 esset
1423 2243 1547 2306 more
1571 2209 1629 2308 ci-

175 2343 321 2445 vitatis
359 2343 409 2442 in
445 2340 659 2442 sacrificiis
693 2340 962 2444 nominatim
993 2344 1352 2484 supplicandum,
1374 2387 1414 2445 se
1455 2357 1630 2486 respon⁴

175 2484 242 2584 dit
280 2485 410 2623 paulo
458 2517 559 2624 post
605 2485 861 2624 praestituto
898 2486 971 2585 die
1018 2485 1360 2586 declaraturum.
1413 2501 1521 2606 Quo
1558 2489 1630 2588 die

176 2627 477 2744 illucescente,
513 2625 738 2763 Solymani
779 2632 1030 2727 Turcarunr
1071 2628 1283 2765 Principis
1332 2631 1539 2730 vexillum
1581 2630 1631 2730 in

179 2807 274 2870 arce
311 2768 586 2910 propositum
621 2768 862 2908 apparuit,
891 2806 934 2870 et
970 2768 1085 2869 hunc
1120 2808 1204 2909 pro
1229 2781 1353 2910 Rege
1377 2769 1631 2874 habendum

180 2951 268 3010 esse
320 2913 649 3052 pronuntiatum
691 2945 780 3012 est.
826 2913 964 3032 Quod
1006 2911 1206 3052 quamvis
1251 2911 1389 3010 iidem
1435 2915 1631 3013 dolenter

180 3049 375 3171 ferrent,
413 3053 569 3153 animis
606 3087 754 3152 tamen
789 3053 993 3153 oratione
1037 3053 1195 3154 blanda
1230 3089 1273 3150 et
1309 3051 1473 3155 liberali
1512 3055 1634 3155 Cha-

179 3195 319 3294 radini
355 3195 544 3296 delinitis
581 3235 678 3294 earn
716 3196 1018 3296 conditionem
1053 3233 1096 3296 et
1133 3231 1291 3294 statum
1328 3195 1514 3297 civitatis
1540 3207 1635 3295 Ha-

181 3337 281 3436 zeni
317 3332 509 3438 hominis
546 3339 665 3434 avari
702 3373 746 3437 et
778 3339 1024 3478 importuni
1058 3338 1225 3438 crudeli
1260 3337 1504 3440 dominatui
1539 3339 1633 3438 lon-

179 3515 236 3618 ge
273 3476 356 3578 sibi
394 3473 728 3617 praeferendum
765 3477 1007 3619 putabant.

252 3628 348 3718 XII.
423 3630 548 3719 Haec
583 3619 769 3719 Tunetis
814 3624 1047 3764 occupatio
1088 3623 1234 3723 ltaliae
1273 3661 1316 3723 et
1352 3623 1518 3726 Siciliae
1555 3661 1636 3763 pe-

180 3759 371 3864 riculum
408 3760 688 3863 vehementer
724 3764 844 3864 auxit
879 3804 1055 3906 propter
1093 3766 1475 3906 opportunitatem
1519 3763 1607 3863 loci
1622 3839 1637 3882 ‚

182 3943 272 4042 qua
309 3904 376 4004 usi
413 3909 644 4046 quondam
684 3907 819 4008 vicini
862 3908 1222 4046 Carthaginenses
1259 3907 1401 4006 Sicilia
1441 3942 1484 4005 et
1519 3905 1640 4004 mul-

185 4047 239 4144 tis
276 4082 496 4186 praeterea
531 4048 726 4176 ejusdem
765 4050 899 4148 maris
935 4049 1086 4149 insulis
1129 4045 1352 4148 debellatis
1388 4047 1554 4147 ltaliam
1597 4080 1642 4146 et

180 4188 403 4327 Populum
455 4202 712 4292 Romanum
768 4191 898 4290 variis
954 4191 1034 4289 diu
1102 4187 1464 4329 difficillimisque
1520 4187 1643 4288 bellis

180 4363 465 4431 vexaverunt.
517 4343 726 4451 Quorum
770 4334 959 4432 secundo
983 4343 1308 4444 ,Romanorum
1349 4331 1572 4472 vectigalis
1618 4369 1644 4428 a

182 4473 385 4612 Scipione
421 4468 629 4572 Africano
675 4481 849 4604 Majore
893 4470 1006 4574 facta
1043 4511 1142 4592 est,
1182 4471 1400 4604 Annibale
1442 4476 1640 4573 devicto:

184 4616 317 4730 tertio
353 4615 610 4728 aMinore
628 4615 797 4752 penitus
835 4616 1002 4734 deleta,
1044 4617 1306 4756 incensaque
1355 4618 1457 4755 igne
1499 4614 1556 4716 ab
1604 4615 1647 4712 i-

185 4754 271 4890 psis
296 4753 765 4897 Carthaginensibus,
799 4755 923 4856 rebus
959 4758 1237 4896 desperatis,
1271 4757 1463 4889 injecto.
1521 4769 1647 4874 Quae

1583 4929 1650 4992 ta-
