4298 5980
554 459 799 543 CAROLI
841 459 1175 546 v.L1u.v1.·
1302 485 1306 494 ·
1494 453 1576 562 '205

14 672 17 688 ·
152 622 248 769 pias
282 615 394 723 citra
420 611 592 718 Padum
617 615 763 754 primo
799 652 983 755 quoque
1019 652 1219 758 tempore
1256 657 1507 735 revocarem
1531 644 1624 731 Coa

14 818 19 834 ·
157 759 460 872 lumnensibus
504 759 735 900 superioris
779 758 992 900 temporis
1033 761 1080 860 in
1120 801 1165 862 se
1209 765 1384 897 injurias
1426 771 1644 899 remitte-k

14 964 18 974 ·
155 951 260 1023 ret3
296 901 511 1012 militibus
548 941 682 1046 arque
719 898 978 1047 praefectis,
1017 906 1097 1046 qui
1133 916 1330 1010 Romam
1366 947 1410 1011 et
1446 915 1628 1017 Vatica-

155 1098 267 1162 num
324 1053 476 1155 vicum
529 1049 818 1170 invaserant,
859 1049 1029 1150 crimen
1074 1053 1386 1162 condonarets
1440 1095 1630 1202 quatuor

154 1198 378 1305 mensium
414 1193 622 1300 induciae
653 1193 830 1313 fierent,
867 1230 919 1295 ut
954 1193 1137 1298 interim
1172 1198 1226 1300 de
1268 1237 1481 1341 perpetua
1523 1241 1631 1344 pace

154 1383 263 1446 cum
286 1342 449 1445 Carolo
473 1353 655 1442 Caesare
691 1337 938 1459 firmanda,
966 1374 1010 1440 ct
1036 1337 1213 1480 publica
1246 1343 1482 1446 concordia
1506 1379 1633 1450 trans-

155 1485 390 1630 igeretur;
434 1494 578 1627 Hugo
615 1520 721 1587 vero
768 1479 888 1581 nulla
941 1481 1204 1625 interposita
1255 1527 1384 1590 mora
1419 1526 1602 1593 manum
1615 1569 1633 1613 ,

156 1672 300 1774 quam
336 1629 600 1748 induxerat,
636 1669 688 1729 ex
723 1622 833 1728 urbe
869 1623 1128 1732 reduceret.
1620 1625 1631 1638 ⁴

230 1785 383 1878 XLIII.
457 1772 542 1872 His
577 1767 703 1874 rebus
740 1767 1016 1891 constitutis,
1054 1808 1097 1873 et
1133 1773 1200 1876 ab·
1229 1815 1422 1921 utroque
1463 1791 1633 1917 jureju-

155 1921 300 2020 rando
355 1915 578 2029 firmatis,
620 1927 764 2050 Hugo
820 1949 925 2010 cum
983 1919 1203 2052 Pompejo
1263 1924 1498 2025 cardinale
1551 1964 1634 2024 00„-

157 2056 458 2197 hortibusque
494 2053 761 2172 discedunt,
799 2086 843 2152 et
878 2052 1123 2191 Neapolim
1160 2095 1438 2165 revertuntur
1454 2145 1473 2161 ..
1512 2075 1633 2167 Pon·
1755 2091 1757 2096 '

155 2200 272 2306 tifex
316 2237 468 2300 autem
520 2237 615 2298 suas
667 2194 814 2337 copias
856 2235 910 2294 ex
962 2196 1108 2296 castris
1151 2203 1488 2306 Foederatorum
1536 2245 1632 2309 non

159 2346 308 2448 solum
345 2343 454 2444 citra
494 2341 700 2461 Padum,
743 2338 817 2440 sed
862 2347 1061 2441 Romam
1106 2339 1238 2443 etiam
1278 2381 1483 2446 revocare
1525 2388 1635 2452 εοιι-Ι

154 2490 302 2590 stituit
336 2526 414 2628 per
449 2485 640 2626 speciem
694 2522 788 2584 sese
831 2478 1079 2626 urbemque
1130 2485 1292 2587 tuendi.
1336 2525 1489 2591 contra
1535 2504 1634 2593 co-

158 2631 465 2734 lumnensium
500 2628 715 2763 injurias,
751 2625 788 2727 si
821 2661 960 2726 rursus
996 2627 1148 2765 (quod
1183 2635 1427 2767 metueret)
1462 2643 1637 2768 majora

156 2771 365 2880 confecta
416 2813 553 2878 manu
588 2769 726 2874 fidem
761 2764 957 2869 fallentes
994 2768 1287 2910 ingruissent,
1330 2775 1404 2874 sed
1447 2816 1494 2879 re
1530 2817 1634 2882 vera

154 2957 210 3022 ut
248 2954 478 3063 acceptam
512 2913 832 3020 contumeliam
867 2910 1172 3014 ulcisceretur.
1214 2915 1386 3057 Igitur,
1422 2922 1501 3026 ubi
1533 2933 1635 3024 Ro.

155 3101 286 3168 mam
315 3065 528 3164 Italorum
554 3064 652 3164 duo·
674 3057 815 3162 millia
842 3055 1010 3158 delecta
1045 3092 1230 3177 manus,
1267 3059 1349 3200 qui
1385 3061 1467 3163 sub
1489 3068 1636 3203 Joan-

155 3247 213 3312 ne
241 3207 427 3309 Medice
450 3220 579 3312 Duce
613 3199 855 3306 fortissimo
891 3197 1217 3321 militaverant,
1253 3239 1297 3303 et
1326 3204 1634 3314 Helvetiorum

155 3353 255 3452 duo
287 3349 427 3454 millia
463 3347 701 3492 quingenti
736 3379 1050 3487 pervenerunt,
1081 3378 1212 3444 aucto
1249 3386 1326 3490 per
1357 3388 1528 3455 novum
1565 3356 1635 3460 def
1679 3476 1683 3483 g

153 3493 328 3597 lectum
372 3493 563 3596 exercitu
608 3492 664 3591 ad
712 3487 950 3591 hominurn
992 3523 1263 3594 armatorum
1304 3531 1410 3597 octo
1461 3495 1634 3616 millia,

157 3636 244 3738 hos
283 3640 332 3740 in
365 3637 476 3739 lines
511 3634 883 3739 Columnensium
918 3631 1105 3751 induci,
1136 3668 1178 3736 et
1220 3674 1373 3740 cuncta
1417 3637 1631 3740 hostiliter

154 3813 331 3881 uastare
372 3778 524 3912 jubet.
567 3778 635 3882 Illi
680 3775 798 3880 haud
841 3777 1029 3919 segniter.
1074 3775 1290 3915 imperata
1332 3777 1542 3901 faciunt,
1582 3779 1631 3885 in

155 3921 478 4064 proximosque
513 3921 636 4027 vicos
673 3958 718 4025 et
764 3921 937 4024 castella
984 3918 1290 4023 Colutrmensis
1332 3921 1514 4024 ditionis
1556 3922 1632 4026 ina·

156 4064 287 4164 ducti
336 4105 465 4209 agros
518 4064 757 4207 populari,
798 4060 997 4164 aedificia
1040 4059 1228 4201 diripere
1276 4098 1321 4163 et
1366 4064 1630 4189 incendere,

161 4207 397 4349 longeque
426 4246 471 4310 et
498 4209 584 4310 late
612 4249 639 4308 a
663 4208 788 4308 nullo
813 4200 1034 4306 maleficio
1056 4239 1133 4304 aut
1163 4205 1317 4308 scelere
1340 4243 1630 4351 temperantes

159 4343 394 4495 divagari,
413 4355 558 4454 donec
578 4349 716 4453 classis
735 4348 901 4490 viginti
921 4383 1089 4490 septem
1109 4347 1405 4454 vectoriatum
1422 4351 1631 4483 navium,

157 4535 280 4636 quae
318 4535 422 4600 cum
458 4494 652 4600 auxiliari
688 4531 827 4598 manu
867 4531 920 4594 ex
945 4491 1178 4634 Hispania
1222 4493 1506 4614 mittebatur,
1541 4538 1630 4638 op*

160 4676 361 4778 portuno
398 4677 598 4782 tempore
628 4638 805 4780 appulsa
840 4669 933 4758 est,
957 4666 1002 4740 et
1030 4636 1191 4739 milites
1227 4641 1284 4740 ad
1316 4651 1517 4773 Cajetam
1550 4679 1631 4742 err-a

161 4783 302 4925 positi
336 4819 383 4886 et
417 4786 523 4889 inde
559 4784 620 4886 ad
651 4783 840 4887 istorum
874 4813 1054 4880 conatus
1093 4778 1391 4921 reprimendos
1426 4782 1597 4886 inducti
1615 4838 1632 4886 a

239 4933 405 5066 mv,
478 4937 606 5036 Haec
640 4925 778 5049 classis
815 4917 1120 5074 Hispanomnt
1154 4965 1228 5048 ser
1254 4923 1429 5054 millia,
1452 4939 1630 5038 Gennaa

160 5142 169 5150 ⁴
247 5163 251 5170 ·
1535 5115 1625 5188 noa
