4326 5986
535 472 778 557 CAROLI
820 473 873 555 V.
915 474 1031 555 L1B.
1085 479 1198 557 xm.
1351 495 1355 500 '
1513 489 1603 588 397

179 629 363 738 fortium
400 670 450 731 ac
495 629 802 774 legitimorum·
842 628 1034 732 militum
1070 631 1204 774 longe
1248 629 1415 736 minori
1451 637 1645 740 'numero

106 909 108 916 Α
178 781 382 882 cessisse:
417 775 629 878 virtutem
670 811 914 916 oportere,
951 775 1093 918 magis
1136 816 1274 918 quam
1316 779 1648 888 multitudinem

178 959 406 1066 spectare3
446 961 527 1024 nec
570 959 676 1022 vero
720 960 834 1062 quos
876 919 1014 1021 virtus
1058 921 1308 1043 desereret,
1353 923 1414 1023 cis
1465 927 1650 1028 moenia

177 1068 373 1171 multum
409 1107 496 1170 esse
533 1059 794 1206 profutura,
813 1104 931 1174 ,cum
965 1067 1215 1206 praesertim
1257 1103 1475 1169 constaret
1519 1071 1648 1211 oppi-

177 1215 290 1314 dum
325 1250 419 1313 non
454 1210 703 1314 admodum
737 1249 823 1312 esse
859 1248 941 1312 nec
977 1207 1221 1352 operibus,
1255 1253 1336 1317 nec
1371 1247 1523 1314 natura
1557 1213 1650 1315 loci

179 1393 440 1460 munuum.

251 1511 365 1604 VIII.
438 1498 540 1603 Tali
577 1498 869 1642 disputatione
904 1494 1084 1620 habita,
1117 1539 1222 1602 cum
1258 1498 1316 1603 ab
1352 1499 1446 1601 aliis
1481 1498 1647 1606 resiste·

178 1681 298 1748 retur
334 1641 593 1788 negantibus
629 1641 804 1746 hostem·
843 1641 891 1743 in
928 1643 1068 1784 parvis
1109 1644 1275 1786 praeliis
1323 1645 1393 1746 vel
1433 1644 1651 1788 pedestri-

177 1784 291 1910 bus,
330 1790 400 1892 vel
438 1787 707 1924 equestribus
749 1826 802 1888 ea
841 1785 1012 1888 virtutis
1054 1786 1304 1930 praebuisse
1346 1790 1645 1909 documenta,

176 1969 228 2034 ut
264 1970 495 2072 tantopere
530 1932 878 2034 contemnendus
894 1973 896 1978 ·
915 1931 1170 2040 videretur3
1216 1933 1401 2034 Carolus
1436 1932 1653 2035 omnibus

176 2076 373 2177 consiliis
409 2078 771 2180 antevertendum
806 2113 951 2196 ratus,
985 2107 1037 2174 ut
1073 2081 1297 2178 Tunetem
1340 2113 1650 2219 oppugnaret,

175 2217 306 2360 plura
343 2217 424 2322 hos
452 2221 596 2324 dicere
624 2220 795 2341 vetuit,
820 2257 927 2320 nam
958 2216 1077 2337 sibi,
1116 2221 1242 2360 quod
1272 2255 1519 2363 expugnata
1549 2231 1645 2322 Go-

176 2363 265 2466 leta
300 2362 381 2484 sit,
423 2401 469 2466 et
503 2403 656 2467 exutus
692 2364 820 2466 classe
854 2360 1148 2482 Charadinus,
1180 2361 1292 2464 nihil
1327 2359 1497 2466 factum
1523 2364 1649 2466 vide·

177 2507 264 2629 ri,
306 2507 391 2611 nisi
440 2505 571 2612 fuerit
619 2506 889 2611 Charadinus
935 2508 1056 2610 idem
1091 2585 1107 2629 ,
1155 2508 1506 2648 Solymanusque
1548 2515 1652 2608 Tu-

178 2651 292 2752 netis
338 2651 474 2758 etiarn
532 2652 722 2793 imperio
766 2653 997 2786 dejectus3
1039 2691 1083 2750 se
1126 2689 1279 2772 vero,
1332 2652 1412 2794 qui
1456 2690 1537 2753 nec
1579 2689 1656 2752 eas·

178 2790 462 2899 difficultates
510 2797 808 2936 spernendas,
853 2836 938 2898 nec
987 2791 1291 2898 Charadinum
1342 2835 1445 2897 cum
1513 2794 1648 2897 tantis
1781 2875 1785 2884 .

178 2939 321 3079 copiis
353 2944 730 3043 contemnendum
768 2974 973 3080 putaret,
1010 2974 1062 3040 ut
1095 2978 1174 3040 nec
1209 2979 1348 3042 rursus
1384 2942 1511 3041 valde
1558 2978 1652 3039 me-

179 3084 440 3204 tuendum,
474 3124 569 3187 non
617 3121 711 3186 tam
758 3082 955 3184 hostium
1000 3083 1244 3226 ignaviae,
1320 3123 1423 3184 uam
1470 3119 1652 3184 suorum

179 3225 338 3328 virnrti
380 3226 557 3348 fidere,
598 3230 673 3330 sed
726 3228 931 3330 omnium
966 3228 1158 3328 maxime
1200 3227 1248 3329 in
1286 3125 1443 3329 livore
1485 3224 1654 3329 Christi

58 3465 61 3471 Α
179 3369 271 3472 Dei
311 3407 433 3511 spem
479 3369 692 3484 victoriae
709 3372 981 3492 collocasse,
1022 3409 1161 3514 quern
1215 3411 1270 3474 eo
1315 3369 1474 3491 bello,
1525 3368 1653 3512 quod

182 3550 293 3615 essct
339 3550 496 3616 contra
551 3514 717 3658 impios
763 3549 1056 3657 susceptum,
1114 3512 1198 3616 sibi
1242 3555 1293 3616 ac
1350 3515 1435 3656 pio
1478 3512 1658 3655 populo

181 3696 279 3758 non
316 3659 509 3761 crederet
545 3697 636 3761 esse
679 3653 966 3772 defuturums
1006 3657 1074 3763 his
1100 3659 1258 3783 dictis,
1301 3658 1540 3762 concilium
1576 3653 1652 3758 di«.

179 3835 348 3903 mrtut.

257 3955 337 4044 lX.
410 3942 596 4066 Rebus,
633 3985 746 4090 quae
783 3949 842 4050 ad
875 3944 1059 4049 Tunetis
1095 3942 1477 4089 oppugnationem
1514 3939 1654 4088 perti-

181 4121 365 4208 nerent,
403 4089 686 4210 constitutis,
723 4090 909 4193 Carolus
946 4090 1126 4192 Andrca
1150 4089 1292 4191 Doria
1327 4089 1469 4191 classis
1499 4111 1654 4191 curam

183 4226 348 4332 habete
396 4269 440 4334 et
489 4231 697 4334 Golctam
729 4274 831 4336 cum
869 4234 1088 4377 praesidio
1124 4231 1339 4335 attributo
1376 4234 1487 4335 tueri
1521 4242 1657 4367 jusso,

180 4369 277 4512 ipse
312 4409 433 4477 sexto
469 4377 570 4496 die,
606 4415 744 4520 quam
776 4376 883 4480 haec
918 4374 1060 4480 fuerat
1095 4413 1374 4520 expugnata,
1401 4415 1564 4522 agmen
1594 4375 1657 4478 ad

179 4521 410 4646 Tunctem
446 4558 592 4622 versus
637 4521 848 4643 inducit,
883 4523 1061 4624 servatis
1118 4520 1344 4624 ordinibus
1404 4519 1653 4624 instructis-

182 4697 273 4796 que
307 4663 357 4764 in
389 4661 505 4764 bunc
541 4665 730 4766 maxime
773 4668 992 4768 modum.
1039 4678 1091 4766 In
1127 4666 1269 4808 prima
1304 4667 1433 4786 acie,
1464 4665 1516 4765 in
1551 4669 1657 4804 'qua

183 4806 313 4906 Vasti
352 4805 563 4910 Marchio
605 4807 817 4929 curabat,
862 4809 1149 4954 praecedente
1185 4845 1429 4916 arnraturae
1472 4805 1655 4910 levioris

1527 4987 1658 5092 equr-
