4294 5984
553 436 615 546 84
918 443 1002 528 ou
1048 443 1252 523 nanus
1294 440 1514 523 cusrrs

527 607 708 720 XIV.
782 597 889 704 Hoc
928 600 1271 720 animadverso,
1314 597 1520 700 Velascus
1546 591 1859 699 Ro'dericum
1860 609 1987 706 Ro⁴

513 793 618 857 xam
654 790 759 852 cum
793 783 940 850 turma
975 745 1279 910 expeditorum
1317 741 1520 883 equitum
1549 739 1726 863 mittit,
1764 746 1844 886 qui
1870 785 1983 888 pau

513 897 561 995 lo
592 895 767 1036 longius
788 929 1065 1035 progressus,
1092 889 1140 990 in
1171 889 1348 1008 itinere,
1379 888 1502 1029 quod
1538 886 1658 987 ducit
1681 927 1707 988 a
1734 887 1983 1054 Villalpan

515 1041 605 1157 do,
643 1037 920 1157 consisteret,
957 1072 999 1138 ct
1036 1032 1183 1194 siquid
1219 1033 1367 1134 auxilii
1401 1028 1460 1130 ab
1496 1031 1747 1134 adversariis
1782 1037 1978 1159 veniret,

515 1182 812 1291 renuntiarem
856 1215 953 1280 tunt
985 1177 1148 1278 ceteris
1193 1171 1283 1276 fere
1326 1174 1575 1318 proceribus
1621 1210 1700 1316 per
1741 1164 1981 1302 foramen,

548 1326 681 1427 uod
670 1325 803 1427 rnitio
829 1325 876 1426 in
902 1360 1056 1467 porta,
1082 1359 1218 1483 quant
1252 1323 1308 1421 ad
1344 1359 1512 1462 cquttes
1541 1321 1886 1424 introducendos
1913 1363 1978 1425 rc

514 1369 797 1613 iiingcndam
833 1468 1046 1586 curabat,
1084 1463 1264 1608 patuit,
1300 1465 1497 1606 ingressis
1543 1467 1670 1601 (nam
1718 1501 1761 1565 et
1803 1466 1889 1606 ipsi
1924 1472 1979 1572 ad

516 1617 649 1755 pedes
685 1613 948 1748 desilierant)
982 1542 1184 1710 drictor
1171 1649 1262 1752 rpse
1291 1609 1521 1729 Vclascus‚
1557 1618 1771 1741 majorem
1807 1648 1978 1751 partem

516 1758 659 1862 noctis
687 1795 804 1859 extra
831 1757 1052 1899 oppidum
1086 1754 1378 1896 exspectavit,
1416 1755 1557 1854 donec
1594 1749 1804 1895 perfracta
1831 1793 1876 1856 et
1909 1801 1980 1870 ιιι-ς

519 1903 667 2044 pedita
702 1938 862 2042 porta,
899 1940 1013 2043 quae
1047 1936 1275 2000 caemento
1311 1893 1451 1998 fuerat
1494 1894 1711 2014 obtrusa,
1756 1898 1978 2040 equitibus

518 2079 687 2186 pateret
721 2046 861 2146 aditus
873 2122 888 2166 ,
925 2079 969 2144 et
1004 2078 1222 2144 tormenta
1262 2039 1593 2146 inveherentur
1633 2043 1787 2143 Tertia
1828 2043 1979 2205 vigilia

519 2228 625 2292 cum
660 2189 859 2331 equitatu
893 2193 1105 2331 ingressus
1142 2187 1359 2288 custodias
1395 2225 1471 2328 per
1502 2225 1651 2286 muros
1675 2186 1910 2330 disposuit,
1936 2222 1979 2286 et

520 2370 694 2451 cetera,
737 2373 852 2472 quae
886 2368 1093 2475 oportere
1129 2331 1218 2431 visa
1256 2367 1383 2448 sunt,
1427 2330 1696 2469 imperavit;
1739 2365 1783 2429 et
1819 2370 1980 2492 quam-

443 2515 453 2528 *
519 2515 658 2616 quarn
690 2476 832 2616 pridie
864 2477 1084 2616 oppidum
1121 2471 1333 2574 militibus
1366 2472 1662 2613 diripiendum
1699 2473 1979 2635 permiserat,

518 2651 668 2718 tamen
704 2654 815 2717 uta
851 2618 1097 2760 direptione
1134 2617 1418 2737 desisterent,
1459 2618 1629 2759 magnis
1678 2654 1829 2759 poems
1865 2657 1981 2719 con

520 2759 681 2860 stitutis
723 2760 857 2863 edixit
891 2802 966 2903 per
1001 2801 1354 2905 praeconemque
1398 2761 1701 2861 denuntiavit.
1746 2773 1980 2932 Expugna-

521 2939 591 3003 tae
648 2941 745 3005 sunt
806 2941 952 3006 autern
1007 2905 1219 3007 Torsillae
1273 2945 1422 3006 mense
1470 2904 1710 3007 Decembri
1757 2945 1862 3006 curn
1912 2916 1980 3038 ja-

521 3083 640 3148 ctura
687 3045 924 3151 hominum
965 3050 1150 3192 amplius
1194 3084 1372 3150 centum
1424 3049 1789 3191 quinquaginta,
1830 3050 1978 3150 multis

521 3225 737 3332 praetcrea
773 3192 1033 3296 vulneratis.
1070 3194 1152 3295 Sed
1187 3196 1416 3335 primus
1387 3194 1592 3294 omniurn
1634 3194 1835 3296 centurio
1877 3193 1978 3335 qui-

519 3335 627 3436 dam
664 3333 948 3456 occubuit,
938 3375 985 3438 ιιι
1020 3346 1160 3470 cujus
1178 3336 1353 3442 tunicae
1389 3337 1560 3437 manica
1597 3376 1711 3438 sacer
1756 3336 1867 3439 calix
1907 3375 1980 3438 ar-

520 3515 703 3619 genteus
744 3515 930 3621 repertus
980 3476 1097 3600 fuit,
1146 3521 1280 3623 quem
1323 3477 1427 3580 fano
1470 3479 1782 3584 Torlobatonis
1825 3481 1981 3644 oppidi

519 3617 630 3722 ab
618 3659 714 3762 rpso
757 3661 801 3722 et
844 3557 1186 3764 manipularibus
1232 3626 1437 3767 dirept0,
1482 3626 1629 3726 ceteris
1673 3625 1797 3728 rebus
1845 3626 1981 3728 Ducis

517 3774 637 3897 jussu
673 3767 905 3887 restitutis,
943 3767 1263 3887 occultaverat,
1287 3805 1337 3868 ut
1366 3782 1486 3871 Deus
1523 3771 1747 3874 interdum
1783 3809 1879 3871 non
1915 3812 1981 3872 se

518 3946 567 4007 ta
603 3947 747 4050 poena
785 3912 1014 4054 sacrilegos
1050 3845 1296 4014 ulciscitui
1336 3924 1402 4014 Ex
1438 3915 1682 4075 oppidanis
1707 3950 1750 4015 et
1791 3915 1982 4076 popula-

518 4050 637 4154 tibus
676 4057 804 4196 pauci
842 4056 1091 4197 perierunt,
1133 4097 1214 4158 nee
1262 4058 1372 4158 ullus
1415 4095 1499 4159 msr
1543 4097 1758 4162 armatus
1805 4059 1980 4160 Civita-

517 4229 615 4300 tum
652 4199 782 4342 legati
819 4198 1124 4342 comprehensi
1160 4201 1360 4304 nonnulli
1397 4235 1442 4304 et
1478 4206 1701 4306 custodiae
1738 4203 1866 4320 dati,
1910 4243 1978 4302 ce

516 4343 599 4440 teri
643 4381 773 4443 muro
818 4341 875 4443 ab
919 4345 1167 4444 adversariis
1214 4384 1430 4490 occupato
1480 4345 1586 4492 fitga
1636 4349 1808 4492 elapsi,
1851 4347 1974 4506 paulo

514 4519 615 4626 post
657 4488 932 4588 Valdolitum
976 4533 1018 4592 se
1061 4505 1338 4635 receperunt
1385 4505 1490 4594 Huc
1535 4495 1656 4594 eninr
1705 4504 1853 4594 Petrus
1895 4489 1976 4593 Gi-

511 4668 625 4750 ιοιι,
662 4669 766 4734 curn
803 4633 857 4731 dc
894 4636 1183 4740 Torsillarurn
1221 4637 1546 4780 expugnatione
1582 4639 1916 4800 cognovisset,
1913 4671 1979 4734 ex

431 4711 801 4922 Villilpando
829 4817 925 4882 suas
962 4783 1178 4930 copias
1147 4781 1367 4932 deduxit,
1350 4824 1527 4926 ..quas
1545 4821 1703 4930 paucis
1740 4821 1875 4926 post
1867 4779 1982 4882 die

1749 5055 1756 5066 ἱ
1903 4924 1985 5026 bus
