4292 5984
638 379 1140 457 sUMMnRIUM.
1423 389 1578 460 XXXIX.

140 508 298 626 cogitat.
893 502 959 590 sed
978 535 1070 592 mox
1097 527 1244 592 mutato
1269 530 1310 592 et
1332 534 1536 596 conscenso
1558 539 1599 598 e·

208 631 277 712 VI.
353 621 535 727 Carolus,
558 621 770 737 proceribus
800 649 845 706 ac
892 650 974 738 quo
993 623 1042 708 ad
1067 624 1253 740 reliqnum
1270 625 1449 739 praelium
1485 629 1603 714 admi·

140 741 327 862 praefectis
356 740 427 826 suis
453 739 668 828 convocatis
685 767 845 846 ,cortun
893 739 1127 827 nistrandum
1149 743 1268 828 laenas
1296 744 1490 858 procedit.
1522 748 1607 832 Ho

138 860 334 948 sententias
374 859 423 945 de
451 857 551 943 bello
584 857 753 975 gerendo
784 886 846 942 ex-
893 857 1005 943 stium
1028 855 1139 977 lisga.
1165 862 1376 946 Caesariani
1403 863 1454 949 ad
1480 862 1609 952 locum

138 979 271 1094 quirit.
305 973 610 1062 Consultantium
631 999 847 1062 controvcr·
893 1000 1099 1087 puteorum
1125 978 1378 1064 reducuntur.

140 1096 188 1183 sia
208 1121 250 1182 et
277 1123 410 1179 eorum
436 1091 634 1196 rationes,
663 1092 756 1207 qui,
785 1091 845 1176 fir-
954 1095 1053 1179 Xlss.
1113 1094 1385 1203 Charadinus,
1416 1099 1611 1186 tormentis
1735 1149 1737 1153 -

140 1242 203 1298 mo
229 1211 411 1326 praesidio
431 1208 574 1295 Goleta
603 1209 770 1315 munita,
791 1237 845 1293 re·
892 1208 1041 1325 aliquot
1070 1211 1239 1317 amissis,
1259 1212 1298 1297 in
1319 1214 1451 1299 urbem
1482 1239 1521 1300 et
1552 1246 1611 1301 ar·

140 1329 287 1444 liquum
312 1326 512 1413 exercitum
540 1326 745 1410 conscensis
782 1356 848 1410 na·
895 1355 980 1412 cem
1022 1357 1098 1414 sese
1136 1329 1286 1444 recipit.
1340 1336 1496 1418 Postero
1549 1333 1612 1420 die

142 1436 250 1534 vibus
292 1443 479 1565 Argeliam
524 1443 849 1559 comportandum
894 1443 1059 1557 pretiosa
1086 1472 1262 1562 quaeque
1305 1447 1475 1559 jumentis
1510 1449 1607 1564 Hip·

144 1587 319 1650 censent.
893 1589 1040 1674 ponem
1084 1592 1212 1652 versus
1250 1564 1441 1679 deportari
1483 1566 1609 1679 jubet,

198 1685 285 1767 VII.
343 1685 491 1767 Contra
534 1679 723 1765 ratiomun
766 1711 850 1765 mo-
895 1702 964 1783 et,
980 1679 1009 1762 si
1030 1674 1254 1796 fugiendum
1277 1682 1322 1767 sit
1342 1743 1355 1786 ,
1373 1684 1610 1797 captivorum

145 1825 301 1902 menta,
316 1799 450 1914 quibus
477 1795 535 1882 alii
564 1803 755 1882 Trutetem
784 1828 851 1913 op
895 1796 1197 1883 Christianorum
1244 1799 1395 1883 turbam
1440 1801 1479 1885 in
1523 1803 1612 1888 arcis

143 1916 302 2034 pugnari
329 1916 464 2002 debere
498 1915 743 2028 persuadent.
897 1915 1084 2028 ergastula
1110 1914 1324 2002 conclusam
1365 1920 1612 2006 tormentatio

203 2035 305 2120 VIII.
365 2033 449 2116 Tali
489 2031 738 2143 disputatione
783 2029 852 2116 ha·
898 2030 1056 2142 pulvere
1085 2035 1304 2118 comburere
1334 2032 1516 2121 decernit.
1605 2027 1607 2034 ’

143 2148 244 2256 bita,
265 2149 424 2234 Carolus
438 2146 528 2233 nihil
543 2145 608 2232 sibi
634 2143 776 2232 factum
797 2147 853 2235 vi·
962 2149 1069 2232 XIV.
1126 2150 1199 2233 His
1246 2151 1357 2234 rebus
1402 2153 1612 2240 constitutis

142 2265 224 2352 deri
256 2268 337 2369 ait,
367 2266 433 2350 nisi
461 2262 696 2349 Charadinus
739 2287 854 2379 atque
900 2262 1023 2376 prima
1053 2262 1136 2350 luce
1165 2264 1401 2350 Charadinus
1438 2297 1485 2353 ex
1528 2298 1614 2356 arce

142 2383 246 2468 adeo
270 2382 493 2495 Solymanus
511 2379 667 2466 Tunetis
695 2380 853 2495 imperio
901 2378 1131 2496 digreditur.
1162 2386 1256 2468 Post
1274 2381 1365 2468 eum
1386 2389 1539 2469 Turcae·
1560 2413 1614 2470 ar·

142 2499 394 2612 dejiciantur.
900 2495 953 2582 cis
989 2499 1163 2587 custodes
1192 2500 1297 2585 ducis
1324 2495 1455 2618 fugam
1486 2501 1617 2609 veriti,

217 2618 285 2703 IX.
360 2621 511 2733 Agmen
560 2615 671 2734 igitur
727 2621 852 2703 Tune·
902 2643 988 2700 eam
1020 2616 1214 2708 deserunt.
1255 2617 1406 2733 Captivi
1435 2619 1485 2704 de
1516 2619 1613 2704 Cha·

147 2757 227 2817 tem
263 2761 389 2822 versus
429 2733 570 2820 inducit
598 2795 611 2838 ,
639 2757 678 2818 et
721 2733 855 2821 ordine
904 2731 1026 2819 radIni
1054 2734 1209 2822 consilio
1242 2760 1281 2821 et
1312 2739 1521 2821 Turcarum
1542 2735 1610 2822 dis-

146 2876 296 2942 servato
323 2850 373 2936 ad
403 2873 553 2985 puteos·
566 2849 752 2965 quosdam
783 2851 850 2937 mi·
905 2877 1008 2936 cessu
1035 2851 1241 2958 admoniti,
1258 2848 1356 2938 fores
1378 2850 1587 2970 refringunt
1599 2915 1614 2962 ,
1780 2963 1782 2967 ,

147 2963 271 3053 litibus
298 2968 433 3056 sudore
459 2996 505 3052 ac
528 2967 585 3054 srti
613 2995 731 3082 paene
765 2996 858 3055 con·
906 2990 947 3054 et
978 2996 1100 3056 arcem
1129 2993 1341 3084 occupant.

147 3075 254 3169 fectis
274 3083 462 3200 procedit.
967 3087 1059 3170 XV.
1103 3086 1267 3182 -Quibus
1302 3086 1466 3173 motibus
1524 3115 1616 3174 nun·

205 3199 257 3287 Χ.
320 3201 555 3290 Charadinus
591 3203 717 3320 copias
772 3233 857 3293 suas
907 3202 1003 3290 tiaris
1019 3203 1252 3291 Charadinus
1285 3199 1415 3320 fugam
1441 3205 1614 3319 capessit.

148 3344 194 3404 ex
234 3319 326 3408 urbe
370 3324 420 3409 ad
466 3320 534 3406 iter
571 3321 700 3408 Caroli
741 3321 857 3438 impe·
909 3321 1016 3408 Vasti
1050 3322 1223 3409 Marchio
1254 3321 1406 3438 captivis
1453 3322 1616 3410 subsidio

24 3523 25 3528 t
148 3435 330 3525 diendum
372 3437 561 3544 deducit,
594 3463 632 3524 et
669 3465 768 3554 equa
817 3439 858 3526 in
909 3439 1063 3528 veniens
1078 3501 1091 3546 ,
1106 3441 1146 3527 in
1174 3467 1296 3526 arcem
1317 3468 1406 3525 cum
1421 3463 1526 3555 parte
1555 3441 1616 3526 mi·

148 3553 228 3638 acie
272 3558 392 3671 prima
433 3555 591 3642 insidens
631 3556 857 3644 Caesarianis
910 3556 1018 3642 litum
1055 3558 1246 3672 recipitur.
1295 3561 1474 3642 Hazenus
1521 3554 1617 3641 fido·

148 3670 353 3761 dimicandi
383 3697 609 3790 potestatem
637 3669 742 3760 facit.
909 3703 994 3760 rum
1026 3675 1164 3764 civium
1193 3674 1346 3760 nomina
1373 3673 1462 3759 dare
1477 3673 1616 3784 jussus,

206 3793 275 3876 XI.
333 3794 424 3877 Hoc
456 3790 714 3879 animadverso
758 3793 852 3878 Cae·
910 3791 1032 3878 nullos
1063 3792 1129 3879 sibi
1167 3791 1335 3878 in'urbe
1369 3789 1506 3876 amicos
1538 3817 1616 3874 esse

145 3934 369 4113 iadbbbsen
391 3911 857 4114 iiaeiidtiiisaritciiwersffi
909 3911 1262 4113 τεςρὶὲῗῖὶῗαθΤιιῐιεε
1287 4024 1375 4110 urbs
1409 4021 1515 4140 signo
1550 4022 1617 4110 da·

147 4088 367 4229 maximam²
394 4144 570 4230 victoriae
615 4057 858 4232 concusiiiine
911 4169 954 4232 to
990 4142 1437 4258 capitur,d1ripiturque.
1466 4140 1616 4254 Captivi

147 4257 292 4344 brachii
300 4259 526 4376 significans,
545 4288 610 4345 eos
625 4260 675 4346 ad
688 4291 858 4378 pugnarn
912 4259 1108 4346 Christiani
1136 4263 1187 4349 ad
1215 4259 1345 4378 viginti
1375 4257 1485 4344 millia
1513 4255 1617 4370 inli-

149 4375 402 4483 cohortatur,
427 4401 673 4480 etcertamen
702 4377 790 4463 inire
805 4379 857 4492 ju
913 4379 1096 4467 bertatem
1131 4378 1388 4466 vindicantur.
1495 4413 1499 4422 ·
1750 4427 1752 4432 ·

149 4493 234 4579 bet.
713 4579 714 4588 .
972 4498 1093 4582 XVII.
1131 4495 1310 4581 Carolus
1341 4493 1508 4610 captivos
1530 4491 1617 4578 Gal·

211 4613 296 4698 XII.
374 4619 480 4700 Dum
522 4643 658 4732 agmen
704 4613 857 4730 obequi-
913 4611 1000 4699 licos
1037 4613 1177 4700 circiter
1225 4635 1377 4699 centum
1419 4609 1617 4696 Gallorum

150 4750 242 4836 rat,
274 4757 375 4846 equo
407 4731 626 4848 prolabente
665 4733 854 4841 concidit,
913 4732 1025 4847 Regis
1078 4731 1204 4848 legato
1258 4730 1355 4816 tradi
1401 4727 1521 4840 jubet.
1577 4731 1620 4809 In

1183 4875 1187 4881 ’
1576 4869 1621 4926 ea
