4292 5984
531 612 535 622 ,
580 503 922 591 unicornu.
972 511 1087 588 rra.
1130 512 1166 588 r.
1526 521 1581 610 29

157 657 361 801 plerique
397 698 441 758 se
476 653 524 759 in
561 697 629 759 eas
672 699 824 803 parvas
866 659 1021 762 insulas
1063 659 1360 781 abdiderunt,
1402 657 1482 764 ubi
1524 703 1628 772 tunc

156 839 349 944 coeptae
386 838 486 906 sunt
525 799 582 902 ab
625 805 728 944 ipsis
771 803 1018 925 Venetiae,
1060 803 1295 906 clarissima
1333 847 1449 909 nunc
1491 810 1629 933 urbs,

159 947 414 1050 aedificari.
452 947 694 1088 Hispaniae
730 946 971 1048 maximam
1007 985 1178 1088 partem
1207 950 1336 1050 Suevi
1371 961 1462 1081 jam
1498 995 1630 1056 occu·⁸
1722 1045 1730 1060 ,

162 1127 376 1232 paverant
410 1089 671 1191 Recchiario
704 1105 852 1234 Rege,
888 1090 1095 1232 quinon
1130 1093 1272 1191 modo
1308 1093 1543 1198 Gallaeciae
1578 1141 1628 1200 ac

155 1235 407 1338 Lusitaniae
443 1271 543 1376 post
568 1235 816 1337 Almorum
852 1234 1019 1334 cladem
1054 1271 1098 1336 et
1122 1233 1431 1336 Vandalorum
1467 1239 1630 1342 disces-

157 1417 263 1479 sum
311 1377 633 1518 imperitabat,
680 1379 754 1478 sed
808 1377 1025 1518 reliquam
1070 1378 1324 1483 ulteriorem
1364 1381 1629 1524 Hispaniam

161 1561 267 1624 suae
304 1521 487 1623 ditionis
526 1519 746 1622 effecerat.
1625 1613 1628 1618 .

284 1672 434 1766 XXX.
549 1664 849 1768 Theuderieus
896 1665 1032 1811 igitur
1078 1705 1256 1812 accepto
1315 1682 1477 1814 Regno
1525 1711 1628 1776 curn

164 1808 534 1913 animadverteret
570 1821 879 1915 Romanorum
916 1851 1052 1952 opes,
1088 1814 1238 1914 multis
1274 1813 1522 1918 vulneribus
1559 1859 1629 1919 ac÷

163 1955 338 2098 ceptis,
380 1991 473 2055 tam
509 1953 706 2057 infirmas
744 1997 830 2056 esse
867 1957 1055 2075 reditas,
1091 1994 1142 2057 ut
1178 1997 1335 2098 parum
1372 1956 1428 2059 ab
1465 1961 1525 2059 eis
1561 2001 1629 2059 es·

159 2135 230 2202 set
268 2101 595 2205 metuendums
628 2101 677 2202 in
717 2099 958 2239 Hispaniae
997 2107 1208 2238 Regnum
1249 2103 1447 2202 aninum
1486 2103 1629 2206 inten-

159 2243 271 2362 dit,
323 2281 368 2342 et
410 2281 486 2384 per
528 2281 703 2343 causam
745 2242 960 2342 asserendi
999 2253 1312 2344 Romanorum
1352 2247 1629 2382 lrnperium,

155 2384 385 2486 amicitiae
421 2385 563 2525 gratia
599 2383 716 2484 bello
752 2385 900 2486 Suevis
936 2384 1093 2504 illato,
1128 2420 1262 2523 atque
1298 2383 1365 2482 his
1400 2388 1455 2484 ad
1488 2388 1629 2527 ripam

158 2523 332 2628 Urbici
373 2527 512 2628 amnis
549 2527 712 2667 praelio
749 2525 996 2669 superatis,
1034 2563 1078 2626 et
1120 2525 1386 2628 Recchiario
1419 2524 1628 2648 sublato,

164 2669 300 2812 longe
337 2679 509 2811 lateque
545 2669 783 2813 Hispaniae
819 2683 1031 2812 Regnum
1067 2669 1329 2809 occupavit,
1364 2670 1512 2771 Suevis
1553 2662 1629 2773 iss-i

160 2849 227 2914 tra
253 2813 494 2916 Gallaeciae
528 2815 736 2917 terminos
769 2853 814 2918 se
843 2814 1064 2917 continere
1099 2812 1240 2947 jussiss
1268 2807 1452 2953 quibus,
1488 2849 1541 2914 ut
1572 2854 1628 2916 ex

163 2999 208 3058 se
231 2970 407 3102 Regem
435 2995 654 3080 crearent,
693 2994 828 3100 atque
854 2969 946 3094 ejus
977 2957 1166 3100 regionis
1196 2956 1465 3095 Imperium,
1500 2959 1625 3098 quod

161 3101 219 3201 ad
253 3141 388 3205 annos
419 3103 585 3203 circiter
610 3138 790 3204 centum
823 3137 867 3201 et
897 3101 1169 3243 septuaginta
1198 3101 1501 3218 retinuerunt,
1536 3139 1629 3240 per:

162 3243 318 3344 misit.
356 3243 432 3344 Ab
474 3244 561 3347 hoc
605 3283 804 3388 tempore
846 3241 1048 3345 Gotthiei
1088 3243 1254 3386 generis
1295 3253 1440 3385 Reges
1480 3253 1630 3384 Impe-2·

162 3387 289 3489 rium
314 3388 557 3530 Hispaniae
582 3428 717 3492 annos
745 3389 913 3492 circiter
950 3390 1160 3489 ducentos
1229 3386 1519 3529 uinquaginta
1554 3422 1629 3494 te÷

162 3566 380 3641 nuerunt3
419 3572 612 3673 quorum
639 3543 818 3674 Regum
862 3532 1160 3636 Theodericus
1188 3427 1275 3631 liris
1305 3532 1499 3672 primus,
1535 3543 1628 3632 Ro-

165 3675 334 3776 derieus
376 3677 557 3778 ultimus
600 3675 812 3817 idemque
852 3677 1089 3820 vigesimus
1131 3712 1345 3779 octavus:
1392 3713 1496 3774 nam
1532 3670 1624 3770 hoc

163 3855 369 3960 regnante
403 3820 570 3922 Arabes.
609 3820 847 3962 Maurique
885 3821 1149 3964 Hispaniam
1189 3821 1459 3922 invaserunt.
1502 3818 1630 3913 Ara-,³

164 3957 242 4059 bes
287 3963 405 4063 enim
449 4006 553 4066 cum
598 4005 716 4067 nova
751 3963 975 4110 religionis
1016 4003 1159 4082 secta,
1195 3971 1316 4092 cujus
1348 3990 1497 4058 auctor
1532 3950 1628 4055 fue«.

162 4138 232 4215 rat
269 4141 368 4206 ante
403 4147 538 4210 annos
579 4109 750 4210 circiter
801 4111 1043 4251 nonaginta
1083 4100 1400 4220 Mahumetus,
1440 4098 1631 4201 natione

166 4257 397 4349 Saracenus
434 4254 572 4390 (quae
608 4253 732 4392 regio
770 4289 832 4350 est
867 4253 915 4352 in
950 4245 1133 4384 Arabia)
1168 4245 1300 4389 longe
1334 4245 1507 4385 lateque
1539 4254 1625 4348 rm:

168 4389 343 4529 perium
370 4431 496 4490 suurn
525 4427 904 4533 propagaverant,
928 4392 1093 4534 quippe
1118 4391 1250 4490 Asiae
1283 4425 1487 4531 magnam
1520 4399 1633 4528 par-e}
1660 4433 1663 4440 ·

167 4537 265 4632 iem
301 4533 349 4632 in
385 4534 600 4636 ditionem
636 4537 913 4678 redegerant,
950 4539 1134 4636 etitem
1163 4528 1363 4634 Africam
1391 4572 1529 4673 usque
1562 4533 1619 4630 ad

170 4675 483 4780 Mauritaniam
526 4715 569 4778 et
603 4691 832 4782 Oceanum
871 4680 1177 4798 Atlanticum,
1220 4681 1335 4781 unde
1375 4687 1526 4778 scelere
1566 4681 1628 4773 a'c

173 4816 431 4956 proditione„
473 4822 660 4962 Juliani.
682 4822 888 4928 Comitis
949 4825 1120 4960 evocati
1167 4855 1210 4923 et
1259 4822 1399 4966 atljupi
1430 4817 1630 4938 ,fretum

1500 4971 1619 5060 Her-
