4368 5984
666 412 784 490 VITA
808 411 873 490 ET
897 417 1109 494 SCRIPTA.
1477 419 1617 490 [XVII.

213 536 287 618 sim
305 589 317 634 ,
337 533 394 616 ira
412 534 540 648 pluris
564 547 709 644 semper
724 536 949 620 aetermabrr.
982 532 1115 622 Daniel
1131 532 1304 622 Heinsius
1320 532 1357 618 in
1372 532 1535 622 editione
1554 537 1643 622 Rei·

209 647 380 766 publicae
407 647 613 738 Aristotelis
634 677 767 770 graece
791 652 978 771 latineque
1001 682 1090 740 ase
1118 653 1303 740 adornata
1327 681 1372 739 ex
1396 653 1564 739 versione
1580 659 1642 742 Se·

206 765 397 881 puluedae
424 774 535 871 vird,
562 767 617 856 uti
643 797 731 868 eunt
762 794 904 877 vocat,
932 787 1048 856 eterra
1063 779 1355 858 commouerst'am
1371 775 1644 880 eruditissimi,

204 883 408 973 corrivavit
435 913 480 970 ea
510 887 631 1002 operis
659 884 810 1006 capita,
836 918 936 1007 quae
965 889 1119 980 deerant
1147 889 1187 976 in
1216 887 1414 995 versione,
1447 919 1525 1009 qua
1556 919 1644 978 usus

203 1025 261 1087 est
293 1001 517 1116 Giphanius.

291 1121 423 1206 Petnrs
453 1149 546 1208 vero
561 1120 695 1210 Daniel
724 1123 887 1210 Huetius
918 1140 933 1183 ¹
971 1123 1200 1239 praeclarum
1223 1122 1366 1211 Galliae
1392 1125 1506 1211 decus
1536 1125 1575 1210 in
1599 1127 1640 1213 li·

201 1234 306 1324 bello
335 1241 381 1319 de
400 1243 518 1322 claris
539 1243 806 1348 interpretibus
822 1242 1011 1355 Hispanos
1027 1271 1233 1348 enarrans,
1259 1251 1359 1326 iuter
1373 1269 1487 1350 quas,
1505 1243 1640 1358 inquit,

199 1355 270 1476 Ja.
287 1353 469 1440 Genesius
482 1354 515 1446 S
515 1361 697 1464 epurveda
713 1385 795 1444 eum
809 1369 1061 1469 castigatam,
1078 1388 1187 1466 quam
1198 1365 1508 1465 commendamus,
1522 1370 1640 1447 imer-

193 1471 679 1590 pretart'auumfidelirareur
692 1482 891 1591 repudiare
907 1503 948 1560 se
962 1485 1204 1582 declarasset,
1219 1482 1360 1562 aditum
1372 1480 1449 1561 sibi
1464 1483 1518 1561 ad
1530 1481 1641 1591 hujus

200 1590 581 1700 artisperfeerio‘uem
596 1595 795 1678 obstruxit.
830 1595 978 1692 Quibus
999 1595 1120 1682 verbis
1142 1599 1236 1684 dum
1251 1594 1316 1680 fidi
1339 1594 1544 1710 interpretis
1559 1600 1642 1715 glo·

202 1713 295 1797 riam
311 1709 546 1822 Sepnlvedae
561 1713 708 1824 praesul
724 1711 965 1826 amplissimus
988 1714 1140 1815 tribuit;
1164 1712 1371 1830 elegantiae
1400 1740 1444 1798 ac
1465 1716 1547 1828 puri
1562 1746 1642 1804 ser·

204 1827 325 1916 naonis
356 1828 507 1914 landem
535 1826 568 1914 ei
597 1829 772 1946 denegat.
803 1831 942 1918 Nescio
966 1856 1120 1935 tamen,
1147 1859 1197 1916 an
1223 1831 1362 1916 multos
1386 1831 1579 1922 habiturus
1594 1836 1641 1924 sit

201 1977 290 2036 suae
318 1946 523 2032 sententiae
550 1944 809 2064 suffragatores
832 1950 1005 2035 Hnetius.
1054 1947 1151 2053 Quis
1177 1948 1278 2034 enim
1309 1973 1388 2034 tam
1413 1946 1537 2036 fatuus
1565 1984 1640 2067 po-

200 2066 287 2154 terit
315 2064 492 2180 repetiti,
522 2065 590 2179 qui
611 2067 660 2150 ab
675 2065 874 2152 Alexandri
898 2067 1163 2180 Aphrodisiei,
1195 2090 1262 2153 aut
1285 2067 1336 2152 ab
1352 2067 1557 2155 Aristotelis
1577 2072 1639 2158 in·

199 2190 363 2298 terprete
379 2181 591 2297 praesertim
605 2182 641 2266 in
656 2180 916 2299 philosophicis
926 2185 1208 2271 Ciceronianam
1225 2183 1348 2302 exigat
1359 2185 1640 2302 eloquentiam?

200 2300 343 2420 Magni
372 2300 503 2387 tefcrct
532 2305 700 2386 Graecos
727 2299 892 2388 rhetores
915 2327 983 2388 aut
1005 2301 1198 2388 historicos
1222 2301 1334 2387 latine
1356 2303 1439 2416 quis
1474 2305 1637 2413 reddat,

201 2448 369 2535 quotum
385 2443 439 2506 est
454 2445 498 2504 ut
513 2418 705 2532 splendida
720 2443 760 2505 et
774 2444 907 2510 ornata
922 2418 1060 2532 oratio,
1076 2417 1126 2504 sic
1143 2420 1263 2504 verbis
1278 2419 1517 2532 popularibus
1531 2450 1636 2509 com-

198 2539 354 2652 posita,
381 2536 572 2652 perspicua
601 2560 641 2623 et
668 2536 846 2652 simplex,
876 2564 915 2626 et
946 2537 996 2624 ad
1025 2534 1247 2652 popularem
1278 2565 1427 2622 sensum
1453 2565 1635 2626 accomo-

199 2656 319 2759 data;
344 2685 392 2752 an
424 2654 692 2772 philosophos,
724 2655 938 2769 praesertim
967 2653 1228 2761 Aristotelem,
1241 2653 1307 2772 qui
1323 2653 1405 2740 licet
1430 2655 1521 2740 virili
1536 2686 1636 2771 qua·

197 2773 285 2860 dam
301 2773 486 2897 elegantia
501 2796 542 2860 et
557 2772 772 2888 eloquentia
793 2772 972 2876 excellat,
989 2797 1117 2861 tamen
1132 2774 1222 2887 quia
1237 2801 1293 2856 res
1309 2795 1443 2858 tractat
1459 2774 1636 2863 obscuras

197 2918 237 2979 et
260 2893 382 3010 vulgo
398 2893 546 3009 ignotas
562 2949 573 2996 ,
590 2889 711 2977 verbis
737 2889 791 2973 uti
812 2888 908 2976 solet
930 2917 1200 3005 saepenumero
1216 2890 1348 2998 novis,
1367 2913 1407 2975 ct
1430 2889 1503 2976 aliis
1522 2893 1634 2978 inusi-

164 3010 310 3098 .tatis:
345 3009 444 3096 adde
472 3005 683 3094 affectatam
707 3007 968 3094 obscuritatem
993 3031 1033 3096 et
1068 3008 1200 3095 dubias
1227 3007 1414 3094 orationes
1442 3036 1487 3093 ex
1520 3008 1635 3102 indu·

195 3127 281 3214 stria
297 3126 413 3213 factas
428 3187 441 3230 ,
457 3152 557 3241 quae
573 3125 612 3208 in
627 3123 748 3210 varios
765 3153 890 3212 sensus
905 3125 1002 3212 nahi
1017 3126 1173 3241 possint.
1200 3128 1314 3221 Quae
1331 3119 1563 3222 difficultates
1581 3122 1639 3214 fa..

193 3247 299 3332 ciunt
316 3304 329 3350 ,
354 3269 399 3331 ut
414 3272 523 3357 saepe
538 3243 714 3358 interpres
730 3271 809 3330 non
822 3243 939 3358 possit
956 3243 1206 3330 Aristotelicus
1223 3271 1300 3330 esse
1315 3267 1354 3328 et
1369 3243 1467 3328 idem
1483 3246 1634 3332 Cicero-

194 3363 340 3449 nianus.
374 3364 506 3459 Quare
522 3361 648 3476 inepte
663 3361 691 3446 is
707 3357 869 3467 nectet,
887 3361 953 3478 qui
969 3360 1147 3474 majorem
1162 3360 1202 3446 in
1228 3361 1340 3447 latina
1366 3360 1537 3448 versione
1560 3363 1634 3450 ele·

194 3478 361 3598 gantiam
377 3480 599 3582 adhiberet,
620 3509 736 3595 quam
762 3479 806 3564 sit
832 3481 869 3565 in
894 3506 1031 3596 graeco
1053 3478 1276 3592 exemplati,
1292 3479 1376 3562 satis
1393 3479 1537 3565 muneri
1561 3511 1634 3568 suo

195 3595 412 3702 satisfaciet,
429 3598 457 3681 si
477 3598 514 3681 in
538 3597 614 3682 hoc
642 3597 824 3683 scribendi
849 3625 986 3714 genere
1013 3595 1123 3712 plana
1147 3621 1186 3683 et
1210 3596 1401 3711 perspicua
1416 3657 1429 3702 ,
1444 3622 1631 3713 quantum

194 3745 250 3802 res
280 3715 445 3830 paritur,
471 3716 642 3801 oratione
671 3737 813 3799 utatur.

281 3833 469 3929 Quamvis
497 3831 607 3948 igitur
622 3831 873 3946 Sepnlvedam
897 3831 993 3918 inter
1021 3832 1186 3948 optimos
1213 3829 1428 3944 interpretes
1453 3855 1642 3941 reponere·

194 3978 274 4037 non
312 3949 552 4054 dubitemus,
580 3977 718 4068 negate
743 3973 870 4036 tamen
902 3977 981 4034 non
1010 3979 1238 4064 possumus,
1268 3949 1472 4034 editionem
1507 3945 1634 4032 Politi-

193 4097 326 4154 cotum
368 4066 649 4174 Patisiensem,
694 4092 809 4182 atque
842 4095 888 4152 ex
925 4095 971 4152 ea
1003 4096 1207 4182 expressam
1239 4064 1507 4149 Coloniensem
1543 4093 1634 4148 ann.

201 4190 323 4272 1602.
341 4183 412 4272 tot'
431 4183 619 4304 tantisque
649 4185 795 4272 mendis
826 4179 1018 4271 foedatam
1049 4213 1071 4268 e
1102 4181 1208 4299 prelo
1237 4182 1363 4268 exiisse
1401 4209 1481 4267 non
1525 4181 1636 4266 inter·

1553 4326 1642 4413 pre-t

215 4463 230 4504 a
253 4443 359 4503 Mirati
373 4445 461 4516 subit,
471 4457 531 4502 tem
544 4462 638 4504 terum
655 4456 817 4504 nostratum
835 4445 951 4520 ignaros
963 4461 995 4503 ee
1008 4445 1164 4523 producere
1177 4445 1331 4502 nonnullos
1340 4453 1466 4516 exteros,
1478 4457 1545 4502 eum
1553 4442 1590 4500 de
1600 4443 1638 4500 iis

192 4526 283 4583 etiarn
296 4543 332 4582 ex
338 4523 475 4582 instituto
484 4543 569 4600 agere
580 4526 635 4584 sibi
645 4535 818 4601 proponunt.
833 4525 965 4603 Quatuor
981 4540 1094 4586 tantum
1105 4523 1288 4600 exflispania
1301 4524 1473 4598 interpretes
1492 4535 1635 4582 memorat

192 4605 317 4662 Huerius
330 4605 387 4679 (de
397 4603 476 4663 Clas.
494 4605 643 4680 interpret.
663 4621 726 4682 pag.
740 4605 794 4682 178
805 4645 816 4679 ,
829 4605 898 4663 edit.
907 4603 996 4664 Paris.
1007 4625 1074 4665 ann.
1089 4605 1187 4678 1680.)
1201 4603 1248 4680 Jo.
1261 4601 1419 4660 Genesium
1428 4603 1639 4678 Sepnlvedam,

194 4685 344 4744 Andream
354 4685 502 4742 Lacunam
516 4722 527 4757 ‚
541 4685 700 4761 Matrinum
714 4685 913 4744 Motentiuunt
924 4725 935 4759 ,
948 4699 978 4743 et
993 4686 1154 4745 Gonealum
1164 4685 1305 4742 Pontium
1314 4683 1536 4757 Legionensem.
1558 4685 1637 4762 Qui-

197 4763 249 4820 bus
265 4765 370 4822 addere
392 4765 530 4838 potuisset
549 4765 598 4838 Jo.
610 4765 788 4824 LudovIeum
804 4767 937 4837 Vivent,
958 4765 1077 4825 Petrum
1100 4767 1245 4839 Joannem
1267 4762 1471 4838 Nouaesium,
1489 4764 1635 4838 Joannem

201 4854 230 4899 et
242 4841 427 4902 Franciseum
435 4845 580 4918 Vetgatas
593 4840 697 4900 fratres
704 4846 914 4915 ,vincentium
927 4845 1116 4904 Matiaerittm
1125 4882 1137 4918 ,
1149 4857 1180 4903 et
1192 4854 1344 4906 maeeatos
1356 4843 1448 4918 arms,
1460 4841 1488 4902 si
1498 4842 1637 4904 Andreae

207 4919 317 4980 Senatu
334 4924 545 4983 Bibliothecam
561 4927 710 4983 somniate
723 4927 872 4986 uoluisset.
1110 4953 1114 4962 ·
1509 4973 1513 4979 .
1586 4954 1591 4962 ·

807 5009 969 5118 Δ12.
