<?xml version="1.0" encoding="UTF-8"?>
<!DOCTYPE html PUBLIC "-//W3C//DTD XHTML 1.0 Transitional//EN"
    "http://www.w3.org/TR/xhtml1/DTD/xhtml1-transitional.dtd">
<html xmlns="http://www.w3.org/1999/xhtml" xml:lang="en" lang="en">
 <head>
  <title>
</title>
<meta http-equiv="Content-Type" content="text/html;charset=utf-8" />
  <meta name='ocr-system' content='tesseract 3.04.00' />
  <meta name='ocr-capabilities' content='ocr_page ocr_carea ocr_par ocr_line ocrx_word'/>
</head>
<body>
  <div class='ocr_page' id='page_1' title='image "./joannisgenesiis02sepgoog_0670.png"; bbox 0 0 4326 5986; ppageno 0'>
   <div class='ocr_carea' id='block_1_1' title="bbox 971 443 1665 531">
    <p class='ocr_par' dir='ltr' id='par_1_1' title="bbox 971 443 1665 531">
     <span class='ocr_line' id='line_1_1' title="bbox 971 443 1665 531; baseline -0.014 -1"><span class='ocrx_word' id='word_1_1' title='bbox 971 444 1212 531; x_wconf 72' lang='lat' dir='ltr'>canon</span> <span class='ocrx_word' id='word_1_2' title='bbox 1255 445 1308 526; x_wconf 79' lang='lat' dir='ltr'>V.</span> <span class='ocrx_word' id='word_1_3' title='bbox 1354 443 1469 525; x_wconf 84' lang='lat' dir='ltr'>LIB.</span> <span class='ocrx_word' id='word_1_4' title='bbox 1508 443 1617 524; x_wconf 85' lang='lat' dir='ltr'>XIV.</span> <span class='ocrx_word' id='word_1_5' title='bbox 1663 461 1665 464; x_wconf 85' lang='grc'><strong><em>·</em></strong></span> 
     </span>
    </p>
   </div>
   <div class='ocr_carea' id='block_1_2' title="bbox 557 594 1769 4774">
    <p class='ocr_par' dir='ltr' id='par_1_2' title="bbox 559 594 1769 3621">
     <span class='ocr_line' id='line_1_2' title="bbox 656 594 1767 713; baseline -0.008 -3"><span class='ocrx_word' id='word_1_6' title='bbox 656 612 816 712; x_wconf 87' lang='lat' dir='ltr'>XXIII.</span> <span class='ocrx_word' id='word_1_7' title='bbox 902 602 1180 708; x_wconf 88' lang='lat' dir='ltr'>Induciatum</span> <span class='ocrx_word' id='word_1_8' title='bbox 1221 597 1376 704; x_wconf 85' lang='lat' dir='ltr'>diebus</span> <span class='ocrx_word' id='word_1_9' title='bbox 1425 600 1620 713; x_wconf 84' lang='lat' dir='ltr'>exactis,</span> <span class='ocrx_word' id='word_1_10' title='bbox 1672 594 1767 702; x_wconf 78' lang='lat' dir='ltr'>Ant</span> 
     </span>
     <span class='ocr_line' id='line_1_3' title="bbox 575 747 1769 894; baseline -0.01 -40"><span class='ocrx_word' id='word_1_11' title='bbox 575 751 780 894; x_wconf 89' lang='lat' dir='ltr'>peditum</span> <span class='ocrx_word' id='word_1_12' title='bbox 815 761 1143 856; x_wconf 88' lang='lat' dir='ltr'>Germanorum</span> <span class='ocrx_word' id='word_1_13' title='bbox 1179 748 1422 868; x_wconf 85' lang='lat' dir='ltr'>tredecim,</span> <span class='ocrx_word' id='word_1_14' title='bbox 1455 747 1708 848; x_wconf 91' lang='lat' dir='ltr'>Italicorum</span> <span class='ocrx_word' id='word_1_15' title='bbox 1745 789 1769 846; x_wconf 69' lang='lat' dir='ltr'>st</span> 
     </span>
     <span class='ocr_line' id='line_1_4' title="bbox 575 889 1769 1038; baseline -0.004 -43"><span class='ocrx_word' id='word_1_16' title='bbox 575 932 619 995; x_wconf 91' lang='lat' dir='ltr'>et</span> <span class='ocrx_word' id='word_1_17' title='bbox 656 895 778 998; x_wconf 89' lang='lat' dir='ltr'>mille</span> <span class='ocrx_word' id='word_1_18' title='bbox 820 893 1075 1038; x_wconf 85' lang='lat' dir='ltr'>quingentis</span> <span class='ocrx_word' id='word_1_19' title='bbox 1119 891 1364 1035; x_wconf 87' lang='lat' dir='ltr'>Hispanis,</span> <span class='ocrx_word' id='word_1_20' title='bbox 1409 889 1631 1033; x_wconf 90' lang='lat' dir='ltr'>equitibus</span> <span class='ocrx_word' id='word_1_21' title='bbox 1673 928 1769 990; x_wconf 88' lang='lat' dir='ltr'>aute</span> 
     </span>
     <span class='ocr_line' id='line_1_5' title="bbox 573 1032 1769 1180; baseline -0.002 -42"><span class='ocrx_word' id='word_1_22' title='bbox 573 1077 814 1142; x_wconf 77' lang='lat' dir='ltr'>armanarae</span> <span class='ocrx_word' id='word_1_23' title='bbox 852 1036 1137 1180; x_wconf 84' lang='lat' dir='ltr'>octingentis,</span> <span class='ocrx_word' id='word_1_24' title='bbox 1166 1073 1210 1137; x_wconf 88' lang='lat' dir='ltr'>et</span> <span class='ocrx_word' id='word_1_25' title='bbox 1246 1032 1533 1175; x_wconf 83' lang='lat' dir='ltr'>cataphractis</span> <span class='ocrx_word' id='word_1_26' title='bbox 1571 1034 1769 1177; x_wconf 87' lang='lat' dir='ltr'>octogint</span> 
     </span>
     <span class='ocr_line' id='line_1_6' title="bbox 573 1179 1735 1322; baseline -0.004 -40"><span class='ocrx_word' id='word_1_27' title='bbox 573 1185 785 1319; x_wconf 86' lang='lat' dir='ltr'>trajecit,</span> <span class='ocrx_word' id='word_1_28' title='bbox 821 1221 865 1284; x_wconf 90' lang='lat' dir='ltr'>et</span> <span class='ocrx_word' id='word_1_29' title='bbox 901 1185 948 1283; x_wconf 92' lang='lat' dir='ltr'>in</span> <span class='ocrx_word' id='word_1_30' title='bbox 983 1179 1128 1282; x_wconf 91' lang='lat' dir='ltr'>hostes</span> <span class='ocrx_word' id='word_1_31' title='bbox 1164 1219 1415 1322; x_wconf 87' lang='lat' dir='ltr'>progressus</span> <span class='ocrx_word' id='word_1_32' title='bbox 1452 1215 1554 1300; x_wconf 90' lang='lat' dir='ltr'>est,</span> <span class='ocrx_word' id='word_1_33' title='bbox 1593 1181 1735 1280; x_wconf 91' lang='lat' dir='ltr'>donec</span> 
     </span>
     <span class='ocr_line' id='line_1_7' title="bbox 572 1323 1755 1468; baseline -0.003 -42"><span class='ocrx_word' id='word_1_34' title='bbox 572 1333 774 1468; x_wconf 87' lang='lat' dir='ltr'>Augusta</span> <span class='ocrx_word' id='word_1_35' title='bbox 809 1328 1138 1445; x_wconf 82' lang='lat' dir='ltr'>Taurinorum,</span> <span class='ocrx_word' id='word_1_36' title='bbox 1178 1365 1270 1466; x_wconf 91' lang='lat' dir='ltr'>quo</span> <span class='ocrx_word' id='word_1_37' title='bbox 1307 1366 1360 1424; x_wconf 88' lang='lat' dir='ltr'>ex</span> <span class='ocrx_word' id='word_1_38' title='bbox 1394 1323 1531 1466; x_wconf 90' lang='lat' dir='ltr'>pactis</span> <span class='ocrx_word' id='word_1_39' title='bbox 1565 1323 1755 1426; x_wconf 88' lang='lat' dir='ltr'>induciis</span> 
     </span>
     <span class='ocr_line' id='line_1_8' title="bbox 570 1466 1769 1612; baseline 0.002 -44"><span class='ocrx_word' id='word_1_40' title='bbox 570 1471 972 1612; x_wconf 63' lang='lat' dir='ltr'>perant‚‘quinque</span> <span class='ocrx_word' id='word_1_41' title='bbox 1007 1470 1146 1572; x_wconf 89' lang='lat' dir='ltr'>millia</span> <span class='ocrx_word' id='word_1_42' title='bbox 1180 1507 1384 1610; x_wconf 86' lang='lat' dir='ltr'>passuum</span> <span class='ocrx_word' id='word_1_43' title='bbox 1418 1466 1609 1570; x_wconf 88' lang='lat' dir='ltr'>abesset.</span> <span class='ocrx_word' id='word_1_44' title='bbox 1649 1475 1769 1570; x_wconf 92' lang='lat' dir='ltr'>Turn</span> 
     </span>
     <span class='ocr_line' id='line_1_9' title="bbox 570 1608 1735 1756; baseline 0 -46"><span class='ocrx_word' id='word_1_45' title='bbox 570 1647 642 1711; x_wconf 91' lang='lat' dir='ltr'>tae</span> <span class='ocrx_word' id='word_1_46' title='bbox 686 1615 860 1756; x_wconf 88' lang='lat' dir='ltr'>pluviae</span> <span class='ocrx_word' id='word_1_47' title='bbox 907 1651 1006 1716; x_wconf 90' lang='lat' dir='ltr'>sunt</span> <span class='ocrx_word' id='word_1_48' title='bbox 1052 1647 1348 1736; x_wconf 87' lang='lat' dir='ltr'>consecutae,</span> <span class='ocrx_word' id='word_1_49' title='bbox 1386 1649 1436 1713; x_wconf 90' lang='lat' dir='ltr'>ut</span> <span class='ocrx_word' id='word_1_50' title='bbox 1478 1608 1735 1712; x_wconf 87' lang='lat' dir='ltr'>fluminibus</span> 
     </span>
     <span class='ocr_line' id='line_1_10' title="bbox 570 1748 1769 1900; baseline 0.001 -46"><span class='ocrx_word' id='word_1_51' title='bbox 570 1748 779 1858; x_wconf 83' lang='lat' dir='ltr'>exercitus</span> <span class='ocrx_word' id='word_1_52' title='bbox 815 1755 1096 1858; x_wconf 89' lang='lat' dir='ltr'>vehementer</span> <span class='ocrx_word' id='word_1_53' title='bbox 1128 1753 1396 1855; x_wconf 87' lang='lat' dir='ltr'>cibariorum</span> <span class='ocrx_word' id='word_1_54' title='bbox 1424 1751 1577 1896; x_wconf 86' lang='lat' dir='ltr'>inopia</span> <span class='ocrx_word' id='word_1_55' title='bbox 1603 1793 1769 1900; x_wconf 86' lang='lat' dir='ltr'>premet</span> 
     </span>
     <span class='ocr_line' id='line_1_11' title="bbox 569 1895 1769 2038; baseline 0.002 -42"><span class='ocrx_word' id='word_1_56' title='bbox 569 1895 687 1999; x_wconf 91' lang='lat' dir='ltr'>tibus</span> <span class='ocrx_word' id='word_1_57' title='bbox 730 1901 851 2000; x_wconf 88' lang='lat' dir='ltr'>enim</span> <span class='ocrx_word' id='word_1_58' title='bbox 899 1936 1116 2038; x_wconf 88' lang='lat' dir='ltr'>aquarum</span> <span class='ocrx_word' id='word_1_59' title='bbox 1157 1897 1328 2035; x_wconf 91' lang='lat' dir='ltr'>impetu</span> <span class='ocrx_word' id='word_1_60' title='bbox 1369 1897 1595 2014; x_wconf 87' lang='lat' dir='ltr'>rescissis,</span> <span class='ocrx_word' id='word_1_61' title='bbox 1646 1937 1769 1998; x_wconf 42' lang='lat' dir='ltr'>nonw</span> 
     </span>
     <span class='ocr_line' id='line_1_12' title="bbox 567 2035 1769 2181; baseline -0.002 -41"><span class='ocrx_word' id='word_1_62' title='bbox 567 2075 749 2181; x_wconf 87' lang='lat' dir='ltr'>possent</span> <span class='ocrx_word' id='word_1_63' title='bbox 783 2078 1057 2143; x_wconf 86' lang='lat' dir='ltr'>commeatus</span> <span class='ocrx_word' id='word_1_64' title='bbox 1085 2038 1342 2181; x_wconf 88' lang='lat' dir='ltr'>importari.</span> <span class='ocrx_word' id='word_1_65' title='bbox 1379 2035 1648 2140; x_wconf 87' lang='lat' dir='ltr'>Almirallius</span> <span class='ocrx_word' id='word_1_66' title='bbox 1667 2038 1769 2138; x_wconf 83' lang='lat' dir='ltr'>inter</span> 
     </span>
     <span class='ocr_line' id='line_1_13' title="bbox 568 2179 1769 2328; baseline 0 -46"><span class='ocrx_word' id='word_1_67' title='bbox 568 2185 773 2286; x_wconf 89' lang='lat' dir='ltr'>termittit</span> <span class='ocrx_word' id='word_1_68' title='bbox 810 2192 1056 2328; x_wconf 86' lang='lat' dir='ltr'>Augustam</span> <span class='ocrx_word' id='word_1_69' title='bbox 1091 2184 1258 2286; x_wconf 88' lang='lat' dir='ltr'>cunctis</span> <span class='ocrx_word' id='word_1_70' title='bbox 1294 2179 1538 2286; x_wconf 87' lang='lat' dir='ltr'>rationibus</span> <span class='ocrx_word' id='word_1_71' title='bbox 1575 2215 1619 2282; x_wconf 87' lang='lat' dir='ltr'>et</span> <span class='ocrx_word' id='word_1_72' title='bbox 1655 2179 1769 2324; x_wconf 90' lang='lat' dir='ltr'>opib</span> 
     </span>
     <span class='ocr_line' id='line_1_14' title="bbox 564 2319 1769 2470; baseline -0.003 -42"><span class='ocrx_word' id='word_1_73' title='bbox 564 2328 892 2470; x_wconf 86' lang='lat' dir='ltr'>pugnationem</span> <span class='ocrx_word' id='word_1_74' title='bbox 934 2366 979 2430; x_wconf 90' lang='lat' dir='ltr'>et</span> <span class='ocrx_word' id='word_1_75' title='bbox 1028 2325 1311 2430; x_wconf 87' lang='lat' dir='ltr'>obsidionem</span> <span class='ocrx_word' id='word_1_76' title='bbox 1352 2319 1657 2468; x_wconf 87' lang='lat' dir='ltr'>perferendam</span> <span class='ocrx_word' id='word_1_77' title='bbox 1698 2325 1769 2426; x_wconf 85' lang='lat' dir='ltr'>dili</span> 
     </span>
     <span class='ocr_line' id='line_1_15' title="bbox 566 2469 1769 2576; baseline -0.004 -2"><span class='ocrx_word' id='word_1_78' title='bbox 566 2473 764 2576; x_wconf 87' lang='lat' dir='ltr'>munire.</span> <span class='ocrx_word' id='word_1_79' title='bbox 821 2475 902 2574; x_wconf 87' lang='lat' dir='ltr'>Sed</span> <span class='ocrx_word' id='word_1_80' title='bbox 944 2511 1047 2574; x_wconf 91' lang='lat' dir='ltr'>cum</span> <span class='ocrx_word' id='word_1_81' title='bbox 1088 2471 1301 2574; x_wconf 87' lang='lat' dir='ltr'>statuisset</span> <span class='ocrx_word' id='word_1_82' title='bbox 1344 2512 1387 2571; x_wconf 88' lang='lat' dir='ltr'>se</span> <span class='ocrx_word' id='word_1_83' title='bbox 1428 2469 1476 2570; x_wconf 91' lang='lat' dir='ltr'>in</span> <span class='ocrx_word' id='word_1_84' title='bbox 1528 2470 1769 2572; x_wconf 80' lang='lat' dir='ltr'>ulteriorem</span> 
     </span>
     <span class='ocr_line' id='line_1_16' title="bbox 563 2611 1769 2758; baseline -0.002 -43"><span class='ocrx_word' id='word_1_85' title='bbox 563 2653 672 2715; x_wconf 93' lang='lat' dir='ltr'>cum</span> <span class='ocrx_word' id='word_1_86' title='bbox 708 2618 935 2737; x_wconf 84' lang='lat' dir='ltr'>exercitu,</span> <span class='ocrx_word' id='word_1_87' title='bbox 976 2652 1213 2758; x_wconf 87' lang='lat' dir='ltr'>antequam</span> <span class='ocrx_word' id='word_1_88' title='bbox 1255 2624 1441 2749; x_wconf 87' lang='lat' dir='ltr'>majores</span> <span class='ocrx_word' id='word_1_89' title='bbox 1484 2611 1679 2716; x_wconf 90' lang='lat' dir='ltr'>hostium</span> <span class='ocrx_word' id='word_1_90' title='bbox 1720 2655 1769 2714; x_wconf 89' lang='lat' dir='ltr'>co</span> 
     </span>
     <span class='ocr_line' id='line_1_17' title="bbox 564 2757 1769 2904; baseline -0.001 -46"><span class='ocrx_word' id='word_1_91' title='bbox 564 2759 796 2882; x_wconf 89' lang='lat' dir='ltr'>venirent,</span> <span class='ocrx_word' id='word_1_92' title='bbox 816 2761 1037 2904; x_wconf 85' lang='lat' dir='ltr'>recipere,</span> <span class='ocrx_word' id='word_1_93' title='bbox 1058 2768 1302 2903; x_wconf 85' lang='lat' dir='ltr'>Augustam</span> <span class='ocrx_word' id='word_1_94' title='bbox 1337 2760 1539 2860; x_wconf 89' lang='lat' dir='ltr'>eamdem</span> <span class='ocrx_word' id='word_1_95' title='bbox 1575 2757 1769 2899; x_wconf 89' lang='lat' dir='ltr'>peditum</span> 
     </span>
     <span class='ocr_line' id='line_1_18' title="bbox 562 2901 1769 3047; baseline -0.002 -45"><span class='ocrx_word' id='word_1_96' title='bbox 562 2901 679 3004; x_wconf 90' lang='lat' dir='ltr'>lium</span> <span class='ocrx_word' id='word_1_97' title='bbox 729 2945 835 3006; x_wconf 91' lang='lat' dir='ltr'>cum</span> <span class='ocrx_word' id='word_1_98' title='bbox 878 2901 1099 3047; x_wconf 90' lang='lat' dir='ltr'>equitibus</span> <span class='ocrx_word' id='word_1_99' title='bbox 1142 2903 1425 3046; x_wconf 88' lang='lat' dir='ltr'>cataphractis</span> <span class='ocrx_word' id='word_1_100' title='bbox 1460 2901 1659 3006; x_wconf 89' lang='lat' dir='ltr'>ducentis</span> <span class='ocrx_word' id='word_1_101' title='bbox 1702 2941 1769 3042; x_wconf 91' lang='lat' dir='ltr'>qu</span> 
     </span>
     <span class='ocr_line' id='line_1_19' title="bbox 559 3047 1769 3192; baseline -0.001 -47"><span class='ocrx_word' id='word_1_102' title='bbox 559 3047 782 3188; x_wconf 88' lang='lat' dir='ltr'>praesidio</span> <span class='ocrx_word' id='word_1_103' title='bbox 819 3049 995 3152; x_wconf 85' lang='lat' dir='ltr'>firmat:</span> <span class='ocrx_word' id='word_1_104' title='bbox 1035 3048 1127 3192; x_wconf 90' lang='lat' dir='ltr'>ipse</span> <span class='ocrx_word' id='word_1_105' title='bbox 1163 3087 1268 3148; x_wconf 91' lang='lat' dir='ltr'>cum</span> <span class='ocrx_word' id='word_1_106' title='bbox 1302 3048 1470 3190; x_wconf 86' lang='lat' dir='ltr'>reliqua</span> <span class='ocrx_word' id='word_1_107' title='bbox 1505 3085 1641 3146; x_wconf 88' lang='lat' dir='ltr'>mann</span> <span class='ocrx_word' id='word_1_108' title='bbox 1677 3083 1769 3188; x_wconf 74' lang='lat' dir='ltr'>mag</span> 
     </span>
     <span class='ocr_line' id='line_1_20' title="bbox 559 3189 1769 3332; baseline 0 -42"><span class='ocrx_word' id='word_1_109' title='bbox 559 3189 681 3292; x_wconf 90' lang='lat' dir='ltr'>ribus</span> <span class='ocrx_word' id='word_1_110' title='bbox 716 3193 904 3293; x_wconf 91' lang='lat' dir='ltr'>domum</span> <span class='ocrx_word' id='word_1_111' title='bbox 940 3192 1079 3295; x_wconf 88' lang='lat' dir='ltr'>redire</span> <span class='ocrx_word' id='word_1_112' title='bbox 1126 3193 1388 3311; x_wconf 86' lang='lat' dir='ltr'>contendit,</span> <span class='ocrx_word' id='word_1_113' title='bbox 1427 3229 1524 3292; x_wconf 91' lang='lat' dir='ltr'>usus</span> <span class='ocrx_word' id='word_1_114' title='bbox 1565 3189 1769 3332; x_wconf 90' lang='lat' dir='ltr'>pluviaru:</span> 
     </span>
     <span class='ocr_line' id='line_1_21' title="bbox 559 3333 1765 3481; baseline 0.001 -47"><span class='ocrx_word' id='word_1_115' title='bbox 559 3333 637 3434; x_wconf 90' lang='lat' dir='ltr'>cio</span> <span class='ocrx_word' id='word_1_116' title='bbox 651 3378 670 3454; x_wconf 91' lang='lat'>,·</span> <span class='ocrx_word' id='word_1_117' title='bbox 686 3374 799 3475; x_wconf 90' lang='lat' dir='ltr'>quae</span> <span class='ocrx_word' id='word_1_118' title='bbox 835 3336 994 3439; x_wconf 88' lang='lat' dir='ltr'>nostris</span> <span class='ocrx_word' id='word_1_119' title='bbox 1028 3333 1310 3462; x_wconf 89' lang='lat' dir='ltr'>obstiterunt,</span> <span class='ocrx_word' id='word_1_120' title='bbox 1339 3333 1584 3481; x_wconf 84' lang='lat' dir='ltr'>&#39;quominus</span> <span class='ocrx_word' id='word_1_121' title='bbox 1619 3334 1765 3436; x_wconf 90' lang='lat' dir='ltr'>disced</span> 
     </span>
     <span class='ocr_line' id='line_1_22' title="bbox 561 3517 880 3621; baseline 0.031 -45"><span class='ocrx_word' id='word_1_122' title='bbox 561 3517 880 3621; x_wconf 86' lang='lat' dir='ltr'>sequerentur.</span> 
     </span>
    </p>

    <p class='ocr_par' dir='ltr' id='par_1_3' title="bbox 557 3623 1769 4774">
     <span class='ocr_line' id='line_1_23' title="bbox 635 3623 1769 3744; baseline -0.001 -20"><span class='ocrx_word' id='word_1_123' title='bbox 635 3633 804 3725; x_wconf 91' lang='lat' dir='ltr'>XXIV.</span> <span class='ocrx_word' id='word_1_124' title='bbox 888 3625 1069 3728; x_wconf 90' lang='lat' dir='ltr'>Carolus</span> <span class='ocrx_word' id='word_1_125' title='bbox 1110 3666 1135 3726; x_wconf 89' lang='lat' dir='ltr'>a</span> <span class='ocrx_word' id='word_1_126' title='bbox 1186 3623 1303 3728; x_wconf 88' lang='lat' dir='ltr'>Senis</span> <span class='ocrx_word' id='word_1_127' title='bbox 1352 3623 1649 3744; x_wconf 88' lang='lat' dir='ltr'>Florentiam,</span> <span class='ocrx_word' id='word_1_128' title='bbox 1700 3623 1769 3725; x_wconf 89' lang='lat' dir='ltr'>ind</span> 
     </span>
     <span class='ocr_line' id='line_1_24' title="bbox 558 3768 1769 3912; baseline -0.002 -44"><span class='ocrx_word' id='word_1_129' title='bbox 558 3769 807 3909; x_wconf 89' lang='lat' dir='ltr'>pervenit,</span> <span class='ocrx_word' id='word_1_130' title='bbox 851 3807 1052 3911; x_wconf 89' lang='lat' dir='ltr'>exceptus</span> <span class='ocrx_word' id='word_1_131' title='bbox 1098 3768 1267 3910; x_wconf 90' lang='lat' dir='ltr'>ubique</span> <span class='ocrx_word' id='word_1_132' title='bbox 1320 3809 1426 3870; x_wconf 88' lang='lat' dir='ltr'>cum</span> <span class='ocrx_word' id='word_1_133' title='bbox 1476 3768 1648 3912; x_wconf 86' lang='lat' dir='ltr'>ingenti</span> <span class='ocrx_word' id='word_1_134' title='bbox 1701 3806 1769 3908; x_wconf 87' lang='lat' dir='ltr'>gra</span> 
     </span>
     <span class='ocr_line' id='line_1_25' title="bbox 559 3909 1738 4056; baseline -0.003 -44"><span class='ocrx_word' id='word_1_135' title='bbox 559 3946 661 4012; x_wconf 91' lang='lat' dir='ltr'>tum</span> <span class='ocrx_word' id='word_1_136' title='bbox 695 3915 900 4053; x_wconf 88' lang='lat' dir='ltr'>superatis</span> <span class='ocrx_word' id='word_1_137' title='bbox 943 3914 1149 4056; x_wconf 85' lang='lat' dir='ltr'>Liguriae</span> <span class='ocrx_word' id='word_1_138' title='bbox 1193 3913 1419 4014; x_wconf 89' lang='lat' dir='ltr'>montibus</span> <span class='ocrx_word' id='word_1_139' title='bbox 1454 3912 1503 4012; x_wconf 93' lang='lat' dir='ltr'>in</span> <span class='ocrx_word' id='word_1_140' title='bbox 1543 3909 1738 4014; x_wconf 89' lang='lat' dir='ltr'>Insubres</span> 
     </span>
     <span class='ocr_line' id='line_1_26' title="bbox 560 4051 1767 4199; baseline 0.003 -47"><span class='ocrx_word' id='word_1_141' title='bbox 560 4051 690 4154; x_wconf 89' lang='lat' dir='ltr'>nium</span> <span class='ocrx_word' id='word_1_142' title='bbox 738 4093 781 4155; x_wconf 90' lang='lat' dir='ltr'>et</span> <span class='ocrx_word' id='word_1_143' title='bbox 822 4055 1098 4178; x_wconf 89' lang='lat' dir='ltr'>exercitum,</span> <span class='ocrx_word' id='word_1_144' title='bbox 1137 4057 1217 4199; x_wconf 91' lang='lat' dir='ltr'>qui</span> <span class='ocrx_word' id='word_1_145' title='bbox 1254 4058 1310 4157; x_wconf 90' lang='lat' dir='ltr'>ad</span> <span class='ocrx_word' id='word_1_146' title='bbox 1354 4061 1511 4158; x_wconf 85' lang='lat' dir='ltr'>Astam</span> <span class='ocrx_word' id='word_1_147' title='bbox 1547 4055 1767 4198; x_wconf 90' lang='lat' dir='ltr'>oppidum</span> 
     </span>
     <span class='ocr_line' id='line_1_27' title="bbox 557 4200 1769 4340; baseline -0.001 -42"><span class='ocrx_word' id='word_1_148' title='bbox 557 4230 654 4317; x_wconf 89' lang='lat' dir='ltr'>rat,</span> <span class='ocrx_word' id='word_1_149' title='bbox 691 4202 917 4340; x_wconf 87' lang='lat' dir='ltr'>pervenit.</span> <span class='ocrx_word' id='word_1_150' title='bbox 964 4203 1132 4302; x_wconf 89' lang='lat' dir='ltr'>Multos</span> <span class='ocrx_word' id='word_1_151' title='bbox 1162 4201 1269 4326; x_wconf 67' lang='lat' dir='ltr'>¹dies</span> <span class='ocrx_word' id='word_1_152' title='bbox 1306 4200 1485 4301; x_wconf 89' lang='lat' dir='ltr'>Carolus</span> <span class='ocrx_word' id='word_1_153' title='bbox 1522 4202 1579 4301; x_wconf 87' lang='lat' dir='ltr'>ad</span> <span class='ocrx_word' id='word_1_154' title='bbox 1620 4205 1769 4302; x_wconf 84' lang='lat' dir='ltr'>Astam</span> 
     </span>
     <span class='ocr_line' id='line_1_28' title="bbox 559 4344 1769 4486; baseline 0 -46"><span class='ocrx_word' id='word_1_155' title='bbox 559 4377 626 4440; x_wconf 89' lang='lat' dir='ltr'>est</span> <span class='ocrx_word' id='word_1_156' title='bbox 640 4419 655 4463; x_wconf 95' lang='lat'>,</span> <span class='ocrx_word' id='word_1_157' title='bbox 693 4345 801 4444; x_wconf 88' lang='lat' dir='ltr'>dum</span> <span class='ocrx_word' id='word_1_158' title='bbox 838 4345 993 4446; x_wconf 89' lang='lat' dir='ltr'>milites</span> <span class='ocrx_word' id='word_1_159' title='bbox 1029 4344 1234 4486; x_wconf 87' lang='lat' dir='ltr'>imperati</span> <span class='ocrx_word' id='word_1_160' title='bbox 1269 4344 1589 4486; x_wconf 91' lang='lat' dir='ltr'>conscriptique</span> <span class='ocrx_word' id='word_1_161' title='bbox 1630 4382 1727 4446; x_wconf 92' lang='lat' dir='ltr'>tum</span> <span class='ocrx_word' id='word_1_162' title='bbox 1756 4382 1769 4440; x_wconf 88' lang='lat' dir='ltr'>a</span> 
     </span>
     <span class='ocr_line' id='line_1_29' title="bbox 557 4484 1769 4608; baseline 0.004 -27"><span class='ocrx_word' id='word_1_163' title='bbox 557 4484 670 4604; x_wconf 89' lang='lat' dir='ltr'>nia,</span> <span class='ocrx_word' id='word_1_164' title='bbox 713 4523 870 4588; x_wconf 92' lang='lat' dir='ltr'>tuma</span> <span class='ocrx_word' id='word_1_165' title='bbox 906 4491 1142 4592; x_wconf 87' lang='lat' dir='ltr'>Germania</span> <span class='ocrx_word' id='word_1_166' title='bbox 1185 4489 1495 4608; x_wconf 86' lang='lat' dir='ltr'>conveniunt,</span> <span class='ocrx_word' id='word_1_167' title='bbox 1527 4527 1571 4592; x_wconf 89' lang='lat' dir='ltr'>ct</span> <span class='ocrx_word' id='word_1_168' title='bbox 1607 4488 1663 4590; x_wconf 91' lang='lat' dir='ltr'>de</span> <span class='ocrx_word' id='word_1_169' title='bbox 1705 4522 1769 4587; x_wconf 87' lang='lat' dir='ltr'>rat</span> 
     </span>
     <span class='ocr_line' id='line_1_30' title="bbox 559 4626 1769 4774; baseline 0.006 -53"><span class='ocrx_word' id='word_1_170' title='bbox 559 4626 850 4732; x_wconf 87' lang='lat' dir='ltr'>deliberatur.</span> <span class='ocrx_word' id='word_1_171' title='bbox 880 4639 1009 4732; x_wconf 84' lang='lat' dir='ltr'>&#39;Nam</span> <span class='ocrx_word' id='word_1_172' title='bbox 1045 4673 1172 4774; x_wconf 90' lang='lat' dir='ltr'>saepe</span> <span class='ocrx_word' id='word_1_173' title='bbox 1208 4670 1364 4746; x_wconf 90' lang='lat' dir='ltr'>coacto</span> <span class='ocrx_word' id='word_1_174' title='bbox 1400 4632 1657 4774; x_wconf 88' lang='lat' dir='ltr'>Principum</span> <span class='ocrx_word' id='word_1_175' title='bbox 1693 4669 1769 4772; x_wconf 90' lang='lat' dir='ltr'>pra</span> 
     </span>
    </p>
   </div>
   <div class='ocr_carea' id='block_1_3' title="bbox 555 4773 1769 5023">
    <p class='ocr_par' dir='ltr' id='par_1_4' title="bbox 555 4773 1769 5023">
     <span class='ocr_line' id='line_1_31' title="bbox 555 4773 1769 5014; baseline 0.007 -148"><span class='ocrx_word' id='word_1_176' title='bbox 555 4773 922 5014; x_wconf 55' lang='lat' dir='ltr'>quesconcilio,</span> <span class='ocrx_word' id='word_1_177' title='bbox 974 4775 1173 4919; x_wconf 89' lang='lat' dir='ltr'>plerique</span> <span class='ocrx_word' id='word_1_178' title='bbox 1224 4777 1271 4878; x_wconf 91' lang='lat' dir='ltr'>in</span> <span class='ocrx_word' id='word_1_179' title='bbox 1315 4817 1364 4876; x_wconf 88' lang='lat' dir='ltr'>ea</span> <span class='ocrx_word' id='word_1_180' title='bbox 1412 4809 1623 4878; x_wconf 74' lang='lat' dir='ltr'>sententia</span> <span class='ocrx_word' id='word_1_181' title='bbox 1678 4810 1769 4918; x_wconf 86' lang='lat' dir='ltr'>pen</span> 
     </span>
     <span class='ocr_line' id='line_1_32' title="bbox 671 4920 1548 5023; baseline 0.003 -5"><span class='ocrx_word' id='word_1_182' title='bbox 671 4953 741 5018; x_wconf 85' lang='lat' dir='ltr'>om.</span> <span class='ocrx_word' id='word_1_183' title='bbox 762 4927 795 5015; x_wconf 89' lang='grc' dir='ltr'>Ι.</span> <span class='ocrx_word' id='word_1_184' title='bbox 1483 4920 1548 5023; x_wconf 88' lang='lat' dir='ltr'>lii</span> 
     </span>
    </p>
   </div>
   <div class='ocr_carea' id='block_1_4' title="bbox 0 0 2168 5986">
    <p class='ocr_par' dir='ltr' id='par_1_5' title="bbox 0 0 2168 5986">
     <span class='ocr_line' id='line_1_33' title="bbox 0 0 2168 5986; baseline 0 3"><span class='ocrx_word' id='word_1_185' title='bbox 0 0 2168 5986; x_wconf 95' lang='lat' dir='ltr'> </span> 
     </span>
    </p>
   </div>
  </div>
 </body>
</html>
