4284 5982
545 403 575 498 a·
894 395 965 478 nu
995 377 1072 503 Jo.
1102 397 1221 480 cun.
1253 397 1595 483 sunmvrnn

513 514 589 602 litt.
606 522 663 601 A.
686 538 723 602 et
743 535 831 624 cap.
861 521 922 602 18.
952 547 1092 606 numer.
1118 535 1181 606 61.
1211 544 1248 604 et
1278 552 1358 629 cap.
1387 550 1450 624 25.
1473 550 1574 604 num.
1598 544 1661 630 43.
1685 525 1858 608 Ceterum
1887 550 1978 608 cum

514 624 665 704 Erasmo
693 629 798 706 novis
831 626 941 706 rebus
969 628 1169 723 studente,
1204 650 1242 707 et
1267 632 1440 733 ambigue
1469 651 1580 731 atque
1608 631 1755 731 occulte
1776 632 1977 710 Ecclesiam

516 750 772 834 oppugnante,
787 732 842 808 sic
869 731 967 814 edita
989 733 1159 834 apologia
1180 735 1383 827 contendit,
1400 754 1443 811 ut
1464 755 1501 811 et
1528 732 1724 813 modestiae
1753 757 1838 812 suae
1864 757 1978 810 num-

518 857 630 934 quam
655 835 822 924 oblitus,
852 854 890 911 et
922 839 1056 912 veritas
1077 836 1283 916 altercando
1307 840 1472 938 quaesita
1495 837 1691 916 videretur.
1726 835 1890 936 Jactatat
1913 837 1977 917 ille

519 934 606 1036 ejus·
623 938 708 1028 libri
739 958 928 1015 auctorem
959 941 1112 1038 (quem
1138 940 1316 1018 Albertus
1346 941 1434 1018 Pius
1465 937 1671 1038 Carporum
1702 940 1873 1040 Princeps
1907 962 1976 1040 pto

522 1037 716 1120 Catholica
743 1041 917 1142 religione
945 1041 984 1116 in
1016 1039 1094 1140 ejus
1117 1067 1253 1120 errores
1279 1039 1495 1146 evulgatas)
1522 1041 1760 1143 Sepulvedam
1792 1066 1904 1136 esse,
1933 1065 1977 1122 ut

520 1144 672 1246 epistola
708 1144 766 1224 18.
795 1141 930 1221 refert:
958 1144 1134 1245 quodque
1158 1145 1292 1248 frigide
1316 1148 1421 1223 illum
1445 1146 1485 1222 in
1507 1145 1753 1224 Ciceroniana
1775 1166 1844 1223 suo
1865 1147 1976 1224 Bata·

519 1272 616 1339 vus,
643 1273 686 1327 ae
714 1248 828 1326 veluti
859 1247 936 1346 spei
968 1249 1085 1326 bonae
1113 1248 1284 1347 juvenem
1314 1250 1577 1349 praedicasset,
1602 1274 1689 1326 cum
1717 1248 1861 1350 grandis
1885 1267 1976 1328 natu

519 1348 595 1452 jam
624 1371 742 1444 esset,
771 1347 951 1450 editisque
979 1352 1082 1428 libris
1113 1354 1256 1446 clatus,
1281 1354 1319 1428 in
1345 1354 1414 1430 alia
1442 1355 1564 1430 omnia
1589 1352 1772 1430 Genesios
1798 1351 1974 1447 discessit,

522 1473 562 1534 et
572 1455 789 1548 Ciceronem
819 1477 933 1530 unum
975 1476 1018 1532 ut
1040 1456 1270 1555 eloquentiae
1294 1478 1498 1555 parentem,
1515 1479 1587 1532 non
1611 1457 1760 1556 quosvis
1780 1453 1975 1534 imitandos

522 1581 610 1637 esse
653 1578 751 1638 recte
793 1558 933 1634 censuit
972 1558 1076 1657 epist.
1106 1584 1165 1636 ro.
1188 1582 1226 1638 et
1265 1579 1325 1662 39.
1355 1556 1675 1650 Quemadmodum
1704 1582 1790 1636 vero
1816 1559 1856 1636 in
1885 1561 1974 1636 anni

525 1663 778 1762 mensiumque
814 1660 1074 1756 correctione,
1111 1662 1157 1741 de
1191 1687 1265 1762 qua
1298 1665 1405 1762 pauci
1435 1683 1515 1738 tum
1542 1682 1716 1764 egerant,
1743 1659 1853 1739 hodie
1883 1686 1974 1740 vero

522 1765 701 1870 plurimi,
732 1767 927 1841 instaurata
950 1788 972 1840 a
998 1765 1182 1867 Gregorio
1197 1767 1296 1844 Xlll.
1312 1767 1352 1845 P.
1365 1767 1420 1844 M.
1439 1764 1603 1843 dissensit
1630 1790 1652 1843 a
1678 1787 1800 1842 nostro
1830 1765 1972 1864 Gaspar

523 1870 752 1947 Contarenus
767 1866 877 1945 Card.
890 1868 1050 1946 Venetus
1063 1867 1347 1948 Mathematicus
1361 1889 1399 1946 et
1414 1865 1656 1967 Philosophus
1670 1869 1849 1970 egregius,
1864 1868 1970 1968 epist.

526 1991 589 2066 25.
605 1981 666 2049 26.
689 1994 750 2071 ²7·
771 1969 823 2044 sic
839 1990 876 2046 et
890 1969 950 2046 ille
965 1993 986 2046 a
1001 1970 1229 2050 Fredenando
1244 1973 1372 2049 Nonio
1395 1972 1562 2048 Pintiano
1593 1971 1770 2069 discrepat
1793 1971 1832 2046 in
1859 1970 1969 2048 saltus

524 2070 705 2174 Pyrenaei
733 2074 893 2150 terminis
920 2071 1016 2170 apud
1032 2074 1217 2168 Plinium,
1241 2097 1420 2175 motuque
1444 2075 1527 2150 solis
1546 2097 1610 2172 per
1631 2073 1842 2174 signiferum
1864 2077 1968 2174 epist.

522 2185 592 2277 ¹46.
606 2201 670 2278 47.
685 2176 748 2278 48.
778 2190 797 2248 a
815 2175 883 2254 Sed
912 2173 1002 2253 haec
1018 2176 1203 2256 hactenus.
1232 2179 1319 2254 Post
1341 2202 1427 2255 cum
1444 2198 1553 2253 annos
1572 2179 1724 2276 amplius
1741 2201 1799 2254 ao.
1814 2196 1968 2279 errant,

525 2300 590 2380 per
604 2281 744 2359 ltaliam
757 2279 1002 2382 peregrinatus
1016 2299 1129 2374 esser,
1145 2305 1218 2381 qua
1234 2282 1272 2358 in
1287 2305 1324 2359 re
1338 2282 1508 2380 Ulyssem
1531 2280 1634 2354 illum
1644 2281 1882 2357 Homericum
1902 2302 1968 2356 su·

524 2384 693 2484 peravit,
720 2381 862 2461 tandem
880 2383 1072 2482 aliquando
1091 2408 1219 2486 magna
1240 2409 1389 2462 suorum
1412 2385 1623 2483 civiumque
1648 2385 1913 2483 exspectatione
1928 2385 1968 2458 in

526 2487 680 2588 patriam
695 2487 843 2567 revertit
859 2487 1059 2579 Genesius,
1078 2488 1229 2566 collecta
1242 2484 1315 2587 jam
1330 2487 1472 2591 ingenti
1487 2488 1622 2588 gloriae
1637 2486 1768 2564 adorea
1780 2483 1869 2563 foris
1883 2510 1968 2586 par·

526 2609 578 2667 ta.
594 2589 718 2665 Molo·
733 2595 827 2666 enim
844 2639 856 2680 ,
883 2590 1005 2688 inquit
1020 2590 1105 2682 ille,
1127 2607 1242 2667 extra
1255 2595 1429 2686 patriam
1445 2589 1534 2666 bene
1563 2615 1640 2666 rem
1658 2611 1837 2690 gessere,
1866 2589 1966 2666 domi

526 2691 681 2778 obscuri
693 2708 804 2790 atque
817 2693 975 2790 inglorii
982 2691 1126 2786 futuri.
1139 2694 1295 2772 Patriam
1309 2695 1405 2771 enim
1417 2716 1500 2769 suos
1512 2690 1710 2792 Prophetas
1720 2689 1898 2768 honorare
1910 2715 1967 2769 so·

526 2793 629 2874 litam
643 2814 752 2898 negat
763 2791 942 2874 Christus.
951 2793 1082 2873 Caesar
1094 2796 1196 2874 illum
1206 2797 1357 2876 Carolus
1369 2798 1416 2874 V.
1431 2819 1516 2875 vere
1530 2798 1720 2898 Augustus
1732 2819 1775 2872 ea
1787 2796 1888 2872 ltalia
1903 2817 1967 2895 pet

528 2899 760 2978 Germaniam
784 2918 911 2998 sponte
932 2896 1156 2994 adductum,
1179 2898 1342 3000 nihilque
1359 2900 1426 2976 tale
1441 2897 1657 2977 ambientem
1675 2901 1769 2978 ultro
1785 2899 1822 2974 in
1836 2897 1964 2975 dome·

529 3004 705 3080 sticorum
737 3023 929 3078 numerum
962 3003 1113 3096 tetulit,
1141 3023 1179 3082 et
1207 3004 1383 3081 Historici
1420 3005 1529 3081 titulo
1557 3000 1832 3093 cohonestavit,
1863 3002 1967 3101 epist.

532 3103 572 3184 8.
597 3126 636 3196 9.
665 3125 703 3188 er
734 3124 796 3195 29.
826 3101 944 3204 Cujus
975 3107 1084 3184 etiam
1107 3107 1333 3206 immtatoris
1364 3129 1420 3184 res
1449 3107 1629 3206 praeclare
1662 3105 1764 3182 domi
1803 3101 1968 3204 forisque

532 3231 678 3311 gestas,
706 3228 749 3286 ut
774 3231 916 3286 summa
948 3205 1021 3287 fide
1057 3209 1343 3314 diligentiaque,
1370 3211 1421 3288 sic
1450 3231 1487 3288 er
1514 3210 1692 3313 elegantia
1728 3209 1807 3307 pati
1838 3205 1967 3285 litteris

532 3312 728 3414 prodidit:
759 3312 1003 3411 asservatique
1042 3310 1142 3410 ajunt
1184 3337 1245 3391 eos
1279 3313 1553 3392 commentarios
1582 3337 1603 3390 a
1631 3312 1797 3414 Regibus
1822 3307 1968 3388 Catho-

529 3416 615 3495 licis
641 3469 652 3509 ,
678 3414 744 3516 qul
773 3414 887 3492 inanis
912 3415 1049 3518 gloriae
1075 3436 1324 3507 contemtum,
1344 3417 1389 3502 iis
1415 3414 1587 3493 hactenus
1611 3414 1720 3493 latere
1747 3411 1876 3511 iussis,
1900 3410 1967 3489 de-

537 3519 701 3612 clarant,
729 3514 817 3594 dum
852 3535 1039 3618 tempore,
1066 3542 1108 3597 ut
1134 3517 1203 3611 lit,
1231 3518 1365 3596 invidia
1405 3518 1587 3596 decedat:
1621 3518 1754 3617 posteri
1780 3518 1876 3593 enim
1912 3515 1969 3589 in·

532 3623 741 3722 corruptius
768 3619 843 3699 fere
868 3617 1041 3719 judicant.
1080 3622 1375 3708 Climactetlcum
1396 3633 1502 3724 agens
1522 3644 1654 3700 annum
1681 3620 1811 3698 LXlll.
1841 3619 1968 3718 pleris-

531 3749 610 3826 ¹que
634 3723 805 3817 fatalem,
831 3727 933 3826 gravi
962 3725 1092 3803 morbo
1122 3725 1167 3803 ad
1191 3725 1423 3803 Medicorum
1456 3724 1738 3823 desperatIonem
1775 3723 1965 3802 conflicta·

533 3847 595 3906 tus
623 3881 634 3921 ,
665 3829 740 3906 Dei
777 3825 1042 3928 benignitate,
1078 3831 1145 3929 qui
1178 3826 1224 3906 ad
1260 3825 1395 3925 majora
1429 3851 1514 3906 eum
1550 3849 1781 3920 reservaret,
1821 3824 1966 3904 incolu-
2028 3847 2034 3862 ”

533 3935 603 4009 mis
616 3933 754 4024 evasit,
779 3950 822 4008 ut
845 3932 902 4009 ait*
915 3935 1017 4032 epist.
1045 3929 1108 4034 87.
1130 3931 1261 4008 Gravis
1281 3928 1353 4030 jam
1374 3931 1474 4008 annis
1488 3982 1500 4022 ,
1513 3931 1744 4031 octogenario
1766 3930 1864 4005 enim
1885 3949 1965 4002 ma·

530 4030 714 4135 joretat,
741 4053 851 4132 atque
875 4037 913 4110 in
937 4033 1068 4114 affecta
1091 4033 1253 4134 fessaque
1277 4032 1405 4110 studiis
1428 4052 1568 4125 aetate,
1594 4057 1614 4107 a
1634 4033 1844 4131 Carpetanis
1863 4031 1964 4106 Vac·

530 4137 701 4236 cae‘uque
723 4135 935 4216 Cordubam
968 4161 1110 4216 rursum
1147 4137 1314 4226 secessit,
1344 4157 1385 4214 ut
1410 4136 1476 4212 ubi
1501 4137 1666 4236 spiritum
1695 4135 1812 4234 primo
1838 4130 1966 4209 hause-

529 4259 610 4336 rat,
637 4238 775 4316 ibidem
800 4239 975 4320 redderet.
1002 4243 1118 4344 Igitur
1146 4241 1186 4316 in
1207 4237 1354 4340 praedio
1378 4239 1573 4330 Mariano,
1601 4257 1643 4313 ut
1670 4240 1835 4313 animum
1860 4233 1964 4312 defa-

530 4345 688 4445 tigatum
714 4343 911 4436 relaxaret,
936 4344 1204 4422 rusticabatur:
1232 4343 1270 4418 in
1295 4366 1371 4443 quo
1396 4362 1434 4420 et
1456 4343 1524 4418 otii
1551 4360 1589 4419 et
1614 4339 1819 4418 studiorum
1848 4337 1963 4442 gratIa

527 4447 677 4546 perinde
707 4447 915 4526 versabatur
941 4499 953 4542 ,
990 4470 1102 4549 atque
1132 4447 1173 4524 in
1205 4445 1413 4526 Tusculana
1443 4467 1508 4524 sua
1539 4443 1625 4524 villa
1657 4439 1963 4545 disputationibus

1865 4568 1935 4620 no-

567 4665 587 4728 3
627 4651 663 4709 ln
676 4649 846 4712 Coloniensi
865 4663 931 4728 post
951 4648 1001 4726 48.
1017 4650 1155 4711 additur:
1176 4650 1249 4726 „Et
1268 4650 1373 4726 nequid
1391 4649 1580 4724 dissimulem,
1598 4649 1630 4708 in
1645 4647 1750 4711 Aetne
1766 4649 1962 4724 Hispanorum

524 4745 658 4810 „etymo
672 4733 844 4792 hallucinari
857 4729 1016 4792 Genesium
1035 4731 1133 4789 docuit
1154 4731 1255 4790 doctus
1272 4731 1429 4790 Lusitanus
1445 4732 1578 4790 Andreas
1593 4731 1753 4790 Resendiua
1776 4729 1898 4804 epistola
1923 4723 1962 4780 ad

494 4867 497 4877 .
524 4813 701 4889 „Joauuem
723 4813 870 4872 Vasaeutn
886 4813 1063 4888 Brugensem
1083 4813 1176 4880 data,
1193 4813 1315 4885 indeque
1333 4811 1465 4872 Didaeua
1484 4810 1678 4878 &turonio
1691 4810 1847 4875 vaiarom
1860 4807 1960 4866 Reso-

521 4930 546 4970 „
561 4893 704 4956 lurionem
721 4893 773 4956 lib.
791 4911 820 4972 4
840 4906 871 4956 et
890 4894 923 4959 in
935 4894 1019 4955 Anni
1034 4891 1250 4956 Emendatioua
1260 4892 1434 4972 smigm‘t
