4294 5972
560 487 648 577 286
917 500 1000 582 DE
1044 495 1243 578 REBUS
1287 491 1519 574 GESTIS

512 664 678 767 tissime
716 695 900 760 etcum
936 691 1096 794 magna
1130 642 1461 748 benevolentiae
1497 635 1848 783 significatione.
1892 649 1982 750 Sed
2125 629 2126 632 Ν

517 849 609 910 non
646 805 725 908 diu
762 800 1003 906 Placentiae
1039 826 1340 896 commoratus
1376 786 1596 889 Antonius
1633 825 1682 890 rn
1718 789 1980 916 exercitum,

512 991 655 1095 quem
691 946 745 1048 ad
788 945 1061 1084 Ardiragum
1095 939 1357 1079 reliquerat,
1387 929 1639 1054 revertitur,
1674 971 1719 1034 et
1754 934 1893 1080 Papia
1929 939 1977 1040 in

510 1083 791 1198 ideditionem
827 1087 1053 1232 compulsa
1107 1097 1310 1187 Sanctum
1346 1074 1606 1220 Angelum,
1650 1077 1774 1222 quod
1824 1083 1979 1183 castel.

512 1240 609 1338 lum
645 1235 851 1380 operibus
888 1270 931 1331 et
968 1227 1183 1372 praesidio
1207 1222 1518 1470 permunitum
1554 1256 1663 1345 erat,
1690 1227 1978 1368 expugnavit,

516 1383 724 1524 belloque
759 1373 1085 1480 Mediolanensi
1120 1404 1325 1471 conecto
1384 1363 1623 1467 exercitum
1665 1376 1797 1471 Petro
1842 1370 1978 1471 Vele-

516 1527 591 1627 zio
628 1537 853 1627 Guevarae
888 1522 942 1620 ad
978 1514 1322 1660 oppugnandam
1356 1508 1618 1611 Florentiam
1653 1512 1979 1638 deducendum,

519 1706 570 1769 ut
605 1678 739 1803 jussus
765 1699 852 1768 erat
878 1663 1120 1781 aCarolo,
1150 1656 1354 1776 tradidit,
1385 1653 1567 1797 ipseque
1596 1660 1848 1763 Bononiam
1869 1698 1978 1760 con-

520 1814 680 1914 tendit.
718 1822 822 1912 Huc
859 1808 978 1909 enirn
1013 1802 1194 1907 Carolus
1231 1803 1288 1904 ad
1323 1808 1476 1900 Nonas
1513 1798 1783 1904 Novembris
1818 1841 1981 1944 perve-
2128 1815 2129 1870 l

519 1991 674 2072 nerat,
710 1993 813 2055 nam
848 1953 1006 2054 eodem
1042 1987 1142 2049 ante
1185 1945 1355 2087 aliquot
1395 1944 1486 2046 dies
1522 1944 1725 2049 Clemens
1771 1941 1983 2046 Pontifex

520 2099 745 2199 Maximus
781 2137 885 2198 cum
923 2091 1111 2236 collegio
1147 2087 1452 2194 Cardinalium
1487 2125 1686 2211 venerat,
1709 2125 1761 2190 ut
1795 2086 1860 2192 ibi
1896 2102 1981 2191 Ca·

519 2243 619 2342 rolo
629 2319 646 2362 ,
673 2240 1054 2385 quemadmodum
1084 2271 1172 2337 etat
1196 2232 1514 2354 constitutum,
1545 2230 1883 2376 Itnperatoriam
1907 2271 1981 2334 co-

521 2425 682 2488 ronam
718 2415 988 2526 imponeret.
1027 2378 1169 2482 Alluit
1196 2378 1330 2486 etiam
1358 2391 1461 2480 Dux
1488 2376 1830 2481 Mediolanensis
1856 2391 1979 2479 Fran·
2129 2369 2130 2386 Ν

526 2529 660 2630 ciscus
695 2523 877 2645 Sfortia,
910 2525 990 2666 qui
1025 2523 1110 2624 lide
1147 2521 1321 2664 publica
1356 2561 1382 2621 a
1417 2523 1580 2624 Carolo
1616 2517 1743 2624 facile
1779 2524 1980 2664 imperta·

524 2707 569 2771 ta
612 2673 756 2811 ipsum
801 2667 1015 2769 salutandi
1057 2663 1212 2808 suique
1247 2665 1465 2808 purgandi
1501 2664 1640 2808 gratia
1673 2699 1869 2770 venerat.
1908 2679 1976 2767 De

525 2823 648 2945 cujus
685 2849 729 2913 et
764 2822 1040 2915 Venetorum
1076 2849 1202 2911 causa
1238 2817 1371 2946 (nam
1408 2847 1452 2912 et
1486 2809 1571 2951 ipsi
1610 2813 1779 2956 legatos
1816 2814 1872 2912 de
1908 2847 1980 2954 pa-

526 2993 576 3056 ce
611 2954 840 3095 miserant)
875 2957 1083 3078 Carolus,
1115 2953 1195 3096 qui
1230 2990 1319 3055 etat
1354 2989 1506 3096 sponte
1542 2997 1618 3060 sua
1653 2959 1710 3058 ad
1746 2995 1906 3099 pacem
1938 2993 1981 3058 tt

525 3099 747 3244 publicam
784 3101 978 3246 quietem
1014 3135 1284 3242 propensus,
1306 3099 1540 3202 deliberare
1575 3101 1750 3244 coepit,
1777 3104 1982 3203 Clemen-

405 3341 408 3347 .
525 3277 570 3343 te
605 3285 787 3392 quoque
823 3244 1063 3365 Pontifice,
1103 3280 1184 3385 qur
1225 3281 1269 3344 se
1312 3239 1360 3343 in
1394 3242 1748 3387 pacificationem
1786 3245 1982 3388 interpo-
2131 3375 2132 3388 p

527 3423 696 3510 suerat,
732 3386 899 3492 cunctis
934 3387 1175 3492 rationibus
1210 3386 1506 3511 adhortante,
1541 3389 1748 3534 gravibus
1792 3393 1982 3532 prodeo«

525 3528 735 3677 tibusque
770 3535 873 3637 viris
909 3529 1152 3651 adhibitis,
1195 3531 1269 3633 sed
1312 3569 1509 3674 quorum
1550 3571 1673 3637 erant
1714 3533 1985 3638 nonnullia

526 3711 574 3777 re
607 3676 819 3799 militari,
853 3677 947 3781 vita
983 3711 1026 3777 et
1059 3676 1268 3776 institutis
1304 3675 1613 3784 abhorrentes.
1660 3687 1805 3843 Ergo·
1830 3673 1984 3779 ceteris

524 3812 617 3920 fere
652 3819 713 3985 in·
735 3859 889 3964 pacem
925 3855 969 3921 et
1004 3820 1117 3965 pacis
1158 3821 1427 3926 conditiones
1480 3824 1613 3968 longe
1662 3824 1715 3925 iis
1761 3821 1991 3942 diversas,
2131 3879 2132 3894 κ

527 3999 635 4104 quas
671 4001 857 4068 victores
900 4002 1028 4068 vrctrs
1063 4002 1109 4066 et
1143 3965 1255 4066 male
1291 3967 1458 4068 meritis
1494 3969 1596 4070 dare
1633 3966 1818 4085 solent,
1859 3955 1991 4068 incliss

375 4117 378 4126 ⁴
525 4092 772 4230 nantibuS,
806 4110 1030 4213 Antonius
1065 4107 1223 4210 frustra
1258 4109 1346 4213 dies
1392 4109 1564 4256 aliquot
1597 4109 1837 4215 levioribus
1888 4147 1989 4212 ver⁴
2131 4099 2132 4122 l

529 4247 600 4352 bis
634 4251 799 4357 horum
832 4253 1045 4358 sententia
1068 4251 1319 4397 improbata
1356 4255 1464 4391 (nec
1500 4260 1622 4360 enim
1659 4257 1790 4360 semel
1827 4251 1899 4356 his
1937 4255 1989 4356 de
2131 4271 2132 4284 '

505 4393 660 4495 rebus
691 4403 1019 4536 convenerant)
1055 4396 1113 4499 ad
1149 4437 1394 4503 extremum
1428 4400 1492 4502 ita
1505 4482 1520 4525 ,
1559 4411 1680 4537 cujus
1717 4436 1805 4504 erat
1841 4399 1990 4538 impe«.

530 4535 672 4658 tiens,
708 4543 907 4643 Incensus
942 4543 1198 4672 hujusmodi
1233 4547 1483 4648 orationem
1521 4539 1704 4650 habuit.

603 4694 715 4785 VIII.
789 4693 1085 4828 „Nunquam
1121 4721 1368 4826 putaram,
1405 4688 1563 4794 Carole
1600 4703 1799 4812 Caesar,
1831 4683 1877 4786 in
1913 4721 1992 4785 eas
2131 4789 2132 4806 Ν

532 4866 664 4950 „nos
697 4833 916 4970 angustias
959 4839 1211 4967 conjectum
1252 4833 1344 4956 iri,
1387 4870 1439 4935 ut
1483 4835 1538 4938 de
1583 4869 1692 4976 pace
1719 4833 1831 4954 his,
1877 4867 1995 5074 qufae

1901 5053 1933 5096 υ
1956 5015 1998 5073 ⁶⁴
