4298 5980
587 428 829 514 canoas
872 432 925 514 v.
975 433 1091 516 tra.
1123 435 1259 518 vrrr.
1522 439 1637 540 259.

192 628 261 698 tus
309 585 598 694 discrimine.
650 601 717 694 Ut
763 591 885 691 enim
934 588 1233 712 civitatibus,
1281 588 1341 692 sic
1393 594 1652 699 exercitibus

187 736 301 842 nihil
337 771 399 839 est
434 777 515 838 nec
551 735 770 840 salutarius
797 735 1037 838 concordia
1062 771 1106 836 et
1132 735 1355 859 amicitia,
1384 777 1464 839 nec
1489 739 1652 843 discor-

188 882 265 985 dia
309 878 639 1022 perniciosius,
672 881 921 1024 praesertim
963 880 1012 982 in
1054 879 1107 982 iis
1150 920 1347 1024 quorum
1388 883 1572 986 consilio
1609 922 1652 986 et

191 1023 379 1130 arbitrio
417 1063 589 1127 summa
625 1043 773 1128 re'rum
808 1023 1166 1128 administratur.

214 1221 219 1230 ·
263 1179 369 1276 XX.
441 1167 751 1275 Premebantur
786 1169 1031 1274 Caesariani
1067 1167 1384 1313 pabulatione,
1413 1171 1541 1272 omni
1578 1212 1654 1317 pa-

189 1309 333 1439 bulo,
354 1317 477 1459 quod
513 1352 604 1418 erat
637 1316 754 1417 intra
778 1312 938 1418 urbem
964 1351 1007 1418 et
1039 1314 1086 1415 in
1116 1314 1380 1459 propinquis
1407 1315 1533 1438 locis,
1555 1358 1655 1420 con·

63 1466 64 1469 ‘
189 1498 369 1564 sumto.
413 1468 562 1596 ¹Cujus
612 1459 697 1574 rei,
729 1497 857 1561 causa
924 1456 1186 1562 Philibertus
1253 1460 1375 1592 jussis
1426 1461 1653 1565 calonibus

188 1604 356 1708 cunctis
393 1603 441 1706 in
476 1639 641 1724 certum
681 1603 833 1706 locum
871 1604 1009 1747 paulo
1049 1605 1336 1708 remotiorem
1386 1609 1654 1747 procedere,

187 1750 416 1852 Fernando
451 1758 691 1894 Gonzagae
733 1791 839 1852 cum
882 1749 1217 1892 quadringentis
1254 1748 1479 1890 equitibus
1514 1752 1655 1853 levio-

187 1893 250 1996 ris
284 1929 524 1996 armaturae
565 1932 609 1995 et
652 1894 852 1994 ducentis
894 1893 1181 2036 cataphractis
1232 1894 1433 2036 peditum
1474 1905 1653 1998 Germa-

188 2077 356 2142 norum
392 2073 579 2180 quatuor
601 2036 751 2138 millia
785 2035 996 2177 milleque
1034 2038 1259 2176 Hispanos
1286 2035 1508 2159 attribuit,
1528 2079 1654 2143 cum-

190 2222 281 2323 que
317 2181 385 2283 his
421 2179 638 2321 proficisci
684 2214 728 2282 et
770 2176 1099 2321 pabulatoribus
1135 2220 1222 2280 esse
1259 2181 1472 2322 praesidio
1498 2185 1652 2314 jubet.

190 2335 229 2425 Is
266 2326 545 2446 inlocum,
598 2322 680 2466 qui
722 2329 838 2426 uallis
881 2357 1061 2460 pecorum
1100 2324 1399 2444 nominatur,
1439 2339 1495 2426 ab
1542 2324 1654 2428 urbe

189 2470 388 2610 Neapoli
424 2503 528 2569 octo
564 2466 734 2569 circiter
769 2467 910 2570 millia
946 2508 1174 2612 passuum,
1205 2506 1300 2610 quo
1335 2467 1419 2568 iter
1454 2466 1541 2569 nisi
1575 2508 1655 2570 an-

189 2611 495 2755 gustissimum
551 2649 717 2755 perque
773 2612 939 2715 montis
989 2607 1134 2716 fauces
1185 2652 1277 2713 non
1325 2648 1492 2752 patet,
1555 2651 1653 2718 eam

188 2795 406 2872 manum,
441 2793 491 2858 ut
527 2791 618 2856 erat
652 2758 953 2899 imperatum,
988 2757 1190 2860 induxit.
1227 2757 1311 2858 Sed
1342 2756 1415 2858 vix
1455 2755 1654 2897 equitatu

188 2901 512 3040 Germanisque
550 2939 655 3000 cum
693 2899 920 3003 calonibus
955 2938 1157 3003 montem
1192 2899 1432 3022 traductis,
1465 2939 1653 3044 magnus

188 3039 359 3146 hostilis
395 3079 494 3145 tum
535 3045 777 3186 equitatus,
810 3082 908 3148 tum
935 3047 1070 3147 etiam
1097 3045 1343 3188 peditatus,
1374 3076 1417 3144 et
1442 3044 1514 3144 cui
1540 3055 1654 3146 Cae-

188 3189 410 3289 sarianum
445 3188 710 3330 praesidium
745 3228 825 3331 par
862 3230 949 3291 esse
984 3225 1203 3330 nequeat,
1235 3189 1381 3290 adesse
1417 3185 1474 3289 ab
1510 3189 1655 3331 explo-

189 3333 411 3436 tatoribus
435 3368 480 3433 et
505 3331 856 3437 antecursoribus
891 3332 1117 3475 equitibus
1144 3333 1387 3440 nuntiatura
1419 3370 1514 3475 quo
1540 3372 1655 3435 nun-

190 3472 283 3577 tio
319 3472 604 3578 conturbatus
657 3488 873 3622 Gonzaga
930 3479 1149 3620 inopsque
1198 3475 1372 3578 consilii
1426 3475 1654 3618 optimum

193 3613 318 3721 factu
354 3663 442 3721 esse
484 3619 754 3742 constituit,
799 3658 848 3723 ut
890 3622 1030 3764 copiis
1076 3622 1182 3722 citra
1221 3658 1424 3724 montem
1465 3618 1653 3756 reductis

194 3765 419 3904 angust-ias
453 3802 714 3909 occuparet,
746 3765 827 3870 ubi
861 3766 991 3909 pauci
1015 3764 1085 3869 vel
1111 3765 1313 3909 plurimis
1343 3763 1534 3866 resistere
1559 3802 1654 3907 pos·

195 3941 323 4005 sent.

131 4133 134 4138 .
265 4057 391 4150 XXI.
465 4061 571 4152 Hoc
613 4094 690 4196 per
732 4094 893 4200 agmen
934 4049 1261 4198 pronuntiato,
1307 4084 1350 4152 et
1390 4045 1655 4172 Germanis,

194 4189 277 4331 qui
314 4192 523 4433 auguriis
560 4231 683 4296 erant
716 4196 941 4341 proximi,
964 4196 1086 4298 nullo
1122 4228 1292 4296 servato
1329 4194 1484 4296 ordine
1522 4231 1655 4298 retro·

194 4335 368 4436 cedenti
398 4375 466 4434 us·
506 4377 690 4481 magnus
753 4344 914 4442 eodem
972 4339 1177 4440 calonum
1231 4377 1463 4442 concursus
1518 4334 1655 4441 factus

195 4511 293 4578 est.
331 4489 482 4616 Itaque
517 4484 742 4586 commisti
776 4485 899 4586 inter
926 4523 971 4584 se
1011 4484 1189 4625 utrique
1225 4483 1367 4585 alteris
1404 4522 1568 4626 magno
1606 4522 1656 4583 e-
1750 4575 1753 4582 .

196 4653 294 4722 rant
327 4620 679 4761 impediment03
722 4664 767 4729 et
802 4665 907 4730 cum
941 4666 1006 4732 res
1041 4627 1308 4730 tumultuose
1341 4662 1384 4729 et
1427 4625 1656 4767 trepidan-

128 4887 130 4892 .
196 4794 260 4864 ter
294 4763 698 4888 administraretur,
733 4809 826 4911 quo
862 4771 1002 4910 magis
1045 4767 1394 4910 properabatur,
1425 4763 1513 4871 hoc
1554 4770 1657 4869 lon·

1075 4913 1186 5014 Klsa
1558 4908 1659 5052 gior
