4294 5984
570 425 626 544 aa
956 463 1040 548 ou
1090 460 1289 542 nanus
1339 456 1578 540 ensem

529 623 625 745 xit,
663 655 707 724 et
743 660 848 723 cum
883 615 1110 722 Toletanis
1147 613 1379 748 conjunxit
1456 624 1562 716 Huc
1607 651 1791 753 qnoque
1835 651 2006 714 convc-

533 769 600 868 nit
637 757 970 910 Sagoviensium
1012 799 1167 863 manus
1184 839 1213 880 ,,
1235 761 1309 861 cui
1323 832 1325 841 ,
1339 757 1415 861 ab
1450 799 1510 860 eo
1550 782 1761 898 tempore.
1799 765 2005 896 Joannts

533 923 695 1014 Bravus
732 910 870 1009 homo
906 903 1070 1008 nobilis
1105 897 1321 1046 ptaefirit3
1357 907 1577 1044 auctoque
1612 939 1800 1005 numero
1838 905 1894 1004 ad
1932 945 2007 1046 pe·

536 1056 681 1156 ditum
728 1043 917 1195 quatuor
959 1048 1107 1152 millia
1139 1086 1182 1150 et
1226 1048 1396 1189 equites
1441 1083 1617 1167 centum
1638 1127 1666 1169 ,.
1696 1085 1857 1148 omnes
1905 1051 2003 1150 Ni.-

533 1199 655 1300 viam
697 1236 744 1298 ro
787 1229 1033 1340 praetorem
1080 1194 1374 1335 Ronquillum
1394 1228 1634 1294 amovent.
1678 1191 1752 1292 Ille
1796 1229 1903 1292 veto
1947 1197 2003 1296 ad

531 1342 806 1446 Riomotum
840 1338 1059 1463 fluvium,
1095 1342 1150 1441 de
1187 1379 1280 1480 quo
1317 1355 1463 1479 supra
1480 1336 1759 1438 mentionem
1795 1330 2000 1461 fecimus,

536 1487 815 1590 venientibus
851 1485 1081 1607 occurrit,
1116 1519 1249 1626 atque
1285 1523 1359 1585 eos
1398 1482 1701 1623 adequitando
1721 1517 1780 1582 et
1815 1521 2001 1624 carpen-

537 1633 600 1732 do
635 1673 660 1732 a
688 1632 872 1734 meridie
901 1630 1074 1732 circiter
1106 1668 1243 1771 usque
1274 1627 1339 1728 ad
1358 1663 1549 1728 ,noctem
1585 1625 1866 1746 sollicitavit,
1895 1662 2001 1729 tunc

533 1807 723 1922 quoque
752 1771 977 1917 praefectis
990 1774 1235 1916 equitum,
1264 1774 1391 1915 quod
1415 1814 1442 1872 a
1464 1776 1612 1916 pugna
1643 1769 2000 1913 prohiberentur,

538 1917 894 2062 indignantibus.
932 1922 1015 2021 Sed
1047 1960 1100 2018 ea
1137 1953 1268 2018 nocte
1305 1918 1534 2058 populares
1582 1916 1776 2037 Nitriae,
1822 1953 2001 2058 praetor

538 2066 597 2164 ad
631 2063 1019 2208 Miguelivagnum
1061 2062 1210 2164 vicum
1251 2059 1427 2162 duobus
1468 2062 1573 2162 inde
1619 2098 1821 2203 passuum
1866 2061 2003 2162 r'nilli-

540 2207 621 2308 bus
664 2209 888 2316 conseditt
930 2248 981 2309 ac
1026 2243 1204 2348 postero
1245 2205 1346 2327 die,
1389 2204 1468 2349 qui
1507 2201 1594 2306 fuit
1641 2205 2001 2348 quadragesimus

539 2388 749 2470 octavus,
786 2389 923 2495 quarn
958 2351 1148 2452 Niuiam
1179 2353 1394 2469 ¹venerat,
1429 2358 1650 2484 ut..jussus
1686 2385 1807 2471 erat,
1843 2351 2002 2451 disces·-

539 2497 625 2618 sit‚
649 2497 705 2594 ad
733 2496 1063 2635 Arevalumque
1100 2497 1329 2596 reductum
1366 2493 1616 2634 equitatum
1652 2494 1852 2597 Antonio
1876 2507 2003 2597 :Fon-

539 2664 660 2738 'secae
694 2637 906 2758 tradidit,
942 2638 1023 2779 qui
1059 2634 1242 2738 obviam
1278 2676 1361 2780 tpsr
1395 2676 1498 2738 cum
1534 2638 1714 2780 paucis,
1750 2675 1863 2780 quos
1899 2655 2003 2737 coe-

540 2817 692 2924 gerat,
728 2779 948 2922 equitibus
982 2818 1271 2921 processerat.
1309 2792 1445 2882 Hunc
1482 2781 1602 2884 enim
1639 2782 1821 2884 Carolus
1858 2781 2001 2882 disce-

542 2929 647 3026 dens
695 2927 847 3068 Regiis
889 2926 1029 3069 copiis
1071 2924 1313 3049 omnibus,
1353 2925 1498 3070 siquid
1535 2927 1747 3028 tumultus
1787 2925 2000 3046 oriretur,

539 3106 732 3210 praeesse
766 3079 967 3204 jusserat.

613 3222 798 3316 XXVII.
870 3225 1001 3316 Erant
1041 3214 1367 3354 Methymnae,
1404 3255 1517 3357 quae
1560 3221 1787 3352 Campestris
1826 3253 2001 3358 cogno-

539 3356 764 3479 minatur,
809 3395 1029 3459 tormenta
1071 3361 1247 3482 multa,
1285 3400 1399 3503 quae
1435 3357 1523 3462 huc
1558 3370 1674 3496 jussu
1707 3360 1921 3462 Pernandi
1958 3395 2003 3459 et

542 3498 743 3602 Isabellae
785 3504 1040 3646 Principum
1082 3504 1238 3608 collata
1273 3503 1474 3625 fuerant,
1510 3541 1561 3607 ut
1595 3505 1762 3608 idoneo
1800 3503 1903 3604 loco
1946 3504 2003 3604 ad

538 3681 694 3747 omnes
731 3687 850 3748 casus
887 3685 1218 3751 asservarentur.
1246 3650 1343 3752 His
1379 3690 1422 3750 se
1459 3649 1601 3792 potiri
1648 3687 1745 3750 tum
1788 3649 1844 3748 ad
1885 3685 2002 3767 rem,

538 3824 635 3889 tum
677 3792 732 3891 ad
774 3785 940 3892 famam
984 3829 1028 3893 et
1075 3794 1367 3936 opinionem,
1411 3835 1524 3936 quae
1567 3831 1727 3937 magna
1770 3826 2002 3892 momenta

539 3930 587 4030 in
614 3931 736 4035 bellis
772 3934 920 4038 afferre
955 3938 1124 4059 solent,
1161 3936 1428 4080 reipublicae
1464 3940 1616 4081 magni
1649 3940 1848 4040 interesse
1885 3936 2003 4068 judi·

537 4113 638 4176 cans
685 4082 936 4202 Antonius,
972 4080 1289 4220 Methymnam
1326 4123 1430 4185 cum
1466 4125 1557 4204 eo,
1606 4121 1741 4225 quem
1777 4079 2001 4196 diximus,

536 4221 737 4362 equitatu
766 4258 810 4323 et
835 4224 1057 4366 peditibus
1093 4227 1210 4330 haud
1247 4229 1342 4371 plus
1377 4229 1576 4330 ducentis
1611 4223 1915 4370 progreditur,
1951 4253 1998 4322 et

535 4363 592 4463 ab
629 4366 861 4506 oppidanis
896 4406 1148 4489 tormenta,
1184 4372 1344 4514 quibus
1381 4375 1437 4476 ad
1472 4384 1592 4505 jussa.
1619 4373 1763 4516 Regia
1798 4405 1997 4471 commo·

532 4505 631 4605 dius
666 4507 870 4610 obeunda
907 4515 989 4615 sibi
1024 4556 1135 4657 opus
1172 4555 1307 4636 esset,
1344 4520 1554 4620 comiter·
1576 4552 1618 4618 et
1661 4517 1803 4619 amice
1850 4550 1999 4655 popo-

532 4649 637 4752 scit.
682 4653 747 4755 Illi
783 4693 891 4757 veto
925 4695 1019 4758 non
1056 4656 1201 4759 solum
1233 4661 1470 4785 Antonio,
1506 4663 1580 4765 sed
1616 4662 1751 4763 etiarn
1789 4657 2002 4762 Gutietto

527 4795 785 4922 Quixadae‚
811 4802 891 4943 qui
917 4842 1093 4909 summo
1118 4801 1528 4947 Methymnensium
1557 4806 1835 4948 magistratui
1862 4839 1997 4948 prae-

1904 4981 2002 5046 erat
