4284 5982
541 408 673 482 cunr.
953 398 1549 498 Jonu.ceu.senunvnnnn

515 537 560 622 de
575 549 732 624 semaei
751 533 1003 627 sensibilibus.
1034 538 1126 650 Psg.
1146 563 1215 618 21.
1233 537 1278 618 de
1294 543 1471 619 maaria
1485 549 1523 618 et
1538 538 1756 618 neminisse.
1778 531 1881 650 Pag.
1903 544 1983 640 25⁴]

516 657 563 738 de
580 680 701 745 somno
727 669 765 740 et
788 660 937 762 vigilio.
968 657 1059 769 Pag.
1079 681 1146 761 29.
1177 655 1222 737 de
1238 645 1445 738 insomniis.
1473 653 1570 768 Pag.
1591 681 1658 761 32.
1688 653 1734 734 de
1759 655 1983 736 divinatio*

516 797 562 860 ne
573 790 646 882 per
662 797 836 858 somnum.
866 775 957 886 Pag.
981 799 1048 878 35.
1078 773 1123 854 de
1150 784 1248 864 motu
1265 775 1492 856 animalium.
1518 775 1609 885 Pag.
1627 797 1698 875 41.
1730 775 1777 854 de
1803 776 1980 875 longitn-

519 891 604 978 dine
630 905 667 976 et
688 894 879 1009 brevitate
902 897 1024 976 vitae.
1050 891 1142 1003 Pag.
1162 909 1233 994 44.
1262 891 1306 975 de
1324 893 1486 998 juventa
1507 899 1544 970 et
1573 901 1724 978 senecta
1753 947 1767 992 ,
1807 893 1907 972 vita
1938 897 1980 972 st

518 1022 666 1111 morte,
698 1035 743 1091 uc
760 1012 805 1091 de
820 1013 1039 1116 spiratione.
1071 1006 1166 1122 Pag.
1188 1008 1256 1110 46.
1272 1005 1322 1092 nd
1352 1033 1417 1114 53.
1448 1010 1493 1089 de
1510 1011 1730 1116 spiratione.

608 1125 753 1216 Libellis
770 1125 867 1214 hisce
885 1123 1085 1228 omnibus,
1112 1147 1256 1237 praeter
1282 1148 1515 1236 postremum
1540 1126 1848 1233 desperatione,
1867 1147 1980 1210 acee-

518 1238 618 1330 'dunt
636 1243 787 1334 nosulae
804 1245 854 1329 ad
877 1240 1083 1358 marginem
1096 1300 1114 1344 ,,
1134 1240 1499 1355 qune·Scpulvedam
1515 1266 1707 1327 auctorem
1735 1262 1983 1354 agnoscunt,

520 1385 574 1451 ut¹
592 1360 668 1474 ipse
690 1360 842 1450 tradidit
856 1359 894 1444 in
924 1355 1153 1472 praefatione
1169 1357 1224 1444 his
1245 1358 1391 1446 verbis:
1422 1361 1514 1468 Qua
1530 1366 1675 1443 ratione
1693 1360 1836 1441 ductus
1866 1351 1980 1460 deffi-

520 1483 660 1574 cillinea
677 1483 855 1585 quaedam
869 1485 949 1568 loco
965 1537 978 1579 ‚.
1009 1501 1102 1583 qnae
1132 1481 1230 1568 nulla
1248 1473 1360 1574 fideli
1388 1485 1692 1586 interpretatione
1726 1481 1833 1561 satis
1865 1487 1978 1582 pote

521 1613 611 1680 rant
630 1601 805 1708 expediri
823 1658 835 1702 ‚
861 1601 1048 1706 appositis
1077 1595 1230 1678 scholiis
1252 1600 1450 1703 explicare
1474 1603 1620 1678 tentavi
1638 1652 1660 1699 ,,
1680 1593 1819 1700 quibus
1838 1593 1980 1701 aeljutn

521 1721 784 1825 interpretatio
812 1718 1021 1824 diligentem
1043 1728 1081 1795 et
1100 1721 1325 1822 ingeniosum
1354 1719 1524 1799 lectorem
1548 1718 1901 1806 commentariorum
1917 1733 1976 1792 ne-

522 1841 703 1920 cessitate
715 1859 849 1942 magna
869 1859 918 1916 en
928 1847 1068 1940 parte,
1094 1846 1135 1914 ut
1153 1849 1263 1940 spera
1279 1887 1293 1934 ‚
1308 1835 1464 1919 levabit.
1496 1832 1629 1938 Neque
1644 1855 1737 1914 vero
1762 1836 1804 1911 si
1820 1835 1892 1935 qui
1905 1829 1978 1938 jn.-

521 1958 664 2036 niurnm
691 1954 780 2036 baeu
802 1954 928 2034 eadem
957 1976 1027 2034 uno
1044 1964 1205 2057 tempore
1235 1957 1386 2058 eospccti
1415 1950 1558 2035 latina
1576 1948 1740 2056 fhcere,
1767 1951 1976 2034 editionem

522 2085 778 2176 occuparunt,
804 2076 976 2176 protinus
992 2073 1066 2150 erit
1081 2069 1184 2149 labor
1201 2081 1327 2150 noster
1344 2073 1482 2151 irritus·
1511 2123 1526 2170 ,
1555 2083 1592 2150 et
1617 2068 1709 2150 baec
1737 2071 1975 2175 interpreta-

521 2191 575 2270 tio
604 2186 763 2276 Latinis·
779 2186 1011 2294 pbilosophis
1044 2191 1284 2270 minusutilis
1312 2189 1508 2270 censenda..
1534 2183 1595 2270 llll
1611 2207 1763 2290 nomque
1781 2243 1797 2288 ‚
1815 2199 1864 2270 ut
1881 2183 1974 2266 nili

521 2307 666 2407 quidem
688 2308 872 2408 uidetur,
895 2303 1117 2388 Aristotelis
1141 2327 1272 2389 sensus
1296 2317 1352 2390 lot
1383 2311 1571 2410 tantisque
1599 2301 1795 2387 erroribus
1824 2305 1974 2410 depra-

521 2437 692 2530 varunt,
718 2437 760 2510 ut
789 2427 853 2510 vel
873 2422 938 2506 boc
955 2428 1094 2506 nomine
1120 2427 1380 2529 interpretatio
1395 2438 1523 2507 nostra
1537 2428 1592 2506 sit
1620 2428 1660 2508 in
1682 2426 1832 2527 primis·
1857 2435 1975 2528 eupe⁴

521 2543 663 2643 tenda,
689 2543 787 2646 qnod
801 2547 840 2621 in
850 2537 1090 2647 praefhtione
1109 2539 1199 2622 libri
1215 2537 1264 2622 de
1280 2537 1420 2626 incessu
1436 2537 1649 2632 animalium
1667 2598 1681 2644 ,
1704 2561 1815 2642 quem
1832 2541 1888 2620 ad
1901 2536 1971 2618 Al·

522 2657 669 2742 bertum
695 2658 805 2739 Pium
820 2660 1000 2739 dominum
1017 2671 1053 2742 et
1068 2669 1267 2770 patronum
1298 2683 1413 2740 meum
1442 2663 1640 2760 converti,
1673 2668 1844 2742 testatus
1860 2677 1968 2755 sums

521 2796 614 2880 quoae
629 2782 666 2856 si
679 2779 895 2882 diligentius
919 2779 977 2860 illi
987 2775 1306 2882 perpendissent,
1330 2783 1615 2880 accuratiusque
1632 2780 1886 2880 interpretati
1903 2768 1972 2875 fo-

520 2905 635 2996 rent,
663 2897 925 2978 consnbdssern
940 2893 1061 2976 labori
1092 2917 1199 2997 meo,
1222 2897 1286 2997 ani
1304 2894 1354 2976 ob·
1376 2894 1471 2978 barse
1493 2919 1645 2976 cansam
1675 2893 1795 2975 libros
1829 2912 1969 2996 quoqne

522 3007 572 3098 de
589 3007 828 3125 generatione
846 3033 887 3096 et
902 3006 1079 3114 interitu,
1106 3011 1327 3094 laboriosnm
1353 3027 1442 3118 opus
1457 3069 1471 3116 ‚
1486 3015 1688 3112 converti,
1718 3013 1807 3112 cai,
1824 3033 1871 3092 ne
1884 3020 1971 3116 arne

522 3135 779 3214 maturitatem·
801 3134 1026 3230 emittatur,
1048 3128 1131 3236 jam
1149 3131 1299 3237 pridem
1314 3133 1428 3212 olium
1460 3133 1603 3211 damus.
1634 3125 1690 3209 Et
1705 3149 1805 3208 nunc
1834 3127 1968 3212 Mete·

521 3241 795 3359 reologicorum
819 3246 910 3328 libri
941 3259 1026 3328 sont
1048 3252 1087 3326 in
1118 3245 1288 3333 manibus
1314 3269 1438 3352 ,nuos
1468 3274 1517 3330 en
1547 3249 1737 3329 onustare
1764 3246 1963 3328 memorati

521 3358 720 3472 Principis
735 3386 809 3448 msa
825 3381 939 3471 opera
952 3369 1326 3470 interpretamur,et
1340 3366 1462 3471 justis
1487 3368 1761 3448 commentariis
1775 3387 1828 3444 eor
1843 3359 1966 3445 Grac·

521 3504 644 3561 earnm
658 3478 1068 3588 potissimnmfonlibus
1085 3480 1296 3564 baurientes
1311 3505 1541 3564 enarramus.
1570 3478 1740 3563 Exstant
1754 3485 1854 3562 enim
1875 3478 1969 3558 Ale·

521 3599 665 3680 sundri
690 3599 962 3706 Aphrodisiei‚
990 3593 1054 3713 Jo.
1072 3595 1322 3681 Grammatici
1346 3654 1362 3702 ,
1387 3599 1642 3707 Olympiodoro⁸
1676 3603 1717 3679 in
1745 3597 1816 3678 bos¹
1839 3595 1967 3678 libros

522 3713 694 3804 Graecae
723 3719 1015 3823 expositiones,
1046 3717 1183 3820 quibus.
1203 3715 1367 3802 Latinae
1397 3730 1633 3833 comparatae
1659 3718 1844 3802 ridiculae
1874 3733 1966 3796 sane

521 3836 721 3922 uideamur
737 3889 758 3936 ,,
784 3847 822 3918 et
838 3839 1015 3916 monstris
1040 3839 1221 3940 insignes.

609 3949 794 4034 Nicolaus
811 3949 999 4036 Antonius
1024 3947 1179 4033 Parvos
1202 3954 1391 4036 naturales
1421 3977 1613 4038 recensens
1642 3949 1790 4040 dicatos
1815 3947 1866 4034 ab
1895 3974 1963 4031 au·

517 4086 623 4154 ctote
645 4065 766 4156 innuit
783 4066 943 4160 Aiberto
961 4067 1030 4158 Pio
1045 4069 1256 4182 Carporum
1274 4067 1452 4181 Principi,
1469 4097 1609 4184 eosque
1623 4096 1700 4153 una
1714 4095 1803 4154 cum
1820 4066 1962 4154 druto·

517 4181 598 4266 telis
622 4183 870 4268 Meteororum
899 4185 996 4270 libris
1010 4210 1175 4300 quatuor
1203 4182 1258 4268 ad·
1282 4184 1463 4272 Carolum
1478 4189 1675 4276 Caesarem
1697 4245 1714 4289 ,
1736 4184 1888 4270 duobus
1915 4182 1960 4264 de

517 4317 601 4382 ortu
631 4317 668 4384 et
699 4308 855 4389 interitu
883 4302 934 4388 ad
962 4303 1198 4389 Hadrianum
1217 4303 1284 4384 VI.
1304 4331 1343 4386 et
1364 4301 1527 4388 libellum
1554 4321 1574 4360 ¹'
1592 4309 1636 4386 de
1651 4302 1794 4388 Mundo
1822 4301 1859 4384 in
1877 4324 1960 4415 gre·

492 4507 497 4519 ,
515 4417 824 4510 imminuant
849 4419 1026 4534 Principis
1041 4421 1215 4512 Latinum
1233 4415 1397 4526 factum,
1425 4449 1557 4508 omues
1573 4423 1705 4506 denuo
1719 4417 1770 4502 ab
1791 4418 1873 4532 ipso
1900 4417 1959 4498 in-

515 4557 677 4654 terprete
700 4537 948 4653 recognitos2¹
969 4536 1065 4654 quin
1078 4536 1196 4628 numo
1211 4533 1309 4622 aios
1331 4533 1450 4624 factos
1478 4535 1617 4626 enfide
1647 4559 1817 4626 veterum
1833 4559 1961 4732 exepu-

1869 4681 1896 4764 ρ
1910 4676 1956 4732 ar·

554 4849 570 4890 ι
611 4831 696 4904 Joan.
708 4831 775 4889 Alb.
786 4829 936 4889 Fabricius
947 4829 1027 4890 Bibl.
1042 4827 1175 4890 Graecae
1202 4830 1252 4890 lib.
1263 4850 1290 4908 3.
1315 4851 1380 4907 esp.
1393 4833 1422 4890 6.
1443 4843 1513 4891 tum.
1532 4851 1559 4893 n.
1574 4849 1639 4908 pag.
1658 4849 1723 4910 1²9·
1736 4829 1959 4894 meminisses-1

508 4910 598 4976 ebriis
612 4913 705 4976 libelii
724 4913 759 4975 de
773 4913 883 5008 Mundo.
894 4929 915 4972 a.
925 4912 1088 4994 Seputvedu
1101 4910 1199 4973 factae
1210 4912 1386 4992 Paridisque
1400 4915 1496 4975 editae
1512 4916 1597 4998 1548.
1617 4915 1692 4994 inp,
