4326 5986
572 514 662 608 434
969 505 1054 586 DE
1101 502 1312 586 REBUS
1359 501 1580 588 GESTIS

538 710 590 774 ut
625 662 809 772 Carolus
835 660 1071 765 exercitum
1101 661 1148 764 in
1172 659 1362 764 Galliam
1388 663 1643 766 ulteriorem
1677 657 1997 787 transmitteret,

543 808 760 961 praefecto
797 813 907 910 duce
920 885 934 930 ,
968 845 1104 950 quem
1141 807 1348 910 omnium
1383 807 1796 951 praestantissimum
1832 811 1996 940 judita-

543 996 610 1064 ret
654 953 941 1094 (Antonium
986 953 1171 1056 Leivam
1212 993 1307 1055 non
1349 955 1531 1057 obscure
1572 953 1883 1096 designantes)
1927 955 1997 1097 qui

546 1145 652 1206 cum
702 1101 872 1204 minore
922 1097 991 1204 vel
1033 1097 1299 1240 dignitatis,
1347 1099 1418 1198 vel
1466 1095 1755 1241 Reipublicae
1808 1098 2001 1241 periculo

549 1245 779 1352 fortunam
822 1241 925 1351 belli
967 1242 1171 1353 subiret3
1211 1241 1303 1386 ipse
1346 1281 1453 1344 veto
1496 1245 1660 1345 tutiore
1705 1244 1854 1385 aliquo
1904 1245 2001 1347 loco

549 1431 655 1494 cum
690 1389 908 1535 praesidio
932 1383 992 1490 'in
1026 1387 1148 1489 ltalia
1181 1425 1463 1511 remaneret,
1500 1391 1620 1491 unde
1656 1427 1730 1487 sua
1768 1391 2003 1530 praesentia

551 1573 697 1680 posset
732 1535 862 1637 Italos
898 1536 947 1634 in
981 1528 1133 1634 officio
1169 1533 1429 1653 continete,
1456 1569 1499 1634 et
1541 1531 1688 1676 siquid
1723 1573 1837 1675 opus
1879 1571 2001 1654 esset,

550 1681 750 1823 undique
785 1677 971 1800 auxilia,
1011 1718 1126 1822 quae
1145 1677 1247 1778 suis
1282 1677 1587 1800 submitteret,
1624 1717 1838 1779 evocare.
1881 1693 2001 1804 Quae

552 1866 647 1929 non
683 1863 777 1926 tarn
810 1822 992 1941 libem,
1033 1823 1351 1964 quam-amico
1396 1825 1550 1925 animo
1591 1862 1752 1965 magna
1789 1864 1840 1922 ert
1884 1860 2004 1964 parte

553 1966 847 2087 dicebantur,
883 1967 994 2067 dum
1029 2005 1185 2065 omnes
1226 1967 1391 2066 tutiora
1426 1969 1630 2088 suadere,
1665 1965 1824 2087 nemo,
1857 1967 2005 2107 siquid

552 2107 667 2212 forte
708 2111 855 2213 durius
900 2107 1161 2231 accidisset,
1198 2109 1429 2252 periculosi
1468 2112 1642 2212 consilii
1682 2147 1835 2212 auctor
1880 2105 2003 2212 fitisse

553 2253 695 2356 videri
730 2254 860 2356 vellet
893 2290 1018 2356 tanto
1052 2253 1273 2393 Principi,
1304 2265 1427 2389 cujus
1462 2256 1556 2360 vita
1584 2255 1750 2357 cunctis
1782 2253 2003 2356 ordinibus

552 2435 735 2542 propter
776 2399 1077 2500 innocentiam
1124 2398 1518 2545 excellentiamque
1568 2398 1785 2520 virtutum
1830 2400 2002 2542 opinio-
2138 2411 2139 2454 l

553 2583 658 2646 nem
695 2577 784 2643 erat
818 2581 1063 2644 carrssrma.

626 2694 780 2788 XXV.
854 2689 992 2830 Igitur
1029 2687 1174 2788 multis
1214 2687 1600 2811 dissuadentibus,
1634 2688 1819 2791 Carolus
1861 2721 2002 2788 tamen

555 2829 690 2972 Alpes
724 2870 829 2934 cum
864 2829 1060 2932 exercitu
1090 2833 1299 2954 transite,
1331 2871 1376 2935 et
1410 2835 1503 2974 ipse
1539 2874 1618 2978 per
1653 2875 1698 2935 se
1733 2831 1900 2936 bellum
1935 2835 2005 2934 ad-

556 2975 805 3078 ministrare
838 2975 1069 3081 constituit
1084 3053 1106 3076 ..
1145 2979 1225 3079 Sed
1266 2986 1358 3110 jam
1402 2979 1580 3081 illorum
1622 2979 1888 3120 importunis
1929 2979 2004 3078 de-

555 3115 881 3221 hortationibus
917 3158 961 3221 et
993 3157 1167 3262 tempus
1200 3121 1318 3224 bello
1354 3125 1550 3266 gerendo
1583 3123 1799 3226 idoneum
1832 3116 2005 3222 effluxe-

557 3297 624 3363 rat
651 3340 666 3382 ,
698 3298 742 3364 et
789 3263 882 3406 ipse
922 3265 978 3365 ad
1027 3264 1175 3406 aliqua
1215 3261 1354 3368 factus
1401 3302 1493 3371 etat
1542 3267 1847 3372 cunctantior.
1892 3279 2005 3368 Inter

556 3401 672 3507 hanc
706 3409 979 3510 consultandi
1010 3445 1182 3510 moram
1207 3409 1381 3512 Fossani
1415 3415 1614 3516 custodes
1648 3412 1922 3516 deditionem
1953 3406 2013 3512 f·

558 3590 653 3651 cere
689 3593 716 3652 a
745 3554 903 3653 nostris
939 3553 1157 3696 compulsi
1190 3556 1428 3689 adjuvante
1452 3557 1690 3659 deditionis
1721 3597 1868 3657 causas
1893 3568 2012 3658 Fran

557 3693 676 3795 cisco
718 3695 976 3798 Salutiarum
1018 3695 1315 3824 Marchione,
1354 3699 1433 3842 qui
1480 3703 1707 3805 Gallorum
1748 3737 1887 3842 partes
1937 3699 2016 3846 ipsi

558 3839 837 3979 potissimum
881 3882 907 3942 a
951 3841 1197 3943 discedente
1238 3845 1487 3946 Almitallio
1522 3847 1851 3950 commendatas
1895 3846 2015 3948 dese·

559 4021 683 4106 rens,
721 3983 828 4086 dum
864 3985 946 4088 suis
980 3985 1104 4088 rebus
1147 4021 1396 4112 metueret,
1433 3993 1491 4093 ad
1534 3994 1746 4096 Carolum
1786 3992 2016 4094 transivit.

556 4136 766 4231 Ceterum
802 4138 1001 4274 Augusta
1040 4132 1374 4254 Taurinorum,
1415 4175 1509 4278 quo
1545 4137 1718 4279 oppido
1760 4175 2018 4280 expugnato

557 4272 698 4374 nullus
717 4272 853 4375 hostis
872 4316 897 4375 a
922 4312 1051 4417 tergo
1069 4277 1412 4418 relinquebatur,
1433 4319 1489 4381 ne
1509 4315 1669 4383 tentata
1688 4281 1870 4425 quidem
1890 4323 1923 4383 a
1944 4293 2017 4385 ca·

556 4416 654 4514 rolo
678 4454 768 4539 est,
790 4419 955 4522 eisdem
978 4420 1298 4523 consultoribus
1325 4421 1664 4548 obtestantibus,
1685 4427 1853 4527 videret
1878 4427 2016 4528 etiarn

555 4593 689 4698 atque
716 4563 1083 4684 etiam,necu1n
1109 4567 1329 4709 oppidum
1360 4571 1564 4711 operibus
1594 4607 1638 4672 et
1664 4568 1859 4671 militurn
1888 4609 2018 4708 prae-

553 4701 669 4804 sidio
695 4708 992 4844 permunitum
1020 4751 1106 4810 esse
1141 4747 1387 4833 constaret,
1418 4715 1528 4818 tanti
1555 4717 1766 4816 exercitus
1795 4711 1950 4832 fama,
1980 4709 2016 4811 i-

548 4847 756 4996 psiusque
780 4856 1054 4996 Imperatoris
1088 4857 1322 4962 auctoritas
1356 4862 1654 4983 minueretur,
1674 4860 1709 4964 si
1732 4899 1797 4963 res
1825 4855 1884 4959 ab
1915 4858 2015 4998 ipso

1772 5075 1777 5090 ·
1879 5039 2011 5146 ptat-
