4294 5984
609 441 848 525 cauom
884 443 939 524 v
983 445 1105 526 ιιιι
1148 447 1240 527 ιιι.
1526 433 1583 544 83

161 624 231 710 ua
259 617 430 709 Comes
478 596 819 704 Centifontanus
866 595 1077 724 ferebat,
1129 596 1363 742 separaum
1407 601 1625 734 collocat,

162 786 335 894 praeter
371 737 476 849 duas
504 781 668 848 turmas
705 673 1109 886 cataphractorum,
1145 786 1258 910 quos
1293 747 1351 848 ad
1384 749 1515 889 pedes
1551 754 1633 855 de*

161 897 279 998 silirc
305 933 350 996 et
383 891 763 1056 oppugnationem
786 929 888 992 cum
908 887 1184 1029 peditibus
1172 889 1283 991 mite
1324 893 1471 1022 jussit.
1509 898 1625 1002 Coc

158 1077 243 1182 pta
287 1037 648 1181 oppugnatione,
690 1075 842 1138 murus
886 1033 1018 1134 semel
1020 1069 1198 1198 atquc
1238 1035 1402 1138 iterum
1446 1038 1631 1144 diversis

160 1180 358 1327 partibus
403 1217 729 1284 tormentorum
776 1178 869 1279 telis
914 1175 1212 1300 concutitur,
1262 1178 1503 1323 utrobique
1553 1222 1629 1296 taff·

159 1365 271 1430 men
307 1326 501 1489 ejusdem
543 1323 809 1442 firmitudo,
845 1361 897 1424 ut
935 1358 1027 1424 erat
1068 1358 1177 1424 terra
1212 1323 1463 1428 intrinsecus
1499 1365 1624 1430 accu-

160 1481 331 1574 mulata
354 1471 584 1588 munitus,
610 1467 986 1630 oppugnantium
991 1503 1172 1568 conatus
1194 1462 1554 1573 frustrabatur:
1541 1507 1625 1575 ιιι

161 1655 276 1759 que
298 1614 429 1716 multi
470 1651 838 1755 oppugnatorum
878 1611 1034 1730 caesi,
1084 1613 1331 1754 complures
1372 1614 1624 1738 vulnerati,

163 1759 462 1924 vexillumque
496 1760 688 1920 Regium
724 1753 898 1858 duobus
932 1753 1263 1897 sclopperorum
1299 1757 1392 1859 telis
1437 1756 1627 1901 perfora

163 1937 295 2025 tum,
328 1906 498 2006 naviter
531 1902 694 2002 scilicet
727 1895 1028 2001 defensoribus
1071 1941 1123 2000 ex
1164 1939 1297 2001 muro
1333 1941 1628 2046 propugnari

163 2046 313 2148 tibus.
359 2049 442 2148 His
487 2039 818 2144 difficultatibus
860 2040 1041 2143 affectus
1079 2044 1317 2164 Velascus,
1352 2049 1625 2184 Dionysium

164 2203 338 2293 Dezam
357 2197 645 2307 Navarrum,
679 2185 912 2288 hominem
937 2223 1162 2289 strenuum
1188 2224 1232 2288 et
1259 2227 1426 2332 magno
1453 2231 1534 2290 usu
1562 2194 1626 2296 rei

163 2331 365 2434 militaris
410 2334 468 2434 ad
518 2373 562 2432 se
604 2365 779 2450 vocat,
824 2329 1037 2471 jubetque
1087 2330 1390 2494 oppidum
1354 2371 1625 2437 crrcumeun

163 2509 295 2594 tem,
330 2515 420 2618 qua
454 2511 575 2618 parte
610 2406 891 2574 commodius
928 2474 1179 2615 oppugnari
1213 2511 1339 2614 posse
1374 2475 1627 2598 videretur,

164 2553 419 2760 expldrare.
456 2629 494 2718 Is
531 2613 729 2722 foramen
771 2656 912 2759 nuper
954 2614 1187 2717 obtrusum
1224 2653 1348 2780 parte
1392 2657 1418 2718 a
1461 2657 1629 2762 propu

165 2763 447 2925 gnatoribus
448 2801 595 2864 aversa
624 2761 709 2862 sibi
740 2799 943 2862 notatum
969 2801 1056 2864 esse
1080 2760 1382 2879 renuntiavit,
1418 2801 1512 2924 quo
1548 2765 1627 2865 ad

166 2907 254 3006 itus
292 2905 453 3048 aperiri
486 2945 611 3047 posse
646 2906 893 3008 videretur.
931 2917 1036 3006 Huc
1072 2904 1209 3047 igimr
1242 2907 1493 3006 transvectis
1530 2943 1629 3010 ror

168 3051 365 3170 mentis,
401 3052 573 3152 tamdiu
609 3089 760 3153 murus
787 3085 852 3152 est
875 3089 1140 3169 concussus,
1166 3050 1309 3152 donec
1344 3085 1465 3192 parte
1500 3049 1631 3185 disje«

166 3229 274 3314 cta,
310 3189 510 3296 foramen
546 3190 627 3295 sub
663 3195 765 3296 solis
801 3235 1033 3309 occasum,
1071 3233 1161 3336 qua
1197 3196 1336 3296 modo
1369 3231 1514 3336 posset
1547 3197 1630 3297 sin

166 3270 331 3481 gubitis
358 3335 499 3439 bomo
528 3339 707 3462 subire,
744 3341 911 3482 patuit.
949 3351 1049 3439 Hac
1078 3339 1202 3440 miles
1210 3325 1413 3502 ‘quidam
1439 3379 1493 3438 ex
1526 3347 1632 3441 Me

166 3481 356 3618 thymna
391 3483 705 3654 Campestri‚
707 3489 864 3585 Nietus
898 3484 1118 3604 nomine,
1159 3483 1341 3585 initium
1375 3482 1630 3626 ingredien

165 3627 221 3729 di
239 3623 378 3737 fecit;
415 3635 536 3761 cujus
568 3667 633 3727 rer
662 3627 924 3770 virtutisque
954 3629 1095 3770 gratia
1132 3627 1381 3730 Velascus
1367 3666 1514 3772 rpsum
1548 3665 1633 3766 po

165 3807 260 3873 stea
295 3772 711 3875 remuneravitM
656 3773 793 3875 Multi
827 3772 946 3877 hunc
981 3771 1231 3892 subsecuti,
1266 3773 1349 3914 qui
1382 3809 1561 3874 murum
1586 3801 1633 3870 et

164 3916 422 4076 proximam
463 3919 658 4040 turrim,
700 3918 933 4021 victoriam
977 3927 1334 4033 conclamantes,
1374 3913 1485 4014 citra
1517 3951 1631 4017 con

166 4059 417 4162 tentionem
452 4101 756 4204 occuparunt
783 4073 907 4165 Nam
944 4059 1192 4164 defensores
1228 4096 1328 4158 carn
1361 4096 1535 4202 partem
1567 4056 1633 4156 ni

167 4199 234 4302 hil
282 4201 383 4304 inde
433 4240 674 4309 metuentes
715 4207 1031 4309 incustoditam
1064 4204 1365 4367 reliquerant.
1399 4198 1633 4344 Oppidani

168 4344 489 4447 adversarios
475 4385 588 4451 mtra
627 4353 807 4452 moenia
851 4348 1118 4489 conspicati,
1167 4347 1379 4491 proximis
1422 4343 1632 4447 domibus

170 4485 395 4610 incensis,
441 4531 491 4592 ea
537 4533 720 4637 quoque
768 4531 890 4636 parre
938 4493 1145 4597 nonnihil
1181 4531 1423 4736 repugqare
1469 4516 1634 4630 coepe

171 4668 308 4740 ronta
344 4668 390 4735 et
422 4675 612 4778 magno
618 4677 936 4782 campanarum
971 4641 1151 4782 strepitu
1187 4677 1336 4778 perrcu
1337 4638 1433 4737 ulm
1466 4629 1635 4778 signili

172 4812 349 4899 cantes,
375 4777 511 4882 fidem
539 4821 800 4905 sociorum,
828 4785 945 4929 siqui
970 4823 1113 4925 prope
1139 4782 1334 4884 adessent
1345 4857 1364 4904 ‚
1388 4777 1632 4922 implorare.

1164 4933 1239 5029 Lr,
1529 4927 1640 5019 Hoc
