4292 5984
530 416 638 490 XLII.
990 398 1070 474 S.U
1094 401 1134 474 M
1160 402 1200 476 M
1226 403 1363 476 A'KT
1388 398 1422 470 U
1446 401 1501 474 M.

506 537 553 622 sit
581 598 594 641 ,
622 527 729 619 nullo
771 549 918 616 armato
960 522 1074 616 milite
1116 522 1221 638 stipa·
1277 521 1479 616 certamine
1495 523 1768 613 controversias
1786 517 1910 629 dinml
1932 544 2002 607 ve·

505 681 568 744 rus
586 687 595 740 :
614 683 694 770 qua
718 648 834 734 animi
861 644 1055 734 securitate
1077 668 1119 728 et
1143 672 1222 734 ma·
1277 641 1345 749 lit,
1368 671 1408 740 se
1437 661 1573 738 namen
1591 672 1729 760 neque,
1753 643 1849 751 sibi,
1874 678 2002 770 neque

503 775 701 896 gnitudine
735 768 938 886 plurimum
972 794 1012 852 se
1039 761 1220 854 Romanis
1277 759 1485 850 Sabaudiae
1508 762 1619 898 Duci·
1638 759 1881 864 defunrrum,
1998 857 2001 866 ¹

505 891 776 982 commendat.
1337 884 1446 970 XXI.
1475 886 1664 970 antonus
1707 882 1824 972 Leiva
1872 891 1995 979 Caro.

560 1014 683 1099 XVII.
758 1003 969 1092 Franciscus
999 999 1223 1092 ‚Gallorum
1277 997 1358 1086 lum
1390 1007 1542 1090 Ducem
1568 1029 1627 1086 ‹ac
1659 1029 1817 1088 uxorem
1852 1011 2001 1105 beatri.
2128 1066 2129 1116 ,

502 1135 584 1220 Rex
615 1125 806 1248 quosdam
855 1122 1041 1238 Principes
1081 1151 1127 1210 ac
1153 1153 1221 1238 po
1277 1147 1361 1206 cem
1396 1119 1573 1210 Vercells
1600 1120 1641 1207 in
1664 1120 1853 1208 Candiam
1868 1128 1999 1218 ‚dedus

503 1251 612 1370 pulos
641 1247 767 1336 ltaliae
809 1243 849 1330 in
882 1241 967 1328 belli
998 1238 1223 1328 societatem
1277 1238 1354 1344 cit,
1385 1239 1672 1356 conjunctisque
1702 1240 1818 1357 copiis
1848 1241 1888 1330 in
1921 1251 1998 1338 ce.

501 1370 705 1474 solicitat,
735 1389 775 1451 et
816 1361 925 1448 missa
964 1358 1152 1477 legatione
1198 1389 1223 1444 a
1277 1357 1378 1476 giam
1416 1355 1587 1448 flumen„
1609 1358 1789 1460 adversio
1823 1362 1997 1466 ulmeu-

507 1489 651 1577 Carolo
692 1480 900 1572 sabaudiae
945 1483 1056 1565 Duce
1103 1477 1222 1596 petit,
1277 1477 1369 1564 lium
1396 1478 1591 1593 procedit.

504 1635 549 1696 ut
579 1606 645 1695 sibi
682 1602 762 1718 eius
791 1599 991 1690 voluntate
1014 1600 1223 1686 'exercimm
1336 1599 1459 1684 xxu.
1517 1599 1685 1712 Joannes
1707 1603 1872 1692 ,Lorena
1905 1605 1997 1696 Car·

505 1727 545 1814 in
589 1723 733 1815 ltaliam
765 1717 929 1832 trajicere
954 1716 1114 1823 liceat,
1153 1715 1225 1800 Ni-
1277 1714 1405 1807 dinalis
1431 1747 1455 1803 a
1485 1716 1602 1804 Gallo
1633 1721 1739 1834 Rege
1769 1719 1916 1844 legatus
1944 1725 1995 1818 ad

505 1873 595 1933 caea
638 1868 680 1931 er
725 1838 902 1926 Vercellis
956 1836 1103 1952 oppidis
1151 1834 1225 1922 suis
1275 1835 1460 1922 Carolum
1488 1835 1679 1925 missusin
1706 1863 1827 1924 castra
1858 1869 1996 1955 pervo-

514 2137 519 2146 .
685 2139 696 2163 ,
1207 2119 1224 2138 .
1629 2163 1633 2172 Ι
1696 2134 1709 2177 ²
1978 2122 2000 2164 a

507 2225 547 2289 te
572 2206 709 2303 Duce,
729 2195 857 2311 copias
889 2222 972 2280 suas
1011 2197 1092 2280 Rex
1109 2192 1223 2310 Alpes
1276 2191 1365 2278 bem
1395 2197 1510 2282 Senes
1538 2192 1689 2282 Caesari
1722 2220 1922 2284 occurens
1946 2199 1993 2286 le·

506 2319 603 2407 circa
632 2323 834 2405 Genevam
852 2311 1015 2400 ‚transire
1038 2310 1162 2424 juber,
1183 2335 1224 2400 et
1275 2311 1471 2429 gationem
1490 2375 1503 2419 ,
1522 2311 1788 2428 postulataque
1804 2314 1918 2432 Regis
1937 2346 1999 2408 ern
2132 2340 2133 2428 l

504 2438 546 2526 in
567 2444 779 2556 Augustam
795 2433 1053 2523 Taurinorum
1078 2430 1224 2517 incum-
1276 2431 1413 2546 ponit,
1443 2455 1485 2517 et
1507 2457 1550 2517 re
1588 2425 1724 2518 infecta
1749 2430 1923 2520 discedit.
2132 2430 2133 2480 l

504 2555 614 2645 bere.
663 2559 755 2644 Dux‘
776 2551 882 2640 ¹inde
913 2547 1101 2638 Vercellas
1145 2577 1225 2635 sese
1285 2551 1462 2634 XXlII.
1521 2548 1762 2634 induciarum
1788 2550 1920 2638 diebru
1941 2579 2002 2642 ex·

504 2674 655 2791 recipit.
701 2668 924 2758 Almirallius
959 2691 1108 2782 recepta
1143 2672 1225 2754 Au·
1276 2667 1365 2752 actis
1388 2665 1579 2756 Antonius
1611 2667 1791 2754 adversare
1823 2667 2003 2772 Almiralq
2133 2658 2134 2740 l

506 2819 621 2912 gusta
645 2789 833 2881 Vercellas
860 2785 1109 2905 oppugnandi
1135 2815 1219 2904 gra·
1276 2785 1368 2872 lium
1396 2791 1611 2923 Augustam
1633 2786 1898 2924 Taurinorum
1917 2817 1999 2876 mo·

506 2909 908 3116 ilaiiiiigoeiiiiuiebus
924 3023 1130 3130 nuntiatis,
1155 3021 1225 3112 Ca·
1277 2931 1344 3111 icit
1353 2904 1817 3110 'rriuiiiiiffldiiirditii‘musffi
1836 2905 2001 3112 durffi

504 3147 610 3236 tolus
643 3145 789 3233 bellum
817 3145 854 3230 in
886 3144 1103 3231 ulteriorem
1127 3143 1217 3229 Gal·
1277 3171 1358 3232 rem
1386 3143 1550 3229 Galliam
1573 3141 1719 3260 magnis
1736 3139 1873 3259 pluviis
1905 3170 2003 3236 con·

506 3265 596 3357 liam
630 3260 827 3352 transferre
853 3262 1047 3368 decernit,
1072 3285 1112 3350 et
1135 3289 1225 3347 ora-
1279 3259 1411 3348 secutis
1444 3260 1617 3350 deducit.

510 3387 658 3473 tionem
681 3385 732 3470 ad
765 3379 988 3469 Pontificem
1012 3405 1053 3467 et
1087 3380 1227 3467 Cardi-
1323 3381 1472 3468 XXIV.
1518 3377 1679 3468 Carolus
1695 3382 1837 3486 Caesar
1852 3407 2008 3498 supera·

509 3503 653 3591 nalium
685 3507 865 3598 Senatum
912 3501 961 3588 de
991 3499 1064 3586 suis
1106 3499 1227 3586 consi-
1277 3498 1324 3586 tis
1350 3498 1526 3618 Liguriae
1555 3499 1748 3585 montibus
1781 3502 1832 3590 ad
1867 3507 2006 3588 Astant

507 3621 563 3710 liis
590 3620 780 3739 Reg'sque
806 3617 1007 3704 Gallorum
1037 3617 1194 3704 habere.
1280 3618 1517 3737 Antonique
1539 3617 1745 3706 exercitum
1774 3618 1977 3736 pervenit.

526 3743 659 3826 XX
718 3737 900 3850 Ejusdem
943 3735 1114 3842 oratio,
1149 3765 1230 3853 qua
1321 3739 1452 3826 XXV.
1512 3737 1646 3826 Multis
1678 3736 2004 3846 dissuadentibus,

508 3855 681 3948 Pontifici
735 3855 910 3942 lelaximo
955 3877 995 3942 et
1025 3855 1227 3942 Cardinali·
1278 3854 1356 3970 ipse
1386 3880 1529 3944 tamen
1575 3855 1692 3971 Alpes
1748 3883 1839 3960 cum
1901 3883 2007 3944 exer.

510 3978 582 4064 bus
628 4003 698 4091 pro
738 3977 896 4062 Serranis
945 3973 1119 4060 consilto
1179 3975 1231 4061 de
1279 3973 1358 4062 citu
1399 3975 1583 4083 nansire,
1607 3999 1649 4062 et
1678 4000 1745 4090 per
1776 4001 1817 4062 se
1860 3973 2004 4079 uuum

510 4090 768 4183 convocando
801 4091 1056 4181 Ecclesiastico
1089 4093 1230 4179 Conci·
1278 4092 1537 4180 administrare
1552 4091 1767 4181 constituit.
1793 4095 2006 4200 Fossanum

509 4212 564 4300 lio
599 4210 735 4331 gratias
772 4211 889 4328 agit,
921 4211 1059 4306 deinde
1084 4212 1230 4301 Franci·
1279 4240 1303 4295 a
1332 4212 1566 4312 Caesarianis
1590 4210 1800 4328 recipitur.⁴
1824 4213 2007 4330 Augusta

510 4334 562 4418 sci
593 4330 706 4448 Regis
737 4327 884 4443 iniurias
914 4329 1131 4448 violataque
1149 4327 1227 4420 foe·
1279 4332 1539 4420 Taurinorum
1568 4331 1619 4418 ab
1650 4329 1791 4418 codun
1835 4358 1886 4416 ne
1909 4354 2008 4428 ¹tetr-

510 4449 604 4535 dera
650 4448 882 4535 demonstrat
910 4477 924 4552 ς
956 4449 1048 4536 illud
1082 4475 1233 4565 postre-
1279 4475 1361 4543 tata
1383 4451 1541 4568 quidem
1570 4479 1595 4554 a
1619 4471 1732 4566 tergo
1757 4444 2005 4564 relinquitis.

373 4602 376 4609 ·
513 4597 581 4654 mo
610 4564 733 4656 innuit
748 4627 760 4672 ,
778 4596 846 4672 se,
869 4567 964 4680 quin
996 4567 1161 4680 aliquem
1188 4565 1231 4651 fi·
1338 4571 1485 4656 XXVI.
1519 4664 1523 4672 ,
1561 4564 1773 4674 Alvarum
1802 4571 2006 4654 Bazanum

511 4683 650 4773 liorum
691 4683 769 4797 ejus
801 4683 1084 4772 Mediolanensi
1127 4683 1233 4770 Prin·
1281 4711 1321 4776 et
1340 4686 1516 4786 ,Dotiem
1545 4683 2008 4802 fflffitsss.‚q1¹ieozoon-

512 4803 652 4920 ciparui
682 4799 903 4918 praeficiat,
933 4832 1015 4890 non
1041 4825 1233 4909 recusare;
1281 4831 1480 4913 venerant,
1499 4805 1707 4920 imponere,
1728 4827 1768 4892 et
1783 4831 1892 4914 oram
1907 4799 2005 4906 cnl-

509 4921 617 5040 quod
651 4919 856 5040 sircspuat
876 4950 1033 5051 ,neque
1053 4920 1230 5046 singeda‘ri
1282 4921 1353 5030 liae
1384 4923 1612 5030 muirimam
1664 4918 1840 5030 infestare
1874 4916 2007 5132 jzbetss

1926 5069 1998 5135 Dm
