4298 5980
579 429 820 518 cauom
861 426 914 508 u.
956 424 1066 506 1111.
1110 424 1222 508 vn.
1530 418 1628 527 227.

188 595 404 733 luerunt)
434 623 564 692 sexto
600 589 699 691 Idus
730 587 844 728 Julii
881 585 1073 690 exercitu
1109 598 1259 691 Roma
1300 581 1516 734 dIgresso
1542 591 1664 760 equi

186 779 252 846 tes
288 735 556 881 cataphracti
590 732 771 856 Tibur,
808 733 987 837 levioris
1023 771 1268 836 armaturae
1303 736 1609 840 Atrietum
1573 780 1662 844 err

185 895 385 1028 cumque
435 923 486 984 ea
530 882 628 983 loca
679 880 998 991 discesserunt3
1054 881 1338 1048 peditatus
1324 919 1373 981 m
1423 880 1663 995 Umbriam

183 1030 435 1175 processit,
473 1026 752 1194 partitisque
771 1067 833 1170 op
867 1026 950 1128 idis
1002 1028 1173 1130 Narnia
1212 1025 1450 1130 Germanis
1474 1027 1660 1173 obtigit

183 1181 265 1279 sed
301 1215 406 1278 cnm
442 1215 494 1274 ea
529 1173 684 1276 civitas
721 1171 776 1273 sit
833 1171 1033 1276 actionis
1049 1174 1257 1294 Ursinae,
1295 1172 1510 1340 oppidani
1552 1187 1662 1277 Ger

186 1359 435 1424 manorum
469 1319 649 1450 injurias
685 1351 958 1440 metuentes,
995 1357 1039 1422 et
1079 1320 1169 1422 loci
1211 1319 1462 1422 munitione
1504 1317 1662 1422 homi-

182 1503 416 1631 numque
428 1462 714 1564 multitudine
750 1455 854 1562 freti
889 1465 1052 1597 (multi
1088 1465 1209 1566 enim
1243 1465 1449 1569 mortales
1479 1505 1532 1567 ex
1535 1504 1659 1628 pro-

184 1611 321 1713 ximis
374 1607 480 1710 vicis
530 1647 584 1706 eo
643 1598 977 1748 confugerant)
1031 1609 1185 1711 sumtis
1246 1611 1378 1714 armis
1431 1609 1659 1775 portisque

186 1753 343 1882 clausis
396 1763 642 1852 Germanos
691 1787 882 1891 recrpere
926 1752 1198 1864 noluerunt3
1244 1794 1439 1897 quorum
1475 1755 1660 1858 temeri

183 1931 325 1998 tatem
361 1931 405 1995 11
441 1893 742 2038 arrogantiam
777 1896 939 1997 milites
974 1935 1071 1998 non
1097 1892 1283 2001 ferentes
1320 1901 1566 2042 slmulque,
1602 1940 1659 2002 ne

182 2039 349 2142 horum
411 2039 660 2180 exemplum
709 2071 754 2137 et
806 2039 1044 2182 impunitas
1091 2041 1199 2143 alios
1252 2045 1310 2143 ad
1355 2045 1660 2149 obsistendum

184 2183 430 2302 invitaret,
466 2182 685 2324 oppidum
722 2218 978 2324 oppugnare
1011 2185 1359 2348 aggrediuntur,
1395 2187 1658 2350 oppidanis-

185 2368 278 2470 que
323 2327 524 2470 gnaviter
566 2324 946 2469 propugnantibus
991 2328 1232 2491 Hispani,
1264 2329 1405 2430 vitato
1444 2329 1657 2572 proximo

182 2506 352 2633 ponte,
400 2511 494 2613 quo
535 2469 843 2610 praeterfluens
885 2470 1028 2573 amnis
1065 2471 1365 2575 committitur
1408 2473 1425 2605 (
1475 2512 1560 2572 unc
1605 2515 1655 2573 e

183 2613 284 2715 nim
318 2611 462 2715 hostes
499 2613 629 2716 firmo
666 2615 882 2757 praesidio
918 2617 1202 2754 munierant)
1238 2654 1315 2758 pet
1353 2617 1540 2717 alterum
1578 2656 1653 2718 su·

182 2758 409 2899 periorem
445 2769 569 2891 juxta
604 2761 916 2864 Interamniam
959 2772 1255 2896 trajecerunt,
1291 2796 1334 2862 et
1377 2761 1426 2862 in
1466 2760 1656 2926 locum,

183 2903 306 3004 unde
344 2902 563 3045 oppidani
598 2899 711 3004 nihil
745 2901 904 3008 hostile
940 2906 1233 3026 metuebant,
1254 2941 1564 3048 pervenerunt,
1602 2907 1655 3006 ir

183 3081 527 3188 rumpentesque
578 3084 789 3192 magnam
832 3083 1021 3214 stragem
1073 3051 1121 3152 in
1172 3087 1354 3151 omnem
1406 3090 1558 3153 sexum
1609 3085 1654 3152 et

181 3225 376 3291 aetatem
412 3192 648 3294 saevientes
684 3193 949 3317 ediderunt,
979 3204 1195 3328 majorem
1232 3193 1489 3314 edituri,
1445 3195 1530 3295 msi
1567 3235 1655 3296 1111

180 3373 297 3476 gnus
332 3374 534 3438 numerus
571 3375 647 3478 per
681 3377 877 3442 aversam
913 3375 1083 3481 partem
1118 3377 1257 3481 prope
1292 3376 1435 3442 arcem
1471 3339 1519 3440 in
1557 3377 1653 3479 pro·

180 3479 356 3582 ximum
393 3519 598 3582 montem
632 3477 847 3626 fugientes
891 3483 1135 3587 evasissent.
1194 3485 1269 3586 Ad
1305 3481 1425 3585 hunc
1460 3483 1653 3585 modum

182 3664 434 3790 expugnata
476 3627 737 3769 direptaque
776 3628 978 3749 Narnia,
1025 3639 1205 3771 eJusque
1246 3629 1369 3729 clade
1418 3661 1462 3727 et
1515 3663 1654 3725 exem·

183 3769 263 3908 plo
310 3769 464 3873 vicinis
507 3771 745 3918 perterritis
804 3815 939 3880 nemo
988 3775 1195 3878 omnium
1237 3767 1323 3874 fiait
1366 3782 1456 3903 ejus
1498 3768 1651 3909 regio

182 3948 251 4008 ms
260 3988 275 4031 ,
312 3907 393 4054 qui
428 3954 577 4079 portas
612 3917 916 4023 accedentibus
953 3919 1423 4056 occluderet.1taque
1459 3948 1535 4055 per
1570 3950 1650 4053 op

181 4052 288 4192 pida
324 4093 367 4157 et
405 4061 525 4162 vicos
562 4063 744 4206 dispersi
779 4065 941 4166 milites
976 4103 1064 4164 sese
1100 4060 1429 4203 oppidanorum
1464 4055 1650 4160 castella·

182 4233 434 4352 notumque
470 4203 630 4347 opibus
667 4207 869 4313 alebant

254 4351 413 4446 XVIII.
462 4349 626 4492 Tertio
663 4387 764 4493 post
798 4381 947 4454 mense
983 4349 1229 4469 Germani,
1264 4382 1561 4492 posteaquam
1590 4384 1651 4446 se-

182 4487 282 4587 data
332 4523 452 4630 peste
501 4481 726 4596 annonam
773 4500 828 4599 ad
883 4496 1238 4601 mediocritatem
1292 4496 1512 4596 redactam
1562 4521 1647 4593 esse

180 4667 519 4794 cognoverant,
557 4651 813 4762 Romam,
809 4677 902 4742 ut
941 4642 1173 4785 superioris
1221 4640 1434 4782 temporis
1480 4632 1647 4778 stipen

180 4776 310 4882 dium
341 4781 597 4926 exigerent,
634 4785 825 4927 septimo
861 4787 1078 4890 Kalendas
1106 4782 1316 5028 Octtpbris
1352 4811 1646 4892 revertuntur3

1177 4939 1207 5028 F
1248 4971 1278 5039 2
1558 4966 1649 5028 sex·
1734 4998 1738 5006 -
