4292 5984
559 501 814 584 'ennom
864 505 918 586 v.
969 507 1085 587 aru.
1119 509 1180 585 11.
1507 520 1562 610 53

146 663 187 762 la
229 658 373 806 Regia
414 696 597 802 accepto
640 702 858 804 responso
890 673 1063 805 Regem
1098 673 1278 807 ejusque
1322 665 1609 771 Consiliatios

146 847 171 906 a
209 847 251 910 se
288 806 538 906 admonitos
577 808 718 907 multo
755 807 950 950 segnius,
988 847 1125 949 quam
1162 849 1459 951 speraverant,
1496 815 1611 916 mul-

146 987 288 1092 toque
326 950 539 1051 remissius
575 991 700 1095 agere
738 953 1079 1096 cognovissent,
1117 991 1197 1052 nec
1233 993 1316 1095 pro
1349 958 1614 1098 magnitudi-

11 1177 12 1182 .
143 1134 202 1195 ne
232 1097 294 1196 rei
322 1091 575 1196 commotos
603 1096 851 1238 periculosis
882 1093 1111 1198 conatibus
1149 1137 1405 1210 occurreres
1442 1102 1520 1240 qui
1557 1104 1612 1204 de

144 1239 321 1340 consilii
357 1239 706 1340 adversariorum
741 1240 940 1340 novitate
966 1241 1216 1366 admoniti,
1253 1243 1390 1386 Regis
1426 1245 1612 1349 nomine

144 1385 494 1524 responderunt:
529 1422 572 1482 se
610 1383 786 1482 illorum
824 1382 929 1484 fidei
955 1426 1004 1484 ac
1034 1384 1286 1528 diligentiae
1322 1389 1507 1530 gratiam
1543 1388 1615 1491 ha·

145 1522 276 1635 beses
312 1566 529 1668 praeterea
541 1604 556 1648 ,
593 1565 643 1628 ut
680 1527 727 1627 in
766 1520 921 1627 officio
958 1531 1211 1668 persistant,
1253 1529 1505 1655 cohortari,
1542 1535 1615 1636 sed

150 1669 215 1771 ita
257 1706 308 1772 ut
348 1673 501 1772 leniter
546 1673 848 1813 patienterque
896 1706 1028 1814 agant
1077 1713 1181 1774 cum
1228 1678 1513 1798 adversariis,
1554 1717 1610 1779 ne

148 1815 478 1955 quistumultus
511 1857 562 1916 ex
595 1817 878 1918 contentione
909 1817 1105 1958 ipsorum
1140 1817 1336 1927 exsistats
1360 1815 1456 1922 fote
1485 1860 1613 1925 nam«.

150 1997 274 2100 que,
311 2000 361 2063 ut
399 1962 708 2061 seditiosorum
744 1961 925 2060 consilia
967 1961 1259 2064 dissolvantur
1300 2003 1457 2107 sponte
1498 2007 1611 2090 sua,

147 2141 225 2203 aut
259 2106 308 2205 in
345 2105 452 2206 haec
487 2104 569 2202 alia
604 2105 772 2203 ratione
807 2102 1116 2244 provideatur.
1158 2115 1281 2207 Nam
1321 2111 1377 2208 de
1412 2112 1610 2214 Ptaeside

148 2246 375 2347 silentium
427 2257 519 2379 ejus
565 2244 649 2344 sibi
690 2286 785 2345 non
832 2243 1117 2388 improbari,
1160 2252 1240 2388 qui
1289 2253 1399 2352 dum
1443 2256 1609 2355 neutris

146 2391 348 2511 obsistit,
386 2386 467 2490 hac
492 2389 660 2491 tatione
690 2425 899 2530 utrosque
922 2391 987 2488 in¹
1006 2427 1114 2530 pace
1149 2389 1371 2492 continere
1406 2394 1513 2494 velle
1549 2397 1612 2497 vi'

144 2531 323 2643 deatum
361 2534 512 2634 mirari
549 2568 696 2634 tamen
731 2572 841 2651 sese,
878 2534 1002 2671 quod
1038 2534 1180 2635 abeo
1217 2532 1328 2634 nihil
1363 2535 1610 2644 litterarum

147 2675 203 2774 de
235 2676 302 2776 his
327 2676 454 2779 rebus
483 2677 759 2818 acceperint3
794 2675 960 2776 hortari
988 2715 1095 2818 ergo
1123 2717 1179 2779 ne
1209 2677 1441 2797 desistant,
1478 2680 1610 2822 quid·

181 2819 259 2920 uid
285 2821 513 2942 acciderit,
551 2861 592 2918 se
627 2817 836 2922 derebus
870 2819 1076 2922 omnibus
1109 2860 1186 2963 pet
1213 2819 1373 2922 litteras
1401 2823 1609 2925 certiores

143 2860 312 3066 Facete.
351 2973 501 3106 Atque
535 2961 641 3064 baec
675 2963 861 3106 quidem
895 3002 1103 3107 responsa
1135 2966 1191 3069 ab
1227 2965 1324 3066 aula
1358 2967 1494 3109 Regis
1529 3007 1607 3070 περ

145 3101 427 3214 ferebantur.

210 3263 313 3356 XV.
384 3253 596 3358 Civitates
632 3296 781 3360 autem
808 3251 897 3360 fere
934 3297 1086 3361 omnes
1109 3256 1259 3360 litteris
1294 3255 1479 3401 acceptis
1514 3291 1609 3360 non

148 3395 289 3497 aliena
321 3399 642 3502 Toletanorum
678 3405 869 3505 consiliis
905 3399 1222 3524 rescribebant,
1252 3403 1452 3506 animum
1488 3402 1608 3543 ipso·

146 3578 248 3638 rum
273 3543 555 3686 studiumque
581 3544 693 3646 boni
724 3547 890 3689 publici
913 3549 1222 3657 collaudantem
1245 3546 1331 3650 nisi
1354 3549 1482 3689 quod
1509 3558 1612 3646 Gra*

148 3721 347 3790 natenses
385 3688 434 3788 in
470 3689 590 3789 aliud
627 3727 799 3832 tempus
851 3726 893 3790 et
936 3693 1290 3798 commodiorem
1332 3690 1610 3791 occasionem

147 3865 245 3928 rem
285 3829 458 3932 differre
500 3835 763 3936 censebant.
807 3849 1036 3979 Burgenses
1085 3871 1233 3978 aperte
1275 3831 1513 3933 consilium
1555 3830 1610 3927 de

145 3977 449 4075 convocandis
491 3977 743 4080 civitatibus
791 3979 1133 4122 improbabant.
1178 3991 1331 4094 Quam
1373 3971 1610 4074 dissensioa

145 4153 255 4215 nem
280 4119 488 4220 Toletani
513 4121 562 4219 in
587 4157 783 4222 veterem
814 4123 1096 4262 potissimum
1129 4117 1473 4218 aemulationem
1500 4153 1613 4238 eon*

145 4249 368 4378 ferebant,
402 4302 484 4363 ceu
520 4301 720 4365 curarent
747 4279 1037 4404 burgenses,
1084 4299 1141 4362 ne
1182 4261 1492 4362 auctoritatem
1527 4299 1611 4358 eo-

147 4441 248 4504 rum
285 4405 410 4544 sequi
446 4405 718 4526 viderentur,
754 4443 860 4506 cum
900 4405 1062 4547 quibus
1105 4405 1293 4508 solerent
1331 4405 1379 4505 in
1422 4401 1613 4548 publicis

147 4549 298 4690 Regni
334 4547 641 4650 Conventibus
679 4551 734 4650 de
777 4547 926 4688 primo
974 4550 1078 4649 loco
1111 4549 1398 4650 contendere.
1447 4555 1613 4688 Neque

146 4727 255 4792 vero
283 4693 563 4834 legatorum,
600 4694 680 4832 qui
717 4692 913 4793 redeunti
950 4734 1002 4793 ex
1033 4693 1263 4836 Aragonia
1284 4691 1402 4832 Regi
1429 4688 1615 4790 obviam

143 4832 208 4933 ire
244 4870 612 4978 properaverant,
647 4835 815 4937 litterae
855 4837 1013 4935 eodem
1056 4829 1146 4934 fere
1181 4868 1382 4975 tempore
1417 4834 1613 4935 redditae
1662 4905 1665 4910 -

143 4981 508 5086 commodiorem·
530 4977 665 5126 'spem
695 5019 850 5083 rerum.
881 4975 1155 5083 afferebant:
1199 4977 1370 5122 quippe
1413 4977 1464 5084 in·
1502 4973 1611 5117 qui-

1531 5116 1614 5222 bus
