4294 5984
565 461 642 522 102
951 439 1036 520 DE
1083 431 1289 516 REBUS
1327 429 1546 514 GESTIS

512 623 805 758 Logrognum
852 643 941 704 sese
990 633 1269 740 receperant.
1319 589 1514 694 Michael
1559 629 1741 736 quoque
1783 608 1992 727 Ferrera,
2131 627 2132 630 ‘

512 757 633 858 haud
669 756 748 856 diu
784 781 1022 852 sustentata
1060 737 1429 887 oppugnatione,
1465 734 1592 840 rebus
1624 740 1859 882 desperatis
1873 824 1890 868 ,
1930 790 1992 852 ar-

513 941 611 1004 cem
648 896 778 997 Gallis
817 891 1022 1010 dedidit,
1062 921 1211 1030 pactus
1248 885 1389 987 modo
1432 879 1550 1003 sibi,
1595 883 1771 1025 suisque
1814 889 1989 995 incolu-

514 1046 743 1160 mitatem,
781 1033 1121 1174 facultatemque
1157 1031 1208 1132 in
1244 1025 1483 1130 Castellam
1519 1065 1624 1128 cum
1660 1029 1795 1172 signis
1831 1035 1987 1142 milita.

511 1187 634 1291 ribus
673 1180 894 1326 explicatis
931 1176 1208 1281 transeundi.

585 1343 661 1436 IV.
736 1327 821 1428 His
859 1319 1118 1428 successibus
1163 1318 1267 1420 elati
1309 1315 1458 1438 Galli,
1507 1324 1796 1462 Logrognum
1842 1362 1986 1469 oppu-

517 1514 683 1624 gnare,
712 1507 774 1593 et‚
811 1469 847 1572 si
882 1469 969 1570 hoc
1004 1505 1188 1609 quoque
1224 1462 1504 1582 successerit,
1541 1463 1792 1564 interiorem
1829 1471 1985 1574 Castel

517 1621 608 1720 lam
653 1653 877 1760 penetrare
924 1648 1112 1756 parant,
1162 1603 1439 1711 hortantibus
1484 1606 1621 1709 etiam
1671 1610 1727 1708 ad
1775 1606 1864 1711 hoc
1908 1653 1985 1755 per

513 1764 699 1866 nuntios
737 1798 780 1862 ct
817 1760 975 1860 litteras
1012 1754 1156 1856 Maria
1190 1749 1424 1870 Pachieca,
1461 1790 1597 1892 quam
1633 1749 1794 1853 sublati
1835 1759 1984 1862 mariti

512 1906 709 2046 lJoannis
745 1904 935 2004 Padillae
971 1935 1150 2003 moeror
1187 1890 1467 2040 exagitabat,
1496 1931 1539 1995 et
1569 1895 1771 1997 Antonio
1797 1901 1981 2041 Episco-

516 2085 577 2190 po
622 2047 910 2167 Zamorensi,
959 2045 1039 2186 qui
1081 2080 1157 2184 per
1199 2041 1361 2142 litteras
1403 2037 1538 2183 egisse
1584 2078 1678 2141 non
1722 2078 1981 2169 contentus,

516 2202 763 2294 Navarram
805 2191 897 2333 ipse
937 2189 1055 2290 adire
1099 2185 1362 2306 constituit,
1404 2219 1456 2286 ut
1498 2185 1781 2286 commodius
1830 2228 1982 2297 coram

515 2335 665 2438 Gallos
700 2333 1025 2452 cohortaretur,
1063 2367 1106 2432 et
1142 2325 1415 2434 dissensionis
1451 2329 1799 2432 Castellanorum
1835 2331 1982 2434 adhuc

516 2476 565 2578 in
601 2476 870 2609 Carpetania
912 2473 1102 2615 vigentis
1144 2472 1349 2575 certiores
1390 2465 1586 2594 faceret,
1632 2508 1676 2574 et
1714 2473 1985 2580 auxiliorum

517 2618 697 2720 certiore
734 2657 809 2759 spe
845 2616 1043 2759 ipsorum
1078 2617 1238 2719 animis
1273 2617 1461 2746 injecta,
1498 2650 1548 2716 ut
1584 2616 1820 2720 Castellam
1857 2618 1986 2720 inva-

519 2764 702 2883 derent,
741 2757 990 2862 dubitantes
1025 2755 1211 2862 forsitan
1245 2757 1520 2902 impelleret:
1565 2760 1645 2900 qui
1686 2801 1792 2864 cum
1836 2763 1986 2864 Gallo-

519 2943 622 3007 rum
664 2902 810 3006 castris
853 2902 1266 3047 appropinquaret,
1316 2900 1520 3046 quamvis
1557 2904 1647 3006 sine
1681 2903 1898 3008 comitatu
1943 2943 1987 3008 et

519 3048 692 3191 vulgari
721 3084 840 3151 veste
875 3049 1077 3171 indutus,
1105 3090 1199 3191 quo
1235 3042 1400 3149 falleret
1425 3043 1606 3168 obvios,
1637 3048 1880 3171 incederet,
1918 3083 1985 3150 ta-

520 3229 626 3292 men
662 3190 710 3294 in
745 3201 925 3326 trajectu
959 3204 1164 3335 Irueguae
1200 3201 1494 3335 Logrognum
1531 3190 1866 3332 praeterfluentis
1900 3191 1985 3292 flu*

519 3334 651 3436 minis
685 3337 857 3479 agnitus
893 3370 955 3438 est
989 3376 1016 3436 a
1052 3337 1207 3438 nostris
1243 3334 1484 3456 militibus,
1519 3371 1758 3478 captusque
1806 3372 1848 3440 et
1887 3344 1987 3438 Na·-

521 3514 689 3580 varrete
735 3481 900 3583 delatus
943 3482 1161 3583 custodiae
1203 3481 1419 3590 traditurs
1464 3513 1616 3623 postea
1654 3519 1755 3582 vero
1789 3493 1980 3616 Syntan⁴

521 3661 630 3745 cas,
666 3660 716 3726 ut
751 3621 799 3725 in
833 3664 928 3726 arce
963 3627 1279 3752 custodiretur,
1314 3626 1468 3726 missus
1503 3659 1593 3726 est.

596 3777 655 3870 V.
729 3767 942 3870 Praesides
978 3769 1217 3888 Castellae,
1253 3807 1304 3870 ut
1338 3767 1614 3870 venientium
1648 3765 1877 3870 Gallorum
1915 3803 1982 3866 co

524 3907 697 4011 natibus
732 3906 987 4013 obsisterent
1023 3914 1130 4044 (nec
1171 3913 1289 4012 enim
1331 3913 1385 4013 de
1427 3913 1625 4052 ipsorum
1668 3910 1852 4010 consilio
1895 3919 1987 4010 Ca-

520 4051 688 4153 stellum
723 4054 961 4156 invadendi
996 4052 1304 4192 dubitabatur)
1328 4064 1507 4157 Petrum
1544 4053 1773 4156 Velezium
1808 4063 1988 4153 Gueva-

522 4233 645 4319 ram,
683 4191 820 4341 quein
855 4199 938 4298 toti
973 4194 1125 4302 officio
1161 4208 1452 4345 Logrognum
1488 4191 1756 4300 defendendi
1791 4233 1984 4337 praeesse

522 4340 783 4463 voluerant,
821 4383 875 4444 eo
911 4377 1015 4445 cum
1051 4380 1228 4446 centum
1264 4340 1484 4488 equitibus
1518 4339 1831 4482 praemittunt.
1874 4347 1987 4452 Quo

522 4484 657 4623 paulo
693 4518 792 4625 post
826 4494 976 4586 Petrus
1011 4498 1159 4590 Lassus
1195 4498 1322 4628 Vega
1357 4527 1461 4587 cum
1496 4484 1810 4628 septuaginta,
1852 4492 1991 4580 Fran-

521 4626 655 4727 ciscus
691 4626 841 4730 Mexia
881 4668 982 4730 cum
1026 4629 1346 4771 quadraginta,
1390 4625 1585 4766 Jacobus
1631 4630 1772 4730 Florez
1819 4621 1991 4726 Robles

521 4806 625 4871 cum
670 4772 892 4916 sexaginta
933 4767 1155 4919 equitibus
1199 4771 1437 4899 affuerunt,
1474 4809 1518 4876 ct
1553 4772 1628 4874 alil
1662 4806 1885 4914 praeterea
1925 4806 1988 4866 ex

1938 4909 1994 5012 fi.
