4292 5984
580 498 635 590 4⁰
960 476 1043 560 us,
1088 475 1299 560 nesus
1347 475 1570 561 osstrs

520 635 830 787 magnitudine
866 671 908 742 et
943 637 1202 740 auctoritate
1238 673 1528 782 praestantem
1564 628 1749 756 urbem,
1786 674 1881 738 non
1918 677 1986 742 re-

524 786 827 932 pugnantibus
869 819 950 883 nec
978 780 1258 924 proceribus,
1295 823 1377 883 nec
1411 777 1725 923 popularibus,
1761 780 1988 922 recipiun-

523 969 605 1034 tur.
656 923 830 1072 Coepta
861 966 966 1028 vero
1008 969 1160 1028 causae
1194 928 1477 1071 cognitione,
1509 966 1601 1067 quo
1637 963 1777 1027 cetera
1811 925 1987 1028 liberius

525 1076 780 1190 obirentur,
840 1082 1094 1175 Camaratae
1155 1109 1199 1172 et
1253 1070 1452 1172 Golisani
1506 1071 1737 1190 Comites,
1786 1070 1841 1171 de
1888 1073 1986 1212 qui-

525 1221 605 1323 bus
640 1256 767 1359 supra
803 1217 1081 1319 mentionem
1116 1210 1331 1336 fecimus,
1376 1213 1520 1316 Sicilia
1564 1215 1796 1334 excedere,
1843 1249 1888 1314 et
1930 1216 1989 1316 ad

527 1363 743 1466 Carolum
779 1359 1000 1502 proficisci
1042 1361 1220 1494 jubent.
1257 1357 1432 1477 Quibus
1477 1357 1673 1500 digressis
1718 1391 1859 1458 cetera
1895 1358 1987 1459 sine

524 1505 718 1610 tumultu
752 1504 1139 1626 administrantur,
1176 1539 1219 1604 et
1255 1541 1339 1644 pro
1375 1513 1499 1644 Rege
1544 1509 1716 1601 Hector
1759 1502 1986 1645 Pignatel-

526 1653 593 1754 lus
628 1663 791 1753 Comes
828 1649 1000 1750 Montis
1035 1646 1219 1765 Leonis,
1255 1646 1603 1788 Neapolitanus,
1648 1646 1704 1745 ad
1750 1680 1925 1788 tempus
1961 1688 1987 1746 a

527 1794 697 1898 Carolo‘
731 1792 1008 1934 praeficitur,
1044 1828 1088 1893 et
1123 1788 1255 1893 Siculi
1290 1790 1386 1932 plus
1422 1831 1540 1892 anno
1578 1789 1867 1931 quieverunt.
1904 1793 1988 1890 Sed

526 1935 711 2038 Carolus
737 1947 982 2078 Hugonem
1010 1935 1066 2037 ab
1096 1936 1260 2036 eisdem
1289 1934 1420 2076 recipi
1455 1971 1500 2036 et
1535 1934 1592 2033 ad
1628 1934 1986 2075 procurationem

525 2081 667 2181 redire
702 2081 888 2180 etitem
924 2119 974 2180 ex
1010 2079 1160 2179 Siculis
1197 2084 1423 2214 Joannem
1469 2089 1642 2181 Lunam
1685 2077 1984 2180 Catabellotae

528 2222 760 2325 Comitem
794 2223 939 2367 Regio
975 2223 1173 2324 Consilio
1211 2262 1398 2365 praeesse
1432 2264 1538 2328 curn
1572 2222 1759 2353 jussisset
1792 2221 1899 2356 (hic
1941 2267 1988 2325 e-

526 2367 624 2468 nim
653 2367 769 2507 pacis
805 2405 848 2470 et
886 2367 1042 2508 quietis
1079 2406 1246 2509 semper
1274 2402 1425 2469 auctor
1452 2362 1625 2502 fuerat)
1646 2365 1872 2506 displicere
1900 2363 1989 2466 hoc

525 2508 804 2612 vehementer
841 2545 884 2607 et
928 2544 1176 2650 suspectum
1218 2550 1303 2610 esst
1347 2511 1491 2651 coepit
1534 2510 1782 2612 turbulentis
1828 2550 1880 2609 ac
1923 2550 1990 2611 se-

527 2650 697 2752 ditiosis
733 2649 1026 2772 hominibus,
1062 2693 1088 2751 a
1125 2650 1283 2793 quibus
1326 2653 1507 2755 initium
1551 2652 1845 2756 tumultuandi
1888 2647 1988 2755 fue-

530 2830 598 2896 rat
634 2829 866 2897 exortum.
906 2807 1055 2937 Itaque
1089 2790 1202 2895 facta
1238 2799 1537 2930 conjuratione
1580 2799 1760 2898 miscere
1805 2836 1856 2896 ac
1900 2831 1990 2896 tur-

533 2935 639 3040 bare
666 2975 845 3058 cuncta,
874 2972 917 3037 tt
941 2937 1105 3080 Regios
1133 2940 1444 3081 Magistratus,
1480 2942 1606 3082 quod
1640 2976 1748 3040 esset
1785 2934 1987 3040 defectio

532 3082 602 3182 nis
638 3078 851 3201 initium,
887 3080 941 3181 de
977 3082 1125 3183 medio
1163 3083 1312 3185 tollere
1346 3085 1646 3187 constituunt.
1685 3083 1808 3184 Huic
1833 3078 1992 3183 facino

529 3225 570 3324 ri
605 3227 811 3326 Panormi
844 3226 1057 3364 patrando
1092 3225 1211 3324 diem
1238 3227 1390 3327 dicunt
1426 3228 1482 3327 ad
1518 3226 1744 3328 decimum
1771 3226 1987 3328 Kalendas

533 3367 758 3506 Augusti,
794 3367 934 3508 pridie
970 3379 1058 3500 ejus
1095 3367 1212 3487 diei,
1250 3370 1330 3510 qui
1365 3373 1541 3472 Sanctae
1577 3368 1825 3472 Christinae
1859 3363 1991 3468 festus

534 3544 581 3610 et
615 3508 819 3611 solemnis
843 3511 1086 3613 Siculorum
1117 3511 1426 3614 consuetudine
1458 3510 1723 3632 celebratur,
1759 3513 1895 3652 idque
1926 3511 1993 3611 in·-

534 3689 603 3755 rer
634 3692 752 3754 sacra
788 3656 1029 3795 vespertina
1063 3654 1112 3754 in
1150 3652 1397 3758 Christinae
1431 3651 1571 3776 fano,
1607 3695 1700 3796 quo
1735 3693 1841 3755 tunc
1879 3664 1991 3755 Pro-

534 3835 610 3897 rex
646 3834 690 3898 et
726 3799 919 3941 plerique
954 3799 1239 3944 Magistratus
1276 3838 1498 3902 sacrorum
1543 3800 1686 3942 gratia
1731 3799 1993 3902 conventuri

537 3942 816 4080 putabantur.

607 4095 656 4184 11.
730 4088 809 4189 Sed
844 4086 931 4191 hoc
965 4125 1042 4230 per
1076 4090 1239 4194 indices
1273 4088 1527 4212 enuntiato,
1556 4099 1716 4192 Prorex
1747 4129 1834 4190 sese
1867 4079 1990 4190 domi

450 4313 453 4320 .
533 4262 681 4330 totum
717 4271 818 4332 eum
854 4235 971 4336 diem
1007 4237 1258 4345 continuit3
1297 4277 1390 4379 quo
1426 4237 1760 4354 animadverso,
1795 4243 1990 4364 conjura-

533 4373 572 4476 ti
607 4374 753 4513 palam
788 4415 939 4478 coacta
972 4415 1111 4479 manu
1151 4383 1311 4522 Regias
1355 4381 1504 4501 aedes,
1542 4380 1590 4479 in
1627 4378 1789 4519 quibus
1824 4379 1894 4476 ille
1918 4370 1992 4472 di-

533 4514 817 4635 versabatur,
853 4555 1007 4655 petunt
1053 4521 1369 4661 obsidentques
1407 4561 1450 4622 et
1495 4561 1597 4620 cum
1640 4523 1813 4624 nemine
1848 4510 1991 4618 defen·
2139 4541 2140 4608 r

534 4657 666 4759 ¹dente
702 4660 1024 4801 prorupissent,
1069 4664 1229 4762 multos
1273 4699 1546 4784 ceterorum,
1594 4665 1673 4804 qui
1720 4659 1996 4805 Magistrati-

537 4801 616 4902 bus
643 4839 897 4946 praeerant,
924 4844 1065 4947 eoque
1085 4799 1416 4948 confingerent,
1446 4809 1715 4915 concidunrr
1741 4808 1889 4949 ipsum
1918 4843 1994 4904 ve-
