4294 5984
531 447 778 530 CAROLI
818 445 874 528 V.
918 449 1038 530 LIB.
1076 452 1168 531 111.
1500 451 1559 550 79

139 623 285 714 rorem
320 642 420 747 post
448 602 586 706 Ducis
624 601 758 744 patris
794 596 973 702 obitum
1001 601 1321 745 desponderat,
1356 647 1409 709 ex
1437 609 1603 753 Hispae

138 757 198 876 li,
235 791 341 854 curn
376 762 473 851 Rex
499 748 701 867 adesset,
743 747 792 847 in
832 746 1149 890 Portugalliam
1189 745 1475 894 profirgiendi
1516 759 1604 860 dux

137 935 179 1002 et
218 932 371 998 auctor
406 889 576 1012 fiterat,
611 931 666 990 ne
702 889 847 1033 ipsum
872 902 969 994 Rex
1006 892 1127 992 idem
1150 899 1332 993 Annam
1369 939 1421 998 ex
1445 895 1605 1004 Alfon·

138 1085 186 1146 so
217 1039 362 1144 notho
392 1037 488 1140 filio
514 1051 721 1179 neptem,
757 1072 975 1156 uxorem,
1010 1071 1061 1136 ut
1084 1037 1196 1138 velle
1222 1039 1494 1160 ostenderat,
1519 1046 1604 1142 du-

136 1225 237 1292 cere
277 1183 586 1326 compelleret.
628 1192 779 1321 Itaque
826 1179 951 1302 odio
982 1179 1107 1282 simul
1151 1215 1196 1281 et
1236 1183 1467 1324 cupiditati
1507 1197 1603 1286 Fer-

137 1330 312 1436 nandus
346 1327 610 1468 indulgens,
645 1333 775 1424 Petro
812 1322 983 1424 Girone
1026 1363 1130 1425 cunr
1176 1364 1310 1427 uxore
1352 1366 1431 1468 per
1472 1367 1617 1429 occa-·

137 1475 308 1577 sionem
341 1476 544 1606 dejecto,
580 1462 843 1588 Alfonsum,
878 1509 932 1570 ex
967 1476 1197 1571 Leonorae
1234 1469 1334 1572 filiis
1368 1510 1476 1576 natu
1510 1511 1604 1576 rna-

137 1617 341 1738 ximum,
377 1612 670 1753 Methymnae
703 1626 878 1716 Ducem
913 1609 1151 1754 praefecit,
1187 1621 1318 1716 Anna
1354 1616 1404 1718 in
1444 1619 1603 1719 matri-

141 1763 351 1863 monium
387 1760 534 1862 eidenr'
567 1757 810 1861 collocata.
849 1758 928 1860 Sed
954 1761 1182 1860 Fernando
1208 1770 1332 1902 Rege
1370 1755 1602 1883 defuncto,

140 1912 288 2008 Petrus
337 1904 481 2007 Giton
521 1904 749 2043 diploma,
794 1901 941 2002 nescio
977 1903 1132 2041 quod,
1175 1904 1398 2020 sCarolo
1439 1902 1489 2008 in
1531 1899 1601 2006 fa-

141 2085 300 2150 vorem
336 2049 403 2148 sui
438 2046 542 2182 juris
576 2042 863 2183 impetravit,
900 2046 1025 2183 quod
1060 2082 1211 2184 postea
1245 2047 1367 2150 idern
1395 2059 1602 2169 Carolus,

140 2192 391 2294 adversariis
428 2185 794 2305 reclamantibus,
829 2185 1009 2326 publico
1045 2187 1230 2287 consilio
1266 2192 1458 2292 rescidit.
1496 2203 1602 2293 Hoc

140 2332 305 2476 iniquo
328 2332 480 2436 animo
505 2329 642 2432 ferens
667 2338 815 2430 Petrus
838 2327 1013 2447 Giton,
1038 2327 1253 2428 Valdoliti
1285 2333 1449 2433 Carolo
1469 2347 1602 2436 Com-

139 2476 374 2616 postellam
409 2474 626 2615 proficisci
661 2489 882 2612 parante,
913 2471 1011 2612 ipso
1024 2531 1032 2602 Ιι
1047 2471 1120 2570 die
1156 2467 1475 2611 profectionis,
1507 2514 1604 2613 pro·

142 2619 311 2722 ceribus
347 2617 610 2761 quibusdam
653 2652 704 2715 et·
740 2609 964 2716 nobilibus
1005 2611 1316 2736 audientibus,
1359 2615 1421 2716 sic
1456 2617 1603 2758 ipsum

146 2797 207 2862 est
243 2759 430 2865 affatus:
465 2837 497 2882 „
513 2769 644 2868 More
678 2767 898 2891 majorum
937 2797 988 2856 ac
1015 2755 1232 2900 legibus,
1268 2772 1366 2862 Rex
1412 2763 1604 2884 Carole,

145 2943 503 3045 „comparatum
539 2936 634 3021 esr,
670 2937 722 3001 ut
761 2900 896 3042 siquis
939 2899 1164 3021 honesr0,
1206 2938 1280 3002 aut
1324 2904 1460 3004 etiarn
1501 2906 1605 3006 illu·-

145 3048 267 3168 „stri
300 3049 403 3151 loco
438 3085 564 3180 natus
600 3045 669 3148 vir
704 3046 829 3188 gravi
864 3045 1023 3176 injuria
1058 3042 1237 3146 affectus
1268 3084 1294 3144 a
1326 3058 1484 3188 Rege,
1513 3056 1607 3179 jure

144 3191 175 3311 „
190 3190 375 3332 patrio,
418 3232 511 3332 quo
547 3189 739 3329 Hispani
774 3187 1069 3289 communiter
1110 3211 1321 3309 utantur,
1356 3191 1606 3312 decesserit,

145 3410 176 3453 ‚,
191 3336 263 3452 is,
305 3337 428 3477 quasi
457 3332 613 3473 hospes
648 3342 742 3465 jam
776 3368 820 3432 et
856 3331 1100 3474 alienigena
1131 3325 1298 3452 factus,
1337 3333 1466 3434 nullis
1505 3374 1605 3437 am-

150 3477 309 3619 „plius
344 3477 494 3620 patriis
536 3472 707 3616 legibus
752 3477 991 3594 teneatur,
1032 3509 1084 3574 ut
1130 3475 1278 3617 siquid
1318 3477 1476 3580 deinde
1522 3520 1604 3578 co-

146 3696 177 3744 „
193 3660 319 3724 natus
356 3624 439 3724 erit
474 3621 523 3723 in
548 3631 752 3760 Regem,
785 3656 881 3720 non
916 3617 1082 3719 idcirco
1117 3618 1165 3719 in
1197 3628 1332 3724 laesae
1367 3621 1604 3755 majestatis

143 3757 177 3906 ¹3,
191 3768 358 3869 crimen
394 3762 545 3888 uocari
579 3762 746 3904 possit,
779 3798 854 3864 aut
887 3762 1192 3905 perduellionis
1227 3764 1481 3904 ignominia
1516 3802 1604 3866 no-·

143 3982 181 4033 „
202 3911 314 4009 tari.
347 3919 444 4050 Ego
473 3907 646 4049 igitur,
674 3905 754 4048 qui
795 3948 821 4008 a
857 3940 899 4006 te
930 3907 1158 4049 praegravi
1202 3941 1379 4044 accepta
1410 3903 1570 4039 injuria
1585 3983 1618 4030 „

119 4127 177 4179 ⁶„
195 4050 265 4160 uti
305 4050 410 4151 volo
424 4153 432 4168 ,
447 4059 538 4182 ejus
573 4046 681 4192 legis
716 4049 962 4172 beneficio,
997 4060 1089 4182 jam
1122 4085 1237 4148 nunc
1272 4047 1399 4152 ornni
1439 4051 1606 4194 Hispa«

147 4269 178 4313 „
194 4230 256 4293 no
293 4198 386 4321 jure
416 4195 613 4313 deced0,
649 4228 782 4335 atque
809 4193 919 4311 hos,
955 4192 1037 4330 qui
1070 4189 1250 4312 adsunt,
1282 4192 1403 4296 viros
1435 4192 1607 4298 nobiles

148 4413 180 4456 „
195 4367 373 4454 attestor
387 4413 403 4454 .,
416 4355 447 4437 5‘
476 4338 562 4454 Cui
580 4339 762 4436 Carolus
789 4335 1044 4473 respondit:
1082 4374 1175 4437 non
1203 4377 1250 4436 se
1279 4374 1434 4476 putare
1460 4339 1604 4462 illurn,
1691 4449 1699 4484 ἱ

148 4519 267 4620 quae
300 4485 499 4610 jactaret,
516 4519 636 4603 esse·
655 4477 1026 4594 commissurum
1052 4481 1132 4578 Sed
1159 4483 1196 4574 si
1211 4483 1393 4614 seceris,
1427 4481 1608 4624 inquit,

150 4625 257 4722 dabis
292 4629 555 4758 mirigpo‘enas
576 4655 659 4742 ,tua
693 4627 907 4724 temeritate
942 4626 1097 4756 dignas.
1126 4627 1259 4723 Haec·
1284 4622 1421 4765 igitur
1456 4667 1483 4726 a
1517 4637 1612 4731 Cas

148 4764 248 4884 rolo,
279 4766 397 4902 Petri
423 4765 620 4892 ,Gitonis
640 4766 851 4888 ,alienatio
887 4793 1011 4910 spem
1046 4759 1180 4866 dabat
1208 4765 1527 4914 popularibus,
1562 4771 1606 4880 ie

1475 4947 1605 5057 psum
