4368 5984
967 379 976 396 Ι

585 425 731 503 nm:
970 421 1558 524 Jonusoeusenunvsone

557 577 832 640 commemorat
848 547 1041 666 tamquam
1070 577 1201 634 cauus
1222 579 1316 642 ,suae
1345 547 1641 666 suffiagantcm3
1667 577 1784 668 quare
1816 551 1912 642 mire
1938 557 2004 646 sibi

489 685 492 692 '
560 673 702 784 plaudit
720 734 731 777 ,
750 667 858 786 gestit
874 697 917 752 ac
932 668 1149 780 triumphat.
2000 711 2002 719 ·

650 796 782 875 Annus
799 788 858 871 hic
874 791 934 870 M.
952 793 1001 869 D.
1019 784 1071 866 L.
1086 783 1342 870 celeberrimus
1357 788 1473 873 evasit
1487 787 1541 872 ob
1556 786 1813 876 Valdolitanas
1831 790 2002 907 disputa-*-

560 904 679 990 tiones
694 968 705 1012 ,
719 933 817 1021 quae
837 903 1087 1017 Sepulvedarn
1104 900 1199 986 inter
1223 931 1261 986 et
1278 903 1606 1009 Bartholomaeum
1623 911 1668 986 de
1683 912 1742 988 los
1751 908 1878 990 Casas
1888 971 1903 1016 ,
1927 911 2002 998 sive

559 1021 705 1106 Caseus
722 1084 734 1128 ,
750 1021 966 1136 episcopum
978 1019 1227 1134 Chiapensem
1243 1019 1473 1111 intercessere
1486 1051 1501 1130 3
1516 1021 1620 1136 queis
1636 1023 1875 1110 occasionem
1898 1055 2002 1139 praee

560 1139 640 1225 buit
658 1143 847 1250 Dialogus
871 1143 916 1220 de
928 1134 1059 1252 Justis
1082 1138 1168 1218 belli
1183 1145 1311 1220 causis
1334 1137 1444 1223 toties
1464 1139 1611 1224 anobis
1632 1167 1881 1226 memoratus.
1914 1149 2001 1230 Nos

557 1285 650 1344 reto
665 1259 845 1373 quoniam
862 1255 945 1340 satis
963 1254 1113 1368 copiose
1129 1253 1177 1338 de
1194 1253 1270 1337 hoc
1287 1283 1399 1368 opere
1417 1281 1629 1341 sermonem
1655 1256 1887 1364 habuimus,
1912 1291 2003 1374 parra

557 1376 620 1480 cis,
637 1405 735 1490 quae
749 1374 850 1488 apud
869 1371 1105 1458 Valdolitunt
1119 1396 1223 1488 gesta
1238 1367 1365 1474 lutere,
1394 1373 1696 1490 perstringmnus.
1728 1377 1803 1460 Sed
1821 1377 1927 1490 ptius
1940 1378 2006 1464 ali*

563 1495 655 1606 quid
684 1493 731 1578 de
749 1496 859 1576 Casa.
887 1507 901 1546 ¹
941 1494 972 1573 ls
989 1489 1098 1608 igitur
1138 1488 1259 1601 primo
1285 1491 1323 1572 in
1347 1485 1527 1577 famulatu
1548 1489 1809 1604 Chrisrophori
1835 1495 2005 1580 Colum-⁶

559 1611 597 1694 bi
634 1639 727 1724 puer
757 1606 966 1694 admodum
1002 1635 1106 1691 anno
1132 1608 1192 1690 M.
1212 1609 1298 1690 CD.
1314 1605 1449 1691 XClll.
1482 1608 1521 1692 in
1568 1637 1713 1694 novum
1740 1612 1904 1696 Orbem
1935 1613 2004 1699 de·

560 1729 654 1812 latus
679 1752 734 1812 est
751 1785 765 1831 ,
781 1723 884 1812 unde
900 1722 1008 1808 simul
1031 1752 1117 1810 cum
1134 1724 1429 1809 Bartholomaeo
1444 1724 1615 1840 genitore
1632 1724 1846 1838 inpertiam
1863 1729 2002 1843 Hispa·

441 1871 442 1876 ‘
558 1845 620 1929 lim
639 1844 816 1928 remeavit
829 1869 932 1926 anno
944 1841 1003 1922 Μ.
1013 1842 1099 1924 CD.
1110 1842 1286 1924 XCVlll.
1300 1844 1505 1926 Canonum
1521 1843 1645 1927 studio
1659 1871 1816 1955 operam
1831 1845 2002 1932 daturus:

560 1961 698 2070 deinde
713 1991 790 2043 una
817 1988 905 2042 cum
929 1957 1002 2066 aliis
1027 1957 1276 2042 sacerdotibus
1293 1957 1330 2039 in
1353 1960 1511 2042 Insulam
1529 1964 1582 2043 D.
1596 1959 1783 2050 Dominici
1799 1991 1839 2048 se
1864 1989 2004 2048 contu*

561 2080 601 2164 lit
620 2138 633 2183 ,
651 2103 695 2162 ut
712 2078 890 2162 lndorum
908 2075 1013 2159 saluti
1030 2075 1250 2158 consuleret.
1276 2075 1329 2158 lbi
1344 2076 1450 2160 sacris
1466 2075 1634 2164 addictus
1650 2076 1787 2162 incolas
1801 2079 2000 2195 Zaguara-

561 2225 643 2282 mae
657 2195 694 2280 in
709 2194 915 2280 clientelam
929 2191 1097 2304 suscepit.
1110 2191 1182 2274 Cui
1193 2209 1314 2275 romeu
1332 2203 1564 2276 renuntiavit
1576 2193 1705 2306 (verba
1733 2197 2004 2283 suntNic.·An*

561 2313 669 2429 tonii)
685 2319 907 2396 conscientia
921 2314 1149 2412 deterritus,
1167 2317 1444 2418 concipiensque
1453 2315 1536 2419 jam
1552 2319 1672 2396 anim
1686 2316 1731 2394 id
1738 2323 2001 2422 propositum,

560 2437 657 2538 quod
670 2457 782 2536 usque
797 2433 850 2511 ad
863 2433 1029 2509 ultimum
1044 2435 1151 2508 vitas
1165 2434 1344 2536 spiritum
1362 2436 1657 2511 constantissime
1669 2431 2000 2536 persecutusfirii,

561 2553 798 2635 omnimodam
815 2541 985 2633 Indorum
1001 2546 1210 2626 liberantem
1217 2546 1384 2651 juvandi
1402 2589 1415 2648 ‚
1431 2571 1539 2650 quam
1556 2553 1635 2630 isto
1652 2563 1689 2628 et
1706 2553 1796 2629 aliis
1811 2575 1881 2632 non
1896 2555 2001 2633 iuro-

559 2667 727 2752 cencibus
742 2664 950 2771 dominatrdi
961 2663 1110 2744 ortibus
1123 2669 1163 2751 in
1176 2688 1216 2746 eo
1231 2671 1437 2748 aestuantis
1452 2679 1490 2744 et
1503 2668 1724 2746 exundantis
1738 2668 1791 2746 ud
1799 2691 1922 2750 novas
1938 2692 2001 2749 res

561 2789 723 2868 divitius
736 2787 933 2888 imperium
949 2786 1082 2887 gentis
1092 2781 1232 2861 ambitu
1247 2795 1285 2862 et
1299 2787 1512 2888 irrrpoientia
1527 2784 1741 2864 adomicore
1752 2789 1892 2890 populo
1918 2809 2001 2866 sae·

559 2927 610 2983 ve
625 2903 792 2984 obrutam
806 2898 1125 2978 vehementissime
1149 2897 1303 2978 dolebat.
1334 2900 1415 2980 Nec
1445 2897 1500 2981 his
1515 2922 1716 2982 contentus
1733 2899 1829 2982 circa
1856 2929 2001 2986 annum

560 3021 621 3102 M.
639 3021 689 3101 D.
707 3016 796 3098 XV.
812 3011 1031 3126 Hispaniam
1063 3011 1171 3096 rediit
1186 3016 1259 3117 ‚ut
1288 3013 1391 3127 apud
1414 3013 1690 3099 ferdinandum
1707 3017 1861 3132 Regem
1886 3017 2000 3102 Indo·

559 3162 642 3220 rum
662 3161 818 3216 causam
837 3153 990 3245 agerer.
1021 3129 1094 3214 Sed
1126 3124 1289 3232 frustra,
1321 3131 1415 3246 regis
1445 3131 1555 3217 obitu
1578 3131 1644 3218 uiri
1678 3132 1809 3246 optimi
1838 3157 2001 3220 conatus

560 3251 784 3344 retardante.
812 3251 913 3331 Hinc
928 3245 1060 3330 saeculi
1076 3271 1261 3360 pertaesus
1278 3245 1602 3333 dominicanorum
1623 3249 1791 3336 instituto
1807 3281 1846 3336 se
1870 3250 1999 3336 astrin-

559 3368 612 3455 xit
627 3369 664 3451 in
682 3367 813 3450 eadem
831 3363 962 3447 lnsula.
996 3363 1138 3447 Carolo
1168 3380 1187 3420 ²
1222 3393 1346 3449 rerum
1362 3364 1528 3475 ponente
1545 3424 1560 3471 ,
1577 3365 1707 3452 denuo
1720 3365 1758 3449 in
1779 3366 1999 3482 Hispaniam

562 3483 755 3601 navigavit
771 3543 783 3586 ‚
798 3511 880 3595 quo
896 3485 1041 3596 Regem
1057 3479 1407 3567 certioremfaceret
1422 3479 1640 3568 immanium
1655 3480 1884 3602 flagitiorum
1901 3511 1999 3600 quae

1951 3627 2000 3684 ua

559 3718 638 3794 libro
659 3717 671 3789 (
680 3717 715 3793 ele
735 3715 790 3774 hoe
807 3713 963 3772 summario
976 3717 1130 3781 vernacule
1143 3715 1252 3790 scripto
1271 3715 1401 3789 nuspiam
1427 3715 1496 3772 alibi
1517 3717 1696 3776 mentionem
1712 3716 1906 3781 offendimusl
1921 3631 1998 3792 §m

624 3816 684 3855 mas
699 3815 731 3854 se
744 3795 874 3853 modicae
884 3806 940 3868 por
952 3791 981 3852 el
994 3789 1110 3872 Reyno,
1119 3813 1141 3871 y
1157 3813 1284 3874 persen
1297 3795 1344 3854 del
1357 3795 1388 3851 la
1398 3805 1487 3875 genre
1500 3812 1595 3854 comare
1603 3787 1626 3874 ,ὦ
1641 3793 1722 3854 rodas
1733 3795 1779 3856 los
1798 3815 1852 3874 que
1873 3801 1996 3878 ignoro·

577 3877 723 3936 andusia.
1963 3903 1966 3906 ·

570 3969 578 4004 1
604 3975 616 4015 s
660 3957 728 4032 Qui'
739 3958 821 4032 plura
832 3953 872 4010 de
891 3952 1021 4010 Barthol.
1040 3949 1151 4010 Casarts
1169 3953 1313 4010 desideret
1328 3993 1338 4026 ,
1351 3954 1436 4012 adeat
1449 3952 1517 4011 Nic.
1531 3953 1691 4012 Antonium
1702 3995 1714 4028 ‚
1724 4008 1730 4028 ,
1741 3953 1822 4014 Bibl.
1835 3955 1928 4030 Hirp.
1948 3969 2000 4022 nos

558 4052 615 4112 oue
629 4039 686 4092 vol.
704 4053 727 4090 1.
741 4053 767 4106 p.
782 4048 845 4107 149.
859 4050 918 4103 seq.
932 4025 1032 4105 Jacob.
1044 4031 1158 4087 Echard
1172 4033 1206 4090 de
1215 4029 1332 4106 Script.
1347 4022 1418 4090 Ord.
1433 4027 1603 4092 Praedator.
1619 4047 1640 4092 t.
1650 4052 1713 4108 a.p.
1728 4033 1998 4110 192.erseq.Tou·

561 4111 675 4172 ionium
700 4114 832 4194 inopere
852 4111 967 4168 Gallico
985 4111 1021 4169 de
1042 4109 1212 4169 illustribus
1224 4115 1305 4170 uiris
1323 4112 1448 4187 ejusdem
1471 4114 1532 4170 ord.
1553 4126 1611 4171 t.a.
1626 4132 1653 4188 p.
1669 4131 1732 4190 ¹9²·
1747 4127 1778 4173 et
1793 4133 1852 4188 seq.
1870 4114 1998 4188 aliosque

530 4249 536 4265 ,
559 4196 598 4252 ab
611 4192 743 4250 Antonio
761 4191 967 4248 adducentis.
1037 4219 1040 4224 ·
1106 4217 1110 4224 ⁴
1358 4215 1361 4220 ·
1454 4229 1457 4234 ·
1894 4190 1899 4200 '
1950 4204 1955 4215 ¹

591 4291 618 4330 ⁴a
660 4271 806 4329 Gonsalm
819 4268 1015 4327 Ferdinandus
1031 4268 1154 4330 Oeietus
1174 4269 1299 4346 diligens
1316 4287 1409 4326 rerunt
1424 4270 1587 4328 Indicarum
1603 4271 1733 4344 scriptor
1747 4269 1997 4331 Casaeinfensunt

558 4367 590 4413 se
613 4355 707 4428 prodit
721 4351 771 4407 lib.
789 4349 841 4406 IX.
856 4365 882 4406 c.
896 4363 942 4422 ις.
958 4350 1095 4408 historiae
1114 4368 1181 4407 suae
1194 4354 1347 4408 vernacule
1364 4362 1522 4422 exaratae,
1540 4367 1606 4407 uam
1619 4368 1685 4407 eum
1701 4350 1760 4427 ejus
1779 4353 1809 4408 ln
1824 4352 1994 4427 Hispaniam

558 4435 716 4491 adventurn
735 4427 825 4486 refert
838 4445 885 4485 an.
904 4441 991 4506 ¹5¹9·
1008 4447 1064 4501 quo
1078 4443 1207 4502 tempore
1220 4429 1342 4488 Ovierus
1363 4430 1393 4484 in
1405 4431 1484 4486 curia
1496 4429 1595 4486 Caroli
1617 4429 1857 4489 versabaturlraee
1874 4433 1912 4488 de
1934 4429 1997 4484 vlro

557 4512 645 4572 nabet
659 4509 889 4583 religiosissimo,
904 4511 978 4564 lectu
993 4525 1051 4566 aon
1065 4509 1234 4583 injucunda:
1252 4510 1316 4578 „El
1330 4508 1424 4566 Padre
1437 4509 1611 4566 Lloeneiado
1626 4509 1811 4570 Bartholome
1828 4511 1918 4568 delas
1932 4507 1999 4566 Ca··

560 4605 584 4664 ‚·,
594 4607 658 4663 aas,
671 4603 834 4662 comosupo
845 4591 874 4644 el
886 4591 945 4642 mal
958 4605 1056 4645 saeeso
1071 4589 1108 4647 de
1121 4605 1153 4644 su
1164 4601 1270 4661 gente,
1284 4605 1306 4660 y
1325 4585 1461 4644 eonoseid
1476 4590 1505 4642 el
1519 4591 1576 4644 mal
1591 4590 1713 4646 maudo
1728 4605 1781 4661 que
1797 4591 1884 4656 lravia
1898 4604 1948 4664 por
1960 4603 1991 4644 su

557 4711 582 4746 ‚‚
591 4673 671 4745 parte
685 4682 784 4743 puesto
796 4684 834 4724 en
844 4671 873 4722 la
881 4667 1087 4723 consertaeion
1097 4667 1133 4723 de
1142 4670 1184 4722 las
1192 4667 1274 4721 tides
1283 4665 1320 4722 de
1332 4669 1458 4737 squellos
1469 4666 1587 4739 slmples
1600 4683 1622 4742 y
1634 4669 1811 4725 eobdieiosos
1820 4670 1993 4738 labradores,

559 4767 645 4827 ,·‚que
655 4754 681 4804 al
696 4755 760 4806 olor
775 4747 812 4806 de
832 4749 856 4801 ln
870 4745 1033 4802 Caballeria
1048 4747 1242 4819 prometida..
1257 4784 1284 4802 ..
1299 4749 1328 4802 le
1340 4745 1505 4817 siguieron,
1520 4763 1540 4819 y
1553 4749 1581 4802 el
1593 4751 1650 4802 mal
1660 4759 1767 4806 eventu
1780 4765 1900 4819 qaeovo
1913 4765 1949 4804 en
1960 4749 1992 4800 la

557 4829 729 4908 abscienda
743 4843 797 4899 que
813 4842 844 4882 se
856 4827 885 4882 le
896 4822 1044 4898 encargo,
1060 4843 1082 4900 y
1098 4843 1152 4898 que
1165 4827 1192 4882 el
1215 4839 1234 4880 a
1250 4837 1300 4881 ran
1314 4829 1391 4880 mala
1405 4826 1513 4898 guarda
1527 4821 1593 4899 dejd
1605 4839 1635 4898 3.
1651 4865 1677 4882 ..
1695 4822 1777 4882 como
1790 4831 1815 4884 el
1830 4828 1928 4884 habito
1943 4825 1994 4879 del'

558 4949 582 4985 ,‚
590 4909 721 4990 glorioso·
730 4904 1007 4984 astronomiam,
1018 4921 1046 4987 y
1064 4921 1102 4966 en
1115 4905 1334 4966 terdutenldo
1346 4920 1399 4984 por
1417 4919 1489 4985 may
1512 4905 1588 4968 baeu
1598 4904 1734 4988 religioso
1743 4924 1760 4985 5»
1775 4906 1857 4967 essai
1870 4921 1937 4965 ereo
1950 4901 1998 4977 φοί

1906 4995 1988 5060 „que
