4284 5982
572 443 664 520 cx·
1000 434 1136 532 toan.
1168 431 1284 510 nan.
1310 428 1617 510 sneotvnonn

551 563 605 654 liis
624 485 757 650 :MS
772 553 822 648 ad
852 551 966 648 libros
989 563 1035 643 de
1063 560 1276 672 Republica
1307 559 1424 646 absse
1451 555 1678 647 conversos:
1707 517 1893 645 nescimus
1906 557 1918 664 ,'
1931 521 1993 646 'aii

550 711 716 800 quoque.
739 678 893 767 eosdem
923 678 1035 764 libros
1055 677 1095 762 in
1123 680 1303 764 Latinum
1335 706 1546 765 sermonem
1584 676 1826 762 converterit.
1844 679 1991 762 Omnes

550 801 652 890 enim
680 822 864 887 testantur
888 859 904 905 ,
932 824 1058 913 neque
1081 795 1369 904 enarrationes,
1410 823 1535 912 neque
1572 795 1687 882 libros
1731 791 1779 878 de
1821 793 1988 880 motibus

551 918 673 1006 lucem
698 916 843 1004 vidisse.

638 1041 717 1149 Ipse
732 1050 835 1122 nos²
857 1034 973 1123 docet
987 1031 1230 1148 Sepulveda,
1258 1061 1299 1120 se
1322 1021 1546 1144 Apologiam
1573 1030 1750 1146 scripsisse
1773 1055 1849 1146 pto
1866 1027 1988 1115 Histo

549 1155 605 1246 tia
631 1155 757 1240 Caroli
786 1153 840 1236 V.
875 1180 954 1270 qua
981 1151 1131 1264 injustas
1164 1153 1418 1267 quorumdam
1449 1151 1750 1265 reprehensiones
1783 1147 1988 1234 accuratius

548 1268 801 1378 confutavit,
825 1293 863 1356 et
891 1299 1007 1385 quam
1038 1269 1236 1386 legendam
1266 1269 1421 1355 dederat
1446 1271 1594 1382 Jacobo
1618 1267 1778 1384 Ntylae.

638 1391 816 1507 Denique
834 1413 965 1474 nostro
980 1384 1149 1474 tribuunt
1164 1385 1354 1501 Dupinius
1377 1414 1415 1472 et
1438 1387 1497 1472 alii
1520 1387 1660 1473 editum
1677 1381 1858 1471 a'Parisiis
1887 1413 1986 1469 anno

557 1536 682 1619 1570.
701 1533 901 1594 tractatum
924 1511 972 1590 de
1004 1515 1170 1591 veritate
1196 1513 1369 1615 *corporis
1393 1521 1431 1588 ei
1446 1515 1641 1614 sanguinis
1671 1500 1984 1618 Jem·'Cmisnin

548 1626 741 1728 sacrficio
762 1629 922 1712 Missae.
952 1624 1027 1709 Sed
1041 1623 1227 1731 viderim,
1252 1654 1304 1710 an
1331 1622 1449 1716 nostri
1478 1623 1525 1709 sit
1540 1683 1555 1731 ,
1569 1621 1705 1742 quibus
1718 1619 1879 1708 eumad
1907 1647 1988 1704 ma·

552 1775 622 1830 nus
637 1747 776 1832 habere
805 1743 1016 1860 contigerit.

640 1865 789 1949 Eodem
806 1862 977 1968 Dupinio
994 1883 1148 1946 auctore
1163 1860 1411 1967 addiscimus,
1441 1858 1692 1976 Sepulvcdam
1708 1873 1730 1932 4
1748 1851 1985 1973 paraphrasin

549 1984 756 2098 quamdam
783 1983 933 2067 Camiri
947 1979 1184 2064 Gnosticorum
1215 1980 1456 2066 concinnasse
1487 2007 1533 2064 ex
1562 1986 1615 2065 D.
1646 1975 1838 2062 Ambrosii
1868 1977 1987 2058 Com·

555 2101 740 2185 mensariis
751 2100 963 2187 desumtam
974 2157 998 2214 ,Ι
1013 2125 1173 2212 eamque
1188 2098 1284 2182 inter
1308 2098 1424 2182 uncti
1447 2096 1557 2208 hujus
1580 2095 1744 2184 doctoris
1770 2089 1927 2208 operas
1946 2089 1954 2105 '

551 2247 591 2302 se
618 2218 786 2322 editam,
818 2212 883 2302 sed
899 2215 1007 2300 nobis
1022 2214 1111 2297 nihil
1126 2237 1172 2300 ea
1188 2215 1291 2300 dere
1312 2215 1506 2332 hucusque
1520 2237 1772 2330 compertum.

612 2335 784 2420 Diximus
799 2365 837 2450 p.
852 2334 992 2420 XVIII.
1012 2355 1140 2441 not.3.
1157 2333 1273 2418 nostri
1288 2335 1575 2439 Commentarii,
1592 2336 1670 2447 Jac.
1692 2329 1844 2444 Neylae
1861 2324 1988 2422 aQtfi·

553 2454 701 2570 gnonio
714 2453 902 2538 Cardinali
918 2449 1148 2568 proviaciam
1175 2449 1286 2536 fuisse
1300 2452 1567 2538 demandatam
1583 2448 1721 2540 edendi
1739 2448 1832 2534 illius
1847 2445 1983 2562 operis,

554 2599 633 2684 qua
648 2575 773 2656 Deum
790 2571 950 2695 rogandi
967 2568 1061 2653 ratio
1083 2570 1326 2675 continetur,
1352 2593 1393 2656 et
1417 2569 1537 2688 vulgo
1563 2589 1707 2686 vocant
1732 2567 1987 2651 Brevioriam.

558 2692 718 2772 Francus
742 2713 868 2774 autem
901 2687 939 2771 in
969 2685 1067 2771 notis
1095 2686 1166 2773 suis
1180 2688 1231 2774 ad
1256 2688 1488 2802 Sepulvedae
1516 2687 1687 2803 epistolas
1715 2688 1801 2770 XL.
1816 2707 1857 2769 et
1888 2679 1983 2765 CIII.

558 2804 735 2919 scripturn
764 2805 938 2922 reliquit,
968 2801 1219 2919 Sepulvedam
1247 2833 1434 2896 unacum
1451 2808 1576 2920 Ncyla
1603 2830 1643 2891 et
1666 2802 1741 2890 aliis
1765 2796 1985 2916 Quignonio

556 2922 741 3038 suppetias
753 2925 876 3010 tulisse
908 2923 960 3009 ad
980 2952 1077 3038 opus
1103 2921 1195 3009 illud
1220 2921 1498 3037 perficiendum.
1529 2924 1675 3040 illisque
1690 2920 1768 3008 sine
1783 2920 1903 3006 dubio
1928 2913 1985 3002 tri·

559 3041 712 3127 buenda
729 3067 784 3130 est
799 3043 949 3160 elegans
966 3036 1146 3155 praefatio
1163 3098 1178 3147 ,
1208 3067 1288 3157 qua
1306 3067 1521 3128 exornatur.

647 3163 771 3246 Erunt
787 3157 941 3247 fortasse
955 3159 1026 3242 alia
1040 3159 1200 3244 auctoris
1224 3189 1373 3274 opera,
1399 3188 1499 3276 quae
1512 3160 1620 3246 nobis
1634 3159 1673 3245 in
1688 3155 1895 3276 praesentit
1913 3176 1987 3238 non

557 3287 771 3369 succurrant
801 3341 814 3387 ,
840 3278 948 3395 quod
977 3275 1127 3362 minime
1160 3276 1373 3366 mitandum
1404 3279 1443 3362 in
1475 3301 1581 3378 tanta
1624 3307 1750 3363 terum
1782 3273 1985 3373 varietate,

447 3414 452 3422 “
556 3419 740 3510 quantam
768 3395 925 3480 inhunc
953 3394 1266 3479 cmnntcmarium
1300 3425 1375 3482 con
1401 3423 1503 3480 erere
1530 3397 1651 3482 coacti
1678 3423 1818 3480 sumus.

645 3513 889 3601 Meminimus
906 3541 1008 3621 nos,
1037 3513 1133 3599 dum
1158 3511 1271 3599 libros
1286 3513 1335 3602 de
1360 3425 1459 3600 (irie
1482 3534 1578 3601 nova
1594 3514 1831 3624 ederemus,
1861 3499 1988 3638 nonni-

1938 3618 1986 3708 lul

570 3849 572 3857 ·
602 3845 617 3886 r
661 3829 762 3906 atne
779 3847 843 3906 cap.
857 3849 886 3906 9.
901 3829 1018 3890 &hotto
1040 3847 1066 3887 t.
1082 3826 1133 3888 foi.
1151 3829 1216 3888 aad.
1230 3829 1257 3888 b.
1271 3831 1313 3889 sic
1327 3831 1441 3905 iuquit:
1461 3832 1626 3908 Eodemque
1634 3828 1772 3892 uocabula
1786 3817 1987 3908 (Timocratia)

557 3905 746 3969 Aristoteles
764 3913 859 3969 utitur
875 3913 905 3968 ia
915 3909 994 3967 libra
1012 3911 1047 3967 de
1060 3909 1195 3966 Moribus
1209 3912 1248 3966 ad
1259 3911 1470 3970 Nicomachum
1484 3925 1600 3986 octauo,
1614 3914 1645 3970 in
1662 3909 1860 3985 cujascaptris
1872 3915 1988 3965 anama·

557 3988 636 4045 tione
649 3990 709 4061 ipsi
722 3991 757 4048 de
770 3992 851 4062 buius
864 3987 998 4048 uocabula·
1010 3991 1136 4061 ratione,
1149 3990 1283 4046 omninno
1302 3991 1418 4064 publica
1431 4009 1554 4066 errore,
1566 3992 1652 4067 paulo
1673 3992 1841 4049 accuratius
1853 3977 1988 4056 disserui·

560 4083 629 4122 mur.
659 4069 749 4125 Libro
761 4087 831 4128 veto
845 4087 874 4148 7.
888 4087 950 4146 cap.
970 4087 995 4127 a.
1011 4069 1129 4127 scholio
1149 4085 1212 4143 pag.
1237 4083 1280 4144 ις.
1306 4069 1357 4128 fol.
1373 4087 1439 4146 205.
1460 4073 1574 4152 Magna
1592 4073 1721 4148 quaestio
1742 4081 1812 4143 ert,
1830 4077 1858 4126 ct
1876 4081 1894 4120 a
1911 4055 1988 4116 nobis

555 4147 682 4219 primam
699 4147 806 4206 librum
828 4151 863 4210 de
876 4147 1011 4209 Moribus
1023 4149 1063 4206 od
1073 4147 1285 4209 Nicomachum
1300 4164 1364 4226 cop.
1383 4167 1416 4230 7:
1429 4151 1633 4212 enarrantibus
1643 4149 1730 4226 paulo
1751 4144 1915 4209 acmratior
1929 4147 1988 4195 Μ·

562 4236 655 4288 elata.

601 4323 620 4362 a
662 4307 740 4365 Vide
753 4306 931 4382 Sepulredae
943 4311 1096 4384 epistolam
1109 4309 1146 4366 ad
1155 4308 1284 4384 Neylam
1295 4311 1440 4370 Historiae
1454 4309 1553 4371 Caroli
1568 4309 1606 4372 V.
1620 4308 1817 4386 praemissam.
1955 4375 1962 4391 ·

602 4401 620 4460 3
662 4387 800 4462 Turpiter
812 4387 1121 4447 hallucinatorFavrus
1134 4429 1145 4460 ,
1159 4389 1376 4461 quieturum
1390 4393 1541 4450 historiam
1554 4389 1793 4450 Ecclesiasticam
1802 4385 1987 4446 continuatur

562 4465 688 4602 aed'lnpn
703 4469 779 4620 adens
790 4465 939 4542 feliciter,
953 4469 1021 4525 dum
1039 4486 1111 4544 opus
1127 4469 1182 4526 hoc
1203 4467 1280 4528 inter
1295 4475 1406 4546 reliqua
1429 4472 1609 4548 Sepulvedae
1624 4471 1768 4530 Coloniae
1787 4469 1897 4527 editum
1916 4473 1988 4518 asie·

563 4557 604 4600 rrt
634 4561 746 4622 ωτι.
781 4561 852 4622 ³11·

603 4639 624 4696 4
663 4626 698 4681 In
712 4627 838 4684 editione
855 4625 894 4682 D.
919 4625 1066 4683 Ambrosii
1086 4629 1176 4690 Paris.
1200 4628 1274 4702 apud
1288 4627 1369 4688 Guil.
1389 4631 1497 4689 Merlin
1514 4648 1561 4689 an.
1579 4631 1660 4708 ¹3⁶9·
1678 4634 1738 4688 vol·
1761 4643 1785 4704 ς·
1811 4645 1837 4704 P·
1852 4619 1933 4698 4⁰4⁶·
1949 4617 1989 4671 ¹²⁶

562 4701 663 4776 gitur:
685 4705 846 4779 Expositio
862 4707 894 4761 in
914 4704 1036 4764 Cantica
1049 4704 1231 4774 Conticorum
1251 4724 1288 4765 ea
1308 4711 1440 4768 divorsis
1464 4713 1506 4770 D.
1524 4709 1681 4769 Ambrosii
1697 4706 1841 4784 opusculis
1862 4701 1897 4760 ob
1919 4693 1987 4754 Aii-

563 4779 773 4843 Manchiacena
791 4787 974 4858 Damacare,
1001 4788 1131 4848 Doctore
1151 4787 1336 4861 Sorhonico,
1356 4802 1496 4864 excerpta
1515 4831 1526 4862 ,
1545 4801 1576 4848 rt
1596 4793 1627 4848 in
1645 4807 1724 4847 unam
1742 4799 1844 4862 corpus
1863 4776 1986 4840 collecto·

562 4861 605 5005 Ξῖ
618 4865 746 5004 qpanpis
758 4866 798 5003 ips
818 4864 996 4960 praefatione
1010 4869 1047 4927 ad
1062 4869 1138 4934 hauc
1153 4870 1312 4930 editionem
1332 4869 1403 4931 aiios
1418 4872 1495 4929 idern
1506 4885 1634 4933 tentasse
1647 4875 1760 4948 legatur
1772 4909 1784 4944 ,
1798 4870 1887 4926 altum
1901 4867 1942 4916 est
1956 4850 1988 4906 de

585 4959 637 5018 epu
653 4961 687 5004 ve
707 4962 756 5005 as
781 4962 903 5009 eutium.
