4326 5986
557 439 646 558 382
978 451 1056 536 un
1100 450 1304 531 nunus
1357 446 1575 532 cusum

439 673 442 676 ·
514 619 654 722 modo
690 609 1014 735 sustinuerunt,
1049 611 1255 714 hortante
1291 650 1549 756 magnoque
1584 607 1735 714 animo
1780 606 1975 758 pugnam

515 766 658 865 ciente
693 755 879 864 Alfonso
916 755 1042 894 Vasti
1059 868 1060 876 Ν
1077 755 1367 880 Marchione,
1392 766 1513 891 cujus
1549 795 1686 901 equus
1712 752 1800 859 fuit
1836 761 1973 904 sclop-

516 909 607 1052 peti
642 907 733 1007 telo
769 904 1010 1006 secundum
1045 902 1259 1004 cervicem
1295 903 1573 1011 vulneratuss
1617 904 1693 1005 sed
1728 903 1973 1045 repulerunt

515 1053 649 1152 etiarn
684 1091 734 1150 ea
779 1048 1102 1164 contentione,
1141 1083 1192 1149 ut
1226 1043 1493 1190 litgientium
1536 1047 1667 1190 tergis
1708 1045 1977 1154 inhaerentes
2128 1049 2129 1078 ¹

517 1197 573 1297 ad
609 1197 722 1337 ipsas
758 1233 899 1336 usque
934 1192 1112 1302 Goletae
1150 1193 1415 1294 munitiones
1453 1193 1730 1334 pervenirent
1765 1193 1832 1296 ibi
1864 1235 1979 1337 quo·

519 1341 606 1482 que
641 1338 757 1440 edita
792 1377 969 1481 pugnas
1008 1377 1095 1480 qua
1133 1376 1307 1481 pugna,
1346 1337 1382 1437 si
1418 1339 1553 1438 scalae
1596 1336 1885 1481 suppetissent
1921 1341 1977 1441 ad

520 1482 781 1585 munitiones
817 1483 1197 1603 conscendendas,
1231 1482 1469 1625 expugnari
1504 1480 1659 1584 Goleta
1690 1481 1883 1624 potuisse
1912 1483 1979 1584 vi«

519 1668 565 1729 sa
599 1665 660 1732 est
695 1627 754 1731 ab
788 1626 994 1770 Hispanis
1029 1667 1084 1728 eo
1121 1625 1221 1745 die,
1259 1662 1499 1768 antequam
1534 1624 1678 1728 hostes
1704 1667 1748 1726 se
1785 1666 1837 1726 ex
1871 1620 1978 1769 firga

519 1809 654 1914 atque
690 1807 814 1875 metu
847 1773 1116 1914 reciperent3
1161 1807 1304 1872 tantus
1341 1806 1431 1872 etat
1466 1765 1574 1871 fotis
1610 1769 1862 1872 animorum
1904 1809 1978 1872 at·
2128 1903 2129 1920 p

519 1917 632 2035 dor,
665 1911 1006 2057 nostrorumque
1040 1916 1297 2035 contentio,
1322 1915 1452 2017 intus
1488 1914 1626 2016 timor
1662 1947 1707 2014 et
1740 1913 1976 2054 trepidatio

521 2055 828 2162 defensorum!
870 2061 952 2162 Sed
988 2060 1065 2202 qui
1106 2061 1163 2160 ad
1210 2057 1405 2161 hostium
1449 2058 1715 2161 munitiones
1758 2056 1974 2159 levissima

517 2214 685 2336 jactura
721 2204 1062 2325 dimicaverant,
1090 2203 1156 2305 his
1184 2245 1227 2305 se
1253 2203 1566 2347 recipientibus
1594 2212 1743 2334 majus
1762 2203 1978 2306 damnum

517 2347 689 2452 illatum
730 2385 831 2469 est,
871 2349 1098 2450 tormentis
1149 2349 1320 2450 eminus
1363 2348 1449 2449 tela
1499 2346 1819 2476 jaculantibus.
1873 2357 1977 2446 Hoc

516 2494 682 2635 praelio
727 2534 779 2594 ex
821 2493 981 2593 nostris
1023 2492 1192 2594 circiter
1233 2493 1409 2594 ducenti
1450 2490 1718 2597 desiderati3
1761 2489 1976 2594 vulnerati

518 2637 615 2778 plus
650 2635 992 2778 quadringentis
1031 2635 1231 2737 hostibus
1267 2635 1402 2778 longe
1446 2643 1585 2765 majus
1628 2633 1845 2734 damnum
1885 2633 1974 2733 illa-

433 2891 446 2912 ,
519 2812 646 2899 tum,
689 2781 768 2921 qui
803 2777 885 2880 hac
931 2817 1080 2923 pugna
1115 2778 1342 2880 conterriti
1377 2816 1469 2898 non
1512 2773 1605 2876 ausi
1649 2810 1750 2879 sunt
1791 2777 1978 2920 amplius

519 2958 693 3024 nostros
730 2923 1037 3065 eruptionibus
1073 2924 1303 3044 lacessere,
1331 2922 1431 3024 satis
1468 2917 1673 3024 habentes
1708 2961 1803 3024 suas
1833 2922 1980 3024 muni⁴

522 3065 666 3167 tiones
703 3069 996 3209 Golctamque
1033 3069 1171 3170 tueri.

594 3219 701 3313 XV.
776 3212 964 3314 Carolus
1008 3211 1349 3314 animadvertens
1392 3209 1548 3350 diebus
1594 3209 1775 3358 singulis
1817 3247 1977 3353 aquam

523 3387 569 3452 et
605 3351 867 3493 quotidiana
902 3354 1067 3457 cibaria
1101 3354 1318 3498 praesidio
1355 3394 1433 3498 per
1468 3355 1676 3496 paludem
1712 3351 1924 3457 naviculis·
1956 3395 1983 3455 a

523 3500 699 3598 Tunete
734 3499 957 3620 submitti,
993 3502 1246 3603 conandum
1281 3499 1364 3604 sibi
1399 3499 1582 3628 statuit,
1632 3502 1757 3646 siqua
1811 3500 1984 3602 ratione

527 3677 671 3781 posset
706 3639 850 3744 hostes
892 3640 974 3742 hac
1017 3683 1198 3788 quoque
1243 3679 1362 3788 parte
1404 3647 1726 3749 commeatibus
1766 3643 1986 3747 interclu-

527 3785 658 3885 dere.
703 3789 897 3930 Jamque
932 3824 1052 3890 eraut
1094 3792 1151 3891 ad
1192 3787 1518 3934 imponendum
1571 3790 1761 3893 militem
1801 3786 1989 3929 scaphae

529 3929 765 4032 nonnullae
797 3970 902 4034 cum
937 3931 1166 4036 tormentis
1201 3972 1281 4077 pet
1314 3969 1473 4038 tetram
1509 3971 1772 4038 tramvectae
1806 3933 1854 4034 in
1889 3924 1989 4032 fos-

531 4111 623 4174 sam
659 4111 684 4174 a
719 4073 1003 4198 Charadino,
1050 4078 1252 4222 cupiente
1287 4077 1374 4181 hoc
1411 4119 1594 4224 quoque
1630 4082 1733 4184 loco
1775 4077 1989 4222 paludem

529 4255 634 4320 cum
677 4219 792 4322 mari
830 4221 1141 4345 committere,
1166 4221 1456 4347 inchoatam,
1495 4265 1586 4370 qua
1624 4221 1740 4328 fossa
1778 4218 1988 4324 nonnihil

527 4399 671 4501 aquae
705 4361 1047 4475 continebaturs
1083 4370 1157 4468 sed
1194 4369 1331 4470 missis
1365 4405 1544 4491 noctu,
1582 4370 1663 4513 qui
1704 4366 1985 4470 altitudinem

531 4505 770 4646 stagnantis
806 4547 944 4649 aquae
985 4510 1280 4648 metirentur,
1315 4549 1590 4656 compertum
1638 4547 1701 4615 est
1746 4549 1979 4654 stagnum,

477 4773 478 4778 Ν
530 4646 615 4748 nisi
653 4687 772 4790 parte
813 4652 1008 4773 media,
1045 4694 1102 4756 ne
1143 4654 1311 4799 scaphis
1351 4659 1533 4798 quidem
1579 4657 1856 4762 continenter
1892 4691 1983 4754 esse

531 4791 861 4937 navigabilem.
912 4807 1013 4902 Hac
1059 4798 1195 4943 igitur
1245 4798 1407 4907 omissa
1455 4839 1557 4908 cura
1602 4801 1789 4910 Carolus
1831 4795 1984 4904 animo

1912 4974 1985 5043 to·
