4292 5984
601 504 854 588 canori
897 507 949 588 v.
992 510 1105 589 ιιι.
1154 513 1219 589 ιι.
1527 518 1585 612 49

148 701 258 826 „ex
301 654 605 764 remotissimis
640 659 749 762 locis
788 700 866 803 pet
910 662 1187 763 administros
1222 701 1315 764 non
1350 697 1440 764 tam
1474 668 1622 771 Eccle-

145 807 310 926 „siam
335 805 603 907 Toletanam
623 806 950 924 moderaretur,
967 845 1114 968 quam
1139 805 1297 910 urbem
1315 845 1359 908 et
1386 809 1617 950 regionem
1645 923 1648 930 ,

141 987 409 1111 „magnam
436 988 480 1049 et
511 946 892 1088 opulentissimam
913 948 1154 1112 Hispaniae
1183 988 1380 1090 partem,
1410 992 1615 1093 exporta-

140 1094 251 1212 „tis
283 1131 331 1193 m
360 1093 551 1195 Galliam
576 1092 798 1234 Belgicam
830 1093 1047 1232 pecuniis,
1075 1093 1123 1192 id
1151 1097 1274 1233 quod
1303 1089 1426 1214 facit,
1458 1101 1613 1236 spolia-

139 1312 176 1357 „
195 1271 291 1338 ret.
340 1237 517 1358 Quibus
560 1233 719 1355 rebus,
755 1271 998 1399 postquam
1039 1236 1245 1340 omnium
1283 1235 1507 1343 bonorum
1543 1281 1612 1344 tot
1756 1353 1758 1358 ,

138 1455 171 1500 ,‚
189 1379 483 1541 indignitates
506 1416 550 1478 et
577 1375 802 1521 publicam
839 1381 1079 1522 perniciem
1114 1382 1441 1547 indignantium
1478 1387 1609 1526 quie

135 1559 283 1645 „tem
329 1559 374 1623 et
421 1523 568 1624 otium
610 1521 985 1642 sollicitaverunt,
1029 1564 1077 1624 ac
1120 1567 1302 1629 omnem
1345 1529 1607 1669 Hispaniam

137 1743 170 1789 ‚‚
193 1706 304 1768 auro
340 1703 385 1767 et
427 1703 611 1811 argento
653 1707 790 1809 paene
832 1667 1011 1769 inanem
1052 1670 1355 1791 reddiderunt,
1402 1672 1450 1772 id
1488 1713 1605 1781 nunc

139 1887 173 1932 „
189 1810 396 1912 videlicet
432 1849 573 1974 agunt
607 1846 651 1910 et
687 1811 968 1932 moliuntur,
1005 1845 1055 1910 ut
1090 1812 1236 1915 eidem
1273 1815 1514 1956 Hispaniae
1552 1860 1605 1920 ex

139 1955 331 2076 „Gallia
355 1957 558 2099 Belgica,
597 1994 688 2094 quo
708 1967 891 2116 Regem
919 1955 1123 2056 reducere
1161 1994 1341 2097 parant,
1378 1960 1497 2060 velut
1531 1999 1605 2064 ιιιι-

138 2175 170 2218 „
187 2137 310 2262 per·
302 2142 328 2200 a
363 2139 407 2198 se
444 2133 620 2240 pacatae
643 2131 687 2197 et
706 2136 754 2200 m
790 2097 1047 2199 Provinciae
1083 2093 1278 2203 formam
1314 2104 1510 2204 redactae
1545 2145 1603 2206 te-

137 2318 171 2363 „
188 2242 316 2383 gioni
362 2281 440 2382 per
483 2237 787 2404 praefectos
775 2280 841 2340 1m
874 2240 1065 2358 etitem,
1108 2278 1153 2339 et
1204 2283 1280 2382 per
1324 2248 1603 2402 administros

135 2383 409 2506 „tributis
398 2384 631 2504 inusitatis,
669 2384 724 2484 de
761 2281 1065 2545 quibis
958 2424 1050 2515 Jatn
1084 2423 1222 2485 novas
1258 2385 1449 2486 rationes
1487 2390 1599 2489 inire

140 2605 174 2647 ‚,
193 2529 432 2646 dicuntur,
462 2527 706 2669 compilent
732 2560 776 2626 et
803 2528 973 2667 penitus
1006 2522 1276 2628 exhauriant.
1301 2526 1475 2640 Quibus
1500 2572 1602 2632 ma-

141 2669 240 2791 „lis
278 2710 527 2793 occurrere,
572 2713 623 2772 ac
662 2711 718 2772 ne
754 2669 879 2770 latius
915 2706 1118 2833 serpant,
1142 2670 1399 2834 providere,
1437 2711 1602 2812 quam

143 2853 332 2955 „quam
368 2818 425 2916 ad
461 2856 613 2918 omnes
648 2815 946 2920 communiter
975 2814 1123 2958 Regni
1158 2813 1353 2916 civitates
1390 2816 1599 2955 pertinet,

142 2991 339 3079 „tamen
374 2961 429 3060 ad
464 2959 576 3062 hanc
595 2991 835 3124 nostram,
872 2999 987 3102 quae
1022 2997 1158 3100 paene
1192 2958 1329 3059 totius
1352 2961 1497 3120 Regni
1533 3003 1600 3064 ve·

145 3101 260 3223 „lut
296 3141 430 3247 caput
466 3104 660 3225 exsistit,
694 3105 872 3246 potiore
908 3105 1161 3247 quodam
1147 3143 1242 3235 Jurc
1276 3139 1491 3266 petttnere
1532 3108 1605 3208 vi-

142 3322 172 3367 „
187 3246 345 3348 detur.
383 3249 580 3370 Quare
567 3285 631 3350 tta
666 3289 843 3369 censeo,
880 3285 1041 3352 ceteras
1076 3287 1230 3349 omnes
1265 3247 1492 3368 civitates,
1528 3251 1600 3350 lit-

141 3466 173 3511 „
187 3391 285 3492 tetis
320 3428 454 3534 atque
490 3394 653 3496 nuntiis
690 3391 910 3516 dimissis,
947 3395 1002 3495 de
1044 3391 1274 3495 communi
1322 3327 1515 3534 periculo
1556 3431 1600 3496 et

142 3569 258 3656 „tot
293 3534 652 3678 impendentibus
688 3539 809 3640 malis
844 3579 932 3639 esse
966 3579 992 3637 a
1025 3535 1156 3640 nobis
1192 3536 1511 3657 admonendas,
1549 3538 1599 3637 si-

139 3753 171 3798 „
189 3680 370 3822 mulque
415 3680 738 3804 cohortandas,
783 3721 838 3785 ne
880 3718 1110 3826 graventur
1151 3682 1401 3784 eommunis
1451 3681 1597 3780 salutis

139 3895 170 3944 „
184 3861 312 3926 causa
356 3866 454 3927 suos
503 3868 705 3994 quaeque
747 3826 915 3971 legatos
957 3841 1351 3990 procuratoresque
1388 3821 1597 3943 mittere,

139 4043 171 4088 ‚,
189 3968 269 4104 qui
314 3969 360 4071 in
401 3987 571 4075 certum
612 3974 764 4076 locum
804 3970 1103 4090 conveniant,
1144 4007 1193 4069 ut
1236 3965 1427 4065 consiliis
1467 4003 1598 4069 com-

141 4185 171 4230 „
188 4111 419 4216 municatis
457 4117 512 4216 de
550 4115 674 4218 rebus
709 4118 767 4218 ad
803 4114 1029 4256 publicam
1064 4049 1309 4212 libertatem
1352 4145 1485 4250 atque
1526 4149 1599 4208 sa

142 4330 170 4373 „
187 4250 325 4354 lutem
369 4256 686 4399 pertinentibus
737 4260 1020 4363 deliberetur3
1062 4289 1106 4354 et
1147 4295 1174 4355 a
1215 4265 1339 4395 Rege
1315 4289 1458 4393 eper
1510 4290 1598 4392 pu

143 4393 352 4516 „blicam
386 4400 654 4542 legationem
688 4401 745 4499 dc
780 4434 849 4500 tot
883 4398 1181 4502 incommodis
1214 4341 1448 4498 admonito
1495 4433 1601 4500 cun·

143 4539 269 4661 „ctis
306 4542 504 4682 precibus
540 4576 743 4686 petatur,
780 4541 975 4704 primum
1014 4575 1063 4643 ut
1102 4539 1320 4684 Hispania
1358 4580 1415 4644 ne
1456 4533 1618 4640 disce

145 4758 174 4804 „
191 4685 294 4804 dat,
332 4688 490 4790 deinde
525 4725 576 4788 ut
612 4687 735 4788 malis
771 4723 814 4788 et
850 4685 979 4788 illatis
1015 4688 1241 4788 medeatur
1272 4721 1316 4784 et
1344 4722 1457 4826 quae
1489 4723 1602 4843 quo-

147 4827 299 4948 „tidie
336 4829 392 4933 ab
429 4831 592 4934 eisdem
628 4830 867 4934 artificibus
901 4866 1136 4971 parantur,
1170 4863 1394 4932 occurrat:
1433 4859 1531 4928 tum
1567 4824 1602 4922 si

217 4973 384 5077 Tomi.
1106 4985 1149 5080 G
1453 5045 1485 5089 „
1499 4979 1607 5068 haec
