4298 5980
559 444 799 527 CAROLI
839 443 894 526 V.
943 447 1063 528 LIB.
1106 446 1229 528 VH.
1504 453 1591 520 221

157 644 238 714 tus
295 639 430 710 terror
475 638 577 703 cum
635 637 802 702 ceteros
852 594 1127 722 Romanos,
1176 635 1274 704 tum
1322 603 1393 704 vel
1441 595 1637 714 maxime

159 751 385 860 Rentium
421 743 638 849 Chiorum
674 744 869 863 invasit,
913 779 964 846 ut
1007 744 1043 845 is
1085 745 1198 850 inter
1242 749 1441 890 primos,
1478 755 1639 860 omissa

161 895 308 1001 Urbis
345 885 624 1011 defensione,
666 890 828 990 timore
864 927 915 990 ac
960 891 1260 1033 desperatione
1301 893 1454 1033 plenus
1496 898 1545 999 in
1581 940 1640 1004 ar·

160 1079 271 1144 cem
308 1032 593 1180 confugeret.
630 1044 785 1176 Itaque
819 1033 1066 1156 Romanis,
1111 1037 1191 1178 qui
1227 1035 1282 1138 ad
1328 1077 1477 1140 muros
1522 1083 1642 1150 erant

166 1181 441 1286 defendendi
485 1181 655 1324 gratia,
712 1178 1039 1300 evocantibus,
1082 1216 1125 1280 et
1169 1181 1266 1322 ipso
1311 1183 1521 1285 Pontifice
1563 1227 1642 1327 per

161 1335 396 1466 Joannem
432 1322 712 1426 Matthaeum
747 1319 982 1424 Gibertum
1025 1323 1297 1466 Episcopum
1340 1336 1640 1435 Veronensem

160 1470 456 1591 cohortante,
488 1466 565 1569 vix
601 1466 741 1610 longo
778 1465 919 1605 spatio
949 1463 1085 1567 abeo
1122 1471 1267 1610 potuit
1305 1465 1555 1616 impetrari,
1589 1511 1640 1579 ut

159 1620 224 1717 ad
260 1654 421 1717 munus
458 1649 588 1714 suurn
623 1609 919 1729 obeundum,
957 1644 1003 1711 et
1045 1651 1160 1752 quae
1204 1607 1448 1716 defensioni
1490 1613 1639 1726 forent

159 1759 433 1877 necessaria,
468 1757 777 1897 imperandum
811 1753 978 1873 exiret,
1015 1793 1089 1856 me
1125 1756 1301 1858 vidente
1338 1795 1382 1860 et
1417 1762 1638 1887 audiente,
1698 1763 1703 1773 ’

165 1938 305 2044 atque
348 1900 544 2000 hominis
591 1899 681 2000 sive
725 1933 876 2036 stupor
909 1896 981 1996 ille
1016 1893 1102 1998 fuir
1119 1975 1138 2016 ,.
1179 1899 1271 2001 sive
1313 1899 1526 2044 ignavia,
1562 1910 1638 2010 de-

163 2047 383 2150 mirante.
422 2051 548 2144 Nam
584 2076 628 2141 et
663 2079 750 2182 ego
787 2079 839 2140 cx
881 2039 978 2138 aula
1021 2039 1253 2142 Pontificia
1293 2084 1366 2144 me
1409 2049 1457 2147 in
1493 2089 1637 2154 arcem

168 2225 425 2334 receperam
461 2225 566 2288 cum
601 2180 786 2286 Alberto
821 2181 936 2300 Pio,
970 2191 1093 2315 cujus
1129 2220 1246 2283 eram
1288 2224 1383 2286 non
1424 2194 1638 2332 negotio-

164 2372 272 2435 rum
323 2329 612 2443 administer,
666 2328 741 2427 sed
784 2324 1074 2446 studiorum,
1123 2329 1504 2466 quemadmodum
1546 2336 1638 2477 ipse

171 2476 322 2578 dicere
358 2473 555 2591 solebat,
596 2470 768 2590 socius,
811 2504 863 2569 ut
909 2468 979 2568 vir
1012 2467 1083 2568 ille
1119 2471 1394 2574 doctissimus
1431 2476 1548 2578 nulla
1589 2517 1637 2580 re

166 2659 312 2762 aeque
329 2696 364 2740 ‚.
390 2657 440 2717 ac
478 2613 776 2716 doctrinarum
812 2610 965 2712 studiis
1002 2645 1046 2710 et
1087 2608 1326 2715 hominum
1366 2657 1456 2720 non
1499 2621 1637 2723 indo-

164 2799 343 2866 ctorum
395 2758 711 2863 consuetudine
770 2752 1064 2858 delectabatur
1087 2781 1123 2856 .“
1155 2767 1446 2900 Quamquam
1503 2766 1637 2906 paulo

165 2945 275 3052 post
314 2908 472 3011 eodem
509 2904 581 3007 die
617 2943 644 3003 a
678 2901 903 3004 Francisco
939 2899 1105 3001 Ursino
1142 2902 1410 3023 Cardinale,
1444 2909 1523 3049 qui
1557 2918 1638 3039 jus.

166 3093 221 3154 su
260 3048 488 3155 Pontificis
524 3047 792 3190 praesidium
828 3039 1049 3187 deligebat
1085 3082 1130 3145 et
1165 3045 1500 3170 constituebat,
1542 3091 1638 3153 arce

168 3198 377 3320 excedere
412 3230 587 3321 coactus
626 3231 724 3296 sunt
758 3189 823 3294 ob
860 3227 956 3292 eam
990 3191 1131 3294 modo
1164 3229 1338 3292 causam
1351 3269 1372 3314 ,
1404 3196 1529 3337 quod
1549 3197 1638 3298 Hi-

164 3379 330 3484 spanus
367 3378 532 3444 essem.
1178 3401 1183 3404 ·

259 3495 337 3590 XI.
430 3489 540 3621 Jam
575 3482 719 3584 multo
755 3477 829 3586 'die
863 3477 921 3586 ,de
958 3518 1063 3584 nece
1098 3477 1315 3586 Borbonii
1351 3477 1399 3586 in
1436 3521 1532 3585 arce
1568 3521 1635 3583 co·

167 3629 349 3775 gnitum
401 3664 463 3730 est
500 3708 515 3749 ,
562 3627 781 3771 simulque
840 3627 1096 3730 nuntiatum
1145 3627 1397 3731 Guidonem
1441 3640 1635 3768 Rang02

170 3776 304 3874 nium
347 3811 450 3874 curn
488 3772 685 3917 equitatu
728 3770 922 3876 auxiliari
966 3776 1251 3914 praemissum
1297 3772 1461 3870 adesse.
1511 3777 1636 3871 Tum

170 3911 396 4038 Pontifex,
432 3918 523 4023 sive
559 3919 792 4062 praesentis
828 3918 1011 4060 periculi
1046 3919 1207 4019 timore
1244 3915 1422 4034 ductus,
1457 3912 1547 4014 sive
1585 3929 1649 4016 ut'

169 4056 373 4162 subsidio
408 4063 684 4166 venientibus
720 4064 860 4205 copiis
897 4061 1089 4202 spatium
1123 4056 1406 4199 perveniendi
1442 4059 1637 4200 daretur,¹

173 4205 428 4306 Matrinum
463 4207 749 4347 Portugalliae
784 4207 920 4349 Regis
956 4217 1195 4310 Oratorem
1230 4203 1287 4380 qd
1324 4243 1367 4302 se
1402 4237 1556 4322 vocat,
1593 4203 1638 4304 i*

172 4385 395 4493 psumque
431 4352 486 4451 ad
525 4350 806 4452 Caesarianos
842 4354 973 4450 duces
1007 4349 1202 4493 legatum
1228 4348 1284 4446 dc
1312 4346 1637 4489 compositione

170 4493 345 4612 mittit,
382 4492 628 4636 siquibus
670 4489 826 4636 paulo
851 4496 993 4596 modo
1037 4488 1317 4638 aequioribus
1359 4491 1640 4594 conditioni-

170 4633 254 4737 bus
293 4677 378 4776 pax
421 4639 655 4740 convenire
699 4641 880 4781 posset,
917 4677 970 4752 ut
1013 4674 1190 4781 accepta
1232 4637 1416 4780 pecunia
1460 4639 1518 4736 ad
1558 4634 1640 4736 sti-⁴

172 4781 391 4922 pendium
432 4783 622 4890 militare
671 4784 877 4912 exercitus
925 4783 1029 4922 inde
1073 4783 1402 4900 abduceremr.
1464 4779 1640 4920 Quibus

1612 4962 1638 5029 a
