4326 5986
599 465 837 550 CAROLI
888 469 942 550 V.
984 469 1101 550 LIB.
1141 469 1233 552 XV.
1527 477 1613 563 451

200 621 503 741 detinebatur,
534 621 751 762 propius,
785 621 840 723 ut¹
877 621 1142 764 imperatum
1178 621 1352 758 fire'rar,
1387 669 1492 732 curn
1528 675 1657 741 conr-

196 768 415 872 meatibus
452 764 772 907 appellaretur,
811 766 974 905 partim
1010 767 1045 868 si
1080 774 1223 908 posset
1265 782 1437 912 Regem
1473 776 1656 900 elicere,

196 949 323 1014 urse
359 911 406 1011 in
453 945 737 1050 conspectum
774 911 932 1028 daret,
967 945 1010 1010 et
1045 913 1275 1052 pugnandi
1316 917 1494 1054 copiam
1541 917 1655 1022 face-

196 1090 293 1173 ret,
324 1092 438 1193 quae
462 1052 575 1152 ratio
603 1051 926 1192 expeditissima
953 1057 1051 1155 erat·
1075 1053 1179 1155 belli
1205 1055 1491 1161 conficiendi.
1531 1071 1656 1171 Nam

195 1195 422 1338 pugnandi
457 1191 709 1295 facultatem
731 1235 826 1297 non
862 1189 1106 1300 delirruram
1134 1198 1217 1298 sibi
1255 1242 1307 1298 erc
1340 1201 1522 1342 ingenio
1552 1208 1656 1306 Gal-

196 1339 343 1440 lorum
379 1335 700 1480 pollicebatur,
736 1341 816 1481 qui
850 1339 1053 1442 libentius
1092 1340 1221 1441 alacri
1267 1344 1463 1483 quodam
1499 1349 1656 1449 ardore

195 1521 451 1626 magnoque
497 1482 667 1623 impetu
709 1483 757 1584 in
797 1481 1008 1624 praelium
1049 1483 1246 1604 irruere,
1292 1524 1428 1625 quam
1471 1487 1656 1631 longio-

197 1627 256 1728 ris
302 1625 405 1728 belli
443 1624 660 1725 molestias
695 1663 739 1727 et
782 1627 1045 1728 calamitates
1081 1623 1269 1768 perferre
1304 1629 1467 1730 solent.
1510 1638 1655 1734 Acce-

195 1766 360 1869 debant
404 1769 539 1907 Regis
586 1768 822 1911 magnifica
865 1771 1038 1888 verba,
1077 1768 1257 1910 quibus¹
1280 1765 1422 1872 fuerat
1465 1812 1563 1874 usus
1603 1777 1653 1876 in

193 1911 344 2012 litteris
381 1913 438 2010 ad
473 1907 735 2008 Pontificem
771 1945 814 2008 er
850 1913 1097 2010 Cardinales
1133 1912 1299 2030 missis,
1328 1951 1379 2014 ut
1414 1954 1457 2013 se
1493 1917 1549 2015 de
1585 1917 1656 2039 iis,

195 2092 310 2194 quae
346 2051 430 2192 ipsi
465 2050 513 2149 in
550 2052 748 2190 oratione
781 2063 960 2152 Romae
995 2049 1144 2155 habita
1179 2053 1361 2152 Carolus
1399 2054 1656 2188 objecerat,

194 2231 401 2338 purgaret
413 2269 429 2313 ,
454 2192 636 2336 [quippe
673 2196 933 2335 respondens
968 2193 1008 2294 ei
1043 2198 1180 2308 loco,
1221 2235 1314 2335 quo
1355 2198 1539 2298 Carolus
1585 2199 1675 2301 arf--

195 2337 468 2456 firmaverat,
505 2335 542 2436 si
578 2341 866 2480 pugnandum
902 2373 1039 2458 esset,
1077 2337 1264 2439 libenter
1300 2379 1381 2458 sc,
1411 2376 1461 2439 ut
1497 2343 1655 2443 multi-

196 2481 339 2582 tudini
373 2517 640 2622 parceretur,
675 2479 880 2624 singulari
915 2481 1152 2583 certamine
1186 2519 1288 2581 curn
1322 2493 1447 2623 Rege
1477 2521 1674 2586 contt0-·
1718 2485 1724 2498 ’

196 2622 349 2725 versias
385 2623 709 2745 diremturum,
728 2640 859 2748 Rex,
879 2625 1136 2727 conditione
1172 2660 1389 2744 recusata,
1410 2665 1470 2760 se.
1488 2662 1656 2750 tamen,

197 2765 234 2866 si
268 2803 372 2866 curn
408 2763 596 2868 exercitu
637 2768 819 2870 Carolus
854 2766 1079 2888 affuisset,
1119 2766 1307 2868 minime
1341 2806 1537 2910 pugnam
1572 2773 1654 2872 de-

197 2945 480 3012 trectarurum
496 2985 512 3030 ‚
530 2911 620 3012 ‚sed
657 2911 839 3012 obviarn
875 2912 1021 3052 potius
1056 2912 1224 3013 iturum
1260 2911 1531 3012 ostenderat.

254 3064 333 3153 XI.
390 3053 482 3153 Sed
488 3063 578 3185 jarn
613 3066 708 3157 Rex
745 3090 916 3156 mutato
953 3054 1136 3156 consilio
1172 3091 1327 3154 cuncta
1356 3090 1525 3194 praeter
1561 3055 1655 3196 opi·

197 3195 380 3297 nionem
404 3233 531 3296 caute
554 3197 895 3337 cunctanterque
932 3237 1085 3340 agere,
1107 3234 1149 3298 et
1182 3196 1288 3297 locis
1325 3196 1506 3296 munitis
1542 3238 1654 3298 con-

197 3364 342 3438 ‘tentus
376 3334 642 3479 objectoque
668 3341 892 3443 Rhodano
925 3341 1090 3440 bellum
1116 3341 1281 3440 cunctis
1306 3336 1546 3438 rationibus
1574 3342 1654 3440 du-

198 3520 319 3589 ceres
341 3483 466 3621 quod
494 3483 859 3584 animadvertenti
883 3485 1046 3585 Carolo
1074 3523 1167 3626 spes
1186 3481 1250 3582 rei
1283 3479 1394 3581 bene
1420 3482 1652 3622 gerendae,

200 3661 336 3764 quarn
363 3625 410 3723 in
439 3625 606 3767 praelio
641 3625 832 3727 maxime
876 3661 920 3725 er
959 3625 1095 3767 Regis
1140 3624 1378 3726 temeritate
1419 3660 1654 3763 posuerat,

199 3766 419 3868 debilitari
448 3769 624 3910 coepit.
669 3769 907 3910 Augebant
943 3764 1231 3870 diffidentiam
1262 3766 1438 3883 nuntii,
1476 3767 1557 3906 qui
1598 3767 1654 3867 de

198 3907 327 4012 rebus
362 3909 516 4012 Italicis
551 3950 709 4052 parurn
744 3913 800 4011 ad
837 3913 969 4051 ipsius
994 3909 1268 4012 voluntatem
1301 3907 1565 4043 fluentibus,
1586 3910 1655 4010 de·

199 4091 288 4190 que
324 4050 521 4154 hostiurn
558 4057 745 4156 exercitu
775 4051 1102 4173 afferebantur,
1126 4051 1207 4192 qui
1243 4051 1451 4150 exercitus
1477 4093 1529 4151 ex
1555 4089 1654 4191 pet-

199 4194 394 4297 ditorum
414 4194 656 4298 ¹hominum
682 4199 991 4338 latronumque
1026 4193 1215 4296 colluvie
1250 4192 1461 4294 conflatus
1489 4192 1654 4294 indies

199 4338 477 4478 augescebat,
500 4341 751 4482 rapinisque
786 4378 829 4441 et
856 4336 1214 4484 populationibus
1250 4335 1474 4438 alebatur.
1511 4341 1655 4436 Acce-

127 4523 141 4542 *
200 4479 358 4600 debat,
385 4485 509 4621 quod
544 4485 748 4586 exercints
784 4494 873 4617 jam
905 4479 1169 4584 cibariorum
1208 4479 1359 4622 inopia
1388 4475 1655 4604 tentabatur,

200 4659 313 4760 quae
348 4625 531 4764 propius
565 4627 745 4770 appulsa
780 4629 906 4730 classe
939 4663 1068 4768 aegre
1105 4662 1148 4726 et
1185 4662 1349 4764 magno
1376 4620 1521 4724 misso·
1537 4661 1654 4781 prae·

204 4762 317 4864 sidio
353 4805 405 4868 ex
440 4765 625 4873 navibus
660 4768 952 4910 petebantur,
989 4771 1039 4870 in
1074 4768 1188 4908 agris
1218 4767 1339 4866 enim
1374 4800 1507 4910 atque
1531 4765 1657 4880 vicrs,

1054 4913 1122 5012 Lll
1142 4952 1167 5008 2
1580 4945 1658 5048 pa·
