4294 5984
571 487 652 546 122
960 469 1043 547 DE
1083 464 1284 543 REBUS
1332 459 1554 543 GESTIS

526 633 586 733 sic
623 624 898 747 collocavit,
942 661 993 724 ut
1034 659 1125 722 una
1169 657 1263 762 pars
1309 659 1360 718 ex
1401 619 1569 720 idoneo
1613 615 1716 718 loco
1759 623 1996 752 jaculando

528 775 721 878 obsessos
756 766 1055 911 frequentibus
1090 765 1187 866 telis
1223 758 1475 875 infestaret3
1510 764 1623 864 duae
1659 763 1851 870 diversae
1897 814 1995 876 ma·
2132 793 2133 870 l

531 921 567 1022 ri
604 917 838 1061 portuique
874 909 1210 1032 incumberent,
1249 909 1306 1008 ad
1353 905 1528 1010 hostiles
1570 947 1702 1010 naves
1745 949 1912 1051 portu,
1958 921 1994 1022 si

532 1061 922 1203 compellerentur,
959 1057 1189 1174 arcendas,
1235 1088 1311 1153 aut
1353 1054 1484 1153 etiam
1524 1053 1857 1194 deprimendas.
1898 1061 1992 1165 Ubi

533 1207 624 1307 dies
660 1205 721 1306 rei
756 1204 968 1346 gerendae
1003 1200 1240 1301 destinatus
1283 1195 1461 1317 illuxit,
1502 1195 1669 1298 Gallica
1705 1198 1846 1302 classis
1892 1243 1991 1308 ante
2133 1283 2134 1288 a

533 1386 714 1495 portum
750 1383 1010 1489 conspectas
1047 1343 1149 1448 huic
1186 1379 1359 1442 nostrae
1394 1379 1557 1462 naves,
1596 1340 1757 1482 quibus
1799 1384 1991 1488 praeerat
2133 1417 2134 1426 κ

535 1489 741 1596 Alfonsus
778 1491 1010 1594 Mercadus
1022 1568 1038 1611 ,
1075 1524 1349 1631 quamquam
1385 1523 1505 1586 erant
1539 1523 1723 1587 numero
1756 1486 1892 1632 longe
1925 1494 1991 1594 in·

534 1633 742 1758 seriores,
777 1636 834 1738 ad
868 1632 1014 1736 fauces
1049 1669 1201 1774 portus
1237 1631 1438 1731 adversae
1474 1631 1791 1753 constiterunt,
1828 1671 1991 1737 cetera-

536 1823 622 1924 que
648 1825 674 1884 a
701 1783 856 1885 nostris
893 1780 1073 1881 interim
1086 1855 1102 1899 ,
1136 1813 1187 1877 ut
1223 1775 1513 1878 constitutum
1537 1812 1628 1877 erat
1642 1853 1657 1896 ‚
1687 1779 1989 1919 expediuntur.

611 1931 795 2028 XXVII.
867 1935 1072 2025 Ceterum
1108 1920 1295 2022 Gallicae
1329 1960 1458 2022 naves
1494 1918 1607 2019 nibil
1648 1917 1716 2020 bis
1757 1918 1879 2023 rebus
1915 1927 1990 2024 de·
2134 1949 2135 2038 l

535 2069 740 2192 territae,
776 2110 880 2170 cum
917 2107 960 2168 se
995 2103 1136 2169 aestus
1172 2063 1348 2166 exalto
1384 2063 1675 2185 incitavisset‚
1712 2065 1819 2166 velis
1855 2069 1989 2208 expli-

537 2214 675 2335 catis,
711 2253 804 2314 non
840 2213 982 2314 alieno
1019 2247 1153 2314 vento
1177 2209 1223 2310 in
1251 2243 1427 2352 portum
1458 2207 1775 2451 impqllunturs
1808 2206 1885 2310 has
1914 2253 1990 2314 no·

537 2393 648 2458 strae
684 2358 903 2461 venientes
940 2357 1189 2499 excipiunt,
1228 2353 1485 2494 injectisque
1586 2349 1852 2495 rpagonibus
1895 2397 1991 2458 con·

536 2502 701 2603 strictas
737 2538 862 2603 tanto
905 2503 1074 2642 impetu
1118 2497 1314 2640 singulae
1355 2495 1542 2639 singulas
1586 2536 1843 2641 oppugnare
1885 2540 1992 2604 coe·
2135 2561 2136 2580 ι

536 2681 725 2787 petunt,
762 2680 812 2745 ut
852 2644 976 2744 brevi
1017 2683 1084 2744 eas
1126 2681 1277 2743 omnes
1319 2642 1367 2743 in
1409 2678 1671 2783 potestatem
1712 2643 1989 2786 redigerent,

535 2826 641 2888 nam
677 2787 870 2930 reliquae
905 2827 1036 2889 naves
1071 2785 1276 2908 hostiles,
1311 2784 1473 2929 quibus
1508 2827 1552 2888 se
1588 2785 1705 2888 nulla
1739 2824 1988 2890 nostratum

536 2929 786 3073 singulatim
820 2929 1067 3064 objecerat,
1104 2971 1193 3032 non
1227 2933 1276 3033 id
1311 2970 1434 3032 curae
1469 2925 1589 3052 fuit,
1618 2969 1669 3032 ut
1704 2931 1830 3033 sociis
1866 2933 1989 3034 navi-

538 3072 619 3176 bus
654 3073 953 3178 laborantibus
989 3075 1298 3198 subvenirent,
1321 3079 1395 3180 sed
1429 3111 1480 3176 ut
1514 3076 1562 3180 in
1598 3111 1778 3215 portum
1813 3077 1987 3178 interio-

537 3256 632 3320 rem
667 3257 807 3363 prope
841 3217 961 3321 urbis
1004 3222 1183 3325 moenia
1225 3261 1328 3322 cum
1369 3217 1721 3342 commeatibus,
1764 3255 1816 3321 ut
1850 3215 1987 3321 fuerat

536 3361 833 3505 imperatum,
869 3401 1171 3507 penetrarent3
1209 3407 1322 3510 quae
1357 3403 1507 3467 tamen
1550 3401 1863 3509 praetereuntes
1898 3406 1989 3467 non

535 3543 690 3646 parurn
725 3507 1005 3612 incommodi
1041 3551 1066 3610 a
1101 3513 1258 3613 nostris
1301 3509 1560 3631 tormentis,
1600 3544 1643 3612 et
1680 3509 1988 3646 jaculatoribus

536 3671 827 3792 acceperunts
860 3695 1004 3798 eoque
1030 3659 1300 3779 certamine,
1330 3695 1374 3758 et
1405 3691 1651 3757 nostratum
1683 3655 1866 3757 navium
1891 3693 1986 3756 con·

535 3830 681 3933 gressu
715 3799 947 3900 retardatae
989 3802 1195 3902 nondum
1238 3802 1374 3902 muris
1417 3835 1734 3920 successerant,
1780 3839 1885 3899 cum
1929 3841 1988 3900 ae-
2098 3917 2104 3934 .

536 3969 605 4034 stu
659 3938 882 4042 minuente
934 3945 1055 4045 vadis
1110 3941 1426 4050 subsederunt.
1485 3956 1587 4044 Hoc
1642 3944 1987 4045 animadvertens

534 4077 755 4182 Beltranus
810 4087 1042 4210 delectos,
1091 4089 1378 4230 praemioque
1424 4089 1641 4196 ¹adductos
1696 4130 1749 4188 ex
1803 4087 1985 4187 nauticis

532 4217 788 4328 bominibus
829 4233 1047 4371 quosdam
1088 4234 1233 4375 prima
1276 4234 1428 4377 vigilia
1471 4231 1641 4370 cymbis
1684 4227 1852 4333 duabus
1894 4230 1982 4331 mit-

531 4363 607 4485 tit,
643 4410 667 4468 a
704 4373 865 4512 quibus
900 4377 1062 4510 injecto
1096 4379 1234 4520 igne,
1270 4419 1401 4482 naves
1437 4416 1623 4494 omnes,
1659 4416 1770 4518 quae
1816 4373 1980 4475 duode-
2135 4445 2137 4510 l

529 4508 652 4632 cim,
687 4552 765 4613 aut
798 4520 1007 4618 tredecim
1042 4561 1229 4622 numero
1265 4561 1417 4644 erant,
1454 4521 1796 4662 conflagrarunt,
1831 4512 1980 4617 simul·

530 4690 616 4793 que
651 4659 854 4760 mortales
889 4701 1044 4763 omnes
1079 4664 1328 4805 perierunt,
1351 4666 1403 4765 iis
1440 4665 1655 4810 exceptis,
1684 4665 1765 4807 qui
1801 4663 1860 4762 ad
1893 4695 1982 4760 ter-

529 4833 657 4919 ram,
694 4845 781 4944 qua
816 4808 1072 4949 proximum
1109 4809 1269 4952 cuique
1305 4805 1418 4932 fitit,
1457 4847 1713 4910 enatarunt.

595 4956 803 5073 XXVIII,
874 4962 975 5054 Hoc
1020 4955 1179 5056 nuntio
1224 4957 1463 5058 Franciscus
1506 4966 1602 5058 Rex
1642 4954 1808 5058 Galliae
1849 4947 1988 5054 vehe-

1857 5131 1986 5198 mett-
