4294 5972
539 450 544 464 ,
588 402 826 486 ennom
875 404 929 486 V·
972 401 1086 482 ΠΒ.
1127 405 1178 484 X.
1499 408 1585 498 3²3
1682 407 1685 414 ’

174 561 397 665 Femando
432 573 559 703 Rege
594 599 701 660 cum
735 559 953 701 praesidio
991 558 1172 658 missum
1207 597 1326 679 esse,
1366 558 1447 703 qui
1477 566 1626 706 ,oppi-

172 709 279 810 dum
322 706 430 820 illud
470 741 692 822 tueretur,
732 705 1029 846 eumdemque
1065 702 1253 820 statuisse
1290 701 1374 805 sibi
1410 746 1500 822 non
1538 749 1624 813 esse

171 852 257 954 ulla
307 850 476 952 tatione
512 890 538 950 a
574 848 662 950 fide
697 885 741 948 et
782 842 935 949 officio
982 848 1329 967 discedendum,
1365 889 1446 951 nec
1488 892 1629 992 porro,

170 1035 259 1096 esse
294 993 625 1100 Pannoniorum
667 993 992 1096 consuetudinis
1030 993 1148 1134 prius
1190 993 1464 1094 deditionem
1503 993 1625 1098 face*

136 1144 139 1154 ⁴
170 1177 247 1257 re,
285 1178 423 1280 quam
459 1135 563 1240 belli
596 1136 820 1242 fortunam
856 1138 1185 1279 experirentur,
1221 1173 1445 1278 essentque
1472 1137 1520 1250 in
1546 1175 1623 1240 an·

170 1281 340 1424 gustias¹
368 1281 661 1423 iniquissimas
696 1282 989 1422 omniumque
1012 1321 1159 1384 rerum
1185 1281 1530 1423 desperationem
1557 1323 1623 1384 re·

172 1424 319 1536 dacti3
345 1425 440 1527 'sibi
475 1463 622 1526 autem
656 1464 779 1567 spem
815 1465 901 1525 esse
939 1427 995 1524 ad
1031 1426 1248 1567 oppidum
1295 1421 1622 1544 defendendum

170 1607 251 1670 nec
288 1608 424 1709 opem
462 1568 684 1690 divinam,
712 1609 790 1670 nec
826 1566 1021 1672 militum
1057 1570 1265 1672 virtutem
1300 1564 1581 1672 defuturam.

242 1723 367 1816 XIX.
442 1721 549 1814 Hoc
583 1754 788 1856 responso
824 1750 1006 1855 accepto
1031 1710 1326 1834 Abrahamus,
1352 1714 1432 1856 qui
1456 1750 1622 1854 praeter

169 1855 394 1990 Solymani
428 1895 638 1997 suamque
675 1858 954 1998 dignitatem>
978 1899 1101 1976 esse,
1135 1857 1365 1997 minuique
1402 1895 1621 1976 tantarum

169 1999 399 2138 copiarum
452 1995 616 2102 famam
659 2001 911 2119 statuebat,
952 1997 1100 2138 siquid
1145 2001 1356 2140 singulare
1399 2002 1621 2140 oppidum

171 2141 254 2260 eis,
276 2179 562 2280 quocumque
598 2141 928 2259 incubuissent,
953 2143 1126 2241 auderet
1158 2176 1232 2241 aut
1257 2177 1412 2280 posset
1445 2145 1619 2247 obsiste·

167 2321 247 2401 re,
279 2284 534 2385 Guinzium‘
562 2282 689 2412 jubet
724 2285 852 2402 omni
878 2285 1050 2426 impetu
1086 2283 1340 2423 cunctisque
1375 2284 1618 2386 rationibus

168 2427 454 2568 oppugnari,
489 2428 853 2569 gravioribusque
880 2426 1107 2540 tormentis
1133 2427 1187 2525 ad
1214 2463 1392 2528 murum
1420 2429 1620 2568 quatien-

166 2569 280 2684 dum
314 2609 408 2684 non
443 2570 773 2711 suppetentibus
809 2566 1018 2707 (fuerant
1052 2569 1195 2690 enim,
1224 2604 1273 2669 ut
1307 2606 1431 2709 supra
1466 2607 1616 2697 osten-

167 2711 344 2833 dimus,
380 2713 436 2813 ad
470 2713 730 2828 Danubium
763 2712 955 2852 relicta)
991 2713 1154 2856 placuit
1192 2750 1319 2856 agere
1361 2711 1616 2836 cuniculos,

170 2894 260 2996 qua
295 2853 458 2972 milites,
489 2857 669 2974 latenter
703 2856 889 2999 ,ingressi
931 2857 1151 2999 oppidum
1204 2871 1506 2997 occuparent,
1542 2894 1617 2959 aut

169 2995 369 3132 subjecto
395 3001 685 3116 tormentatio
707 3003 885 3143 pulvere
901 3039 1092 3125 ‚murum
1120 3000 1433 3100 demolirentur
1464 3037 1507 3100 et
1532 3002 1643 3102 adia

168 3175 269 3242 tum
304 3143 540 3285 aperirent.
579 3146 658 3247 Sed
692 3144 779 3246 hoc
814 3144 962 3246 multis
999 3141 1191 3286 partibus
1226 3143 1398 3284 ingenti
1433 3144 1615 3265 studio,

167 3279 537 3428 festinationeque
573 3283 800 3391 fabrorum
837 3324 1037 3408 tentato,
1069 3325 1281 3430 magnum
1308 3295 1457 3387 tamen
1491 3285 1616 3388 labo-

166 3463 262 3528 tem
298 3429 529 3573 ingenium
564 3430 652 3530 loci
684 3428 997 3550 frustrabatur,
1033 3471 1147 3571 aqua
1181 3430 1437 3532 succedente
1462 3431 1614 3531 unde-

167 3608 372 3710 cumque
401 3607 514 3674 terra
548 3573 682 3714 paulo
729 3575 854 3674 altius
889 3571 1037 3676 luisset
1080 3610 1254 3717 egesta.
1306 3579 1405 3674 Hac¹
1448 3574 1521 3675 via
1566 3581 1645 3674 re¹

166 3749 262 3814 non
298 3720 551 3824 succedente
586 3717 757 3838 altiores
793 3718 926 3819 muris
968 3757 1144 3862 aggeres
1180 3718 1462 3834 excitantur,
1497 3717 1613 3815 unde

166 3855 446 3998 scloppetarii
480 3856 828 4002 frequentissima
869 3862 953 3992 tela
988 3857 1035 3964 in
1076 3895 1243 3962 nostros
1289 3857 1611 3987 jaculabantur,

165 3999 420 4141 multosque
475 4005 779 4106 vulnerarunt.
835 4013 1055 4106 Praeterea
1106 4000 1342 4128 collocatis·
1383 4002 1612 4140 tormentis

162 4169 523 4287 ¹quantacumque
553 4146 840 4286 suppetebant
865 4151 1026 4283 (erant
1052 4145 1170 4245 enim
1197 4145 1414 4285 quaedam
1443 4145 1612 4246 medio·

165 4286 294 4423 cria)
331 4310 480 4392 murus
514 4291 760 4393 concutitur
796 4325 839 4392 et
875 4290 1097 4433 oppidum
1123 4289 1268 4392 modis
1302 4285 1510 4390 omnibus
1537 4326 1612 4430 op·

162 4465 411 4571 pugnatur.
1062 4463 1068 4489 ¹
1419 4549 1424 4560 ,

235 4583 345 4676 XX.
420 4571 597 4680 Interim
634 4573 849 4721 oppidani
883 4572 996 4680 nihil
1030 4572 1114 4679 sibi
1147 4575 1367 4719 reliquum
1403 4576 1461 4675 ad
1496 4613 1614 4678 sum-

165 4745 286 4821 mam
321 4717 599 4861 diligentiam
633 4717 817 4846 facere,
850 4761 1028 4830 murum
1062 4759 1342 4864 quacumque
1382 4753 1504 4861 parte
1538 4717 1613 4958 pin-
1737 4743 1741 4753 '

1135 4875 1221 4967 Ssa
1570 4895 1614 4958 r-
