4292 5984
574 472 630 584 56.
949 490 1032 570 DE
1080 489 1286 570 REBUS
1334 484 1554 570 GESTIS

596 657 783 751 XVIH.·
828 643 894 748 Illi
943 685 986 746 se
1020 645 1232 785 imperata
1267 637 1459 744 facturos
1505 639 1822 761 ostenderunt,
1858 680 1991 789 atque

524 793 672 937 palam
710 786 1034 934 profectionem
1070 787 1417 931 comparabants
1453 822 1600 890 tamen
1635 786 1736 889 irati
1772 785 1854 890 sibi
1897 803 1990 896 Re-

524 939 593 1080 gis
638 971 924 1078 conspectum
972 969 1245 1054 metuentes,
1288 932 1506 1075 simnlque
1550 968 1782 1051 verentes,
1826 975 1878 1036 ne
1912 937 1988 1038 in-

390 1139 394 1146 ·
522 1117 683 1224 coepta
719 1076 969 1181 auctoribus
1006 1076 1164 1181 orbata
1199 1114 1413 1196 ruerent,
1449 1075 1626 1216 plebem
1661 1114 1740 1215 per
1775 1117 1985 1220 cognatos

524 1258 568 1326 et
600 1263 765 1324 amicos
798 1222 1031 1324 sollicitant
1061 1257 1104 1321 et
1135 1221 1245 1363 quid
1281 1217 1376 1320 fieri
1411 1219 1547 1321 velint
1582 1220 1852 1330 ostendunt3
1889 1261 1987 1327 tum
2134 1301 2135 1332 ,

522 1369 662 1469 veluti
696 1365 1077 1507 Composrellam,
1114 1406 1207 1507 quo
1242 1375 1335 1498 jam
1371 1375 1468 1467 Rex
1503 1404 1666 1506 paucos
1701 1363 1792 1464 dies
1822 1367 1986 1468 Valdo

523 1511 592 1611 liti
634 1530 829 1613 moratus
873 1545 1160 1655 pervenerat,
1206 1509 1441 1651 perrecturi
1488 1507 1856 1649 proficiscuntur.
1907 1516 1986 1614 Sed

525 1657 731 1758 nondum
767 1691 889 1756 erant
924 1653 982 1758 ab
1018 1653 1125 1757 urbe
1162 1652 1374 1796 digressi,
1407 1690 1514 1752 cum
1549 1652 1778 1795 populares
1814 1656 1986 1797 agmine
2134 1700 2135 1718 ψ

524 1793 642 1901 facto
680 1835 978 1941 procurrunt,
1014 1834 1057 1898 et
1093 1799 1209 1938 ipsos,
1251 1839 1303 1898 ex
1345 1797 1599 1938 composito
1643 1832 1857 1940 tanquam
1900 1840 1985 1900 no-
2134 1835 2135 1860 ¹

524 1941 657 2044 lentes
692 1980 737 2044 et
772 1943 1006 2045 renitentes
1041 1943 1253 2042 reducunt
1290 1977 1333 2042 et
1369 1943 1418 2041 in
1461 1944 1616 2042 aedem
1651 1981 1868 2042 sacrarum
1902 1984 1987 2044 tna·

525 2087 724 2208 ximam,
762 2128 854 2229 quo
886 2125 1047 2228 magna
1072 2083 1240 2187 civium
1270 2084 1511 2186 multitudo
1539 2122 1836 2207 convenerat,
1865 2126 1987 2189 com*

522 2231 723 2370 pellunt,
761 2230 997 2372 indignum
1033 2267 1166 2370 atque
1202 2232 1314 2330 adeo
1351 2224 1470 2328 nefas
1507 2270 1594 2330 esse
1629 2231 1886 2352 clamantes,
1922 2233 1986 2333 vi-

523 2410 594 2476 ros
639 2375 835 2514 optimos
877 2409 920 2474 er
963 2372 1257 2478 nobilissimos
1302 2374 1363 2474 ob
1409 2409 1554 2475 sancte
1604 2374 1765 2517 pieque
1815 2413 1984 2518 gestam
2134 2489 2135 2526 ὠ

522 2551 616 2620 rem
654 2516 877 2656 publicam
922 2517 978 2614 ad
1024 2517 1288 2657 supplicium
1323 2553 1533 2617 evocatos
1569 2517 1685 2619 abire
1719 2519 1836 2661 pati.
1874 2532 1985 2642 Quo
2134 2597 2135 2610 ,

522 2695 701 2760 rumore
738 2699 789 2758 ac
825 2655 1010 2759 vocibus
1044 2660 1241 2759 celeriter
1277 2659 1842 2826 urbempervagantibus,
1887 2699 1987 2766 tan-
2134 2679 2135 2700 ³

521 2837 595 2916 tus
624 2795 708 2900 firit
735 2801 986 2903 animorum
1014 2842 1243 2908 consensus
1272 2803 1511 2925 libertatis,
1548 2843 1599 2907 ut
1634 2846 1717 2949 rpsr
1746 2805 1984 2942 jactabant,

526 2943 846 3066 vindicandae,
889 2982 941 3046 ut
976 2949 1105 3087 pauci
1146 2949 1364 3088 quidam,
1411 2947 1572 3090 quibus
1617 2949 1690 3052 hic
1735 2946 1860 3053 firror
1900 2992 1985 3054 esse

525 3083 783 3209 videbatur,
820 3089 978 3190 timore
1025 3092 1237 3231 perterriti
1274 3135 1317 3194 se
1350 3095 1398 3196 in
1430 3094 1618 3193 domum
1646 3094 1834 3236 quisque
1866 3133 1984 3198 suam

527 3226 774 3351 abderent,
811 3230 881 3332 vel
922 3234 978 3332 ad
1027 3272 1168 3334 arcem
1218 3246 1396 3375 ejusque
1442 3231 1713 3338 Praefectum
1758 3247 1983 3377 Joannem

526 3371 738 3476 Riberam
772 3369 1084 3518 confirgerent.
1133 3386 1255 3478 Nam
1285 3380 1526 3480 Fernandus
1564 3381 1677 3481 Silva
1719 3375 1851 3483 frater
1894 3421 1984 3483 ram

526 3519 770 3620 multorum
805 3522 1151 3626 consentientem
1186 3516 1381 3625 furorem
1416 3559 1546 3666 atque
1589 3523 1878 3667 superbiam,
1916 3526 1987 3628 cui

527 3655 682 3766 obsisti
712 3705 737 3764 a
766 3664 913 3806 paucis
939 3666 1171 3807 nequiret,
1208 3708 1250 3770 se
1280 3663 1391 3770 ferre
1428 3708 1521 3770 non
1550 3709 1674 3810 posse
1707 3672 1985 3813 praedicans,
2134 3723 2135 3728 Ν

527 3801 636 3908 urbe
670 3808 814 3908 multo
849 3847 949 3910 ante
986 3811 1259 3931 discesserat,
1296 3848 1340 3912 et
1375 3812 1431 3910 ad
1457 3813 1592 3952 Regis
1629 3823 1836 3915 anrmum'
1867 3855 1982 3915 com-

526 3952 822 4055 memorandis
883 3955 1220 4098 rndrgnrtatrbus
1285 3955 1610 4058 incendendum
1638 4043 1641 4056 .
1667 3961 1984 4060 contenderat.

523 4092 724 4224 lJoannes
760 4097 866 4200 item
901 4099 1100 4220 Ribera,
1137 4099 1217 4242 qui
1253 4101 1394 4240 plures
1438 4101 1679 4220 mortales,
1714 4141 1863 4245 quam
1906 4141 1984 4244 pro

524 4236 693 4342 ratione
718 4237 1010 4366 cibariorum,
1048 4285 1160 4387 quae
1187 4245 1461 4387 negligenter
1495 4246 1544 4346 in
1572 4243 1706 4388 longa
1737 4288 1845 4390 pace
1877 4287 1982 4389 pro-

524 4377 617 4480 uisa
651 4379 848 4504 fuerant,
885 4383 934 4486 in
967 4426 1110 4488 arcem
1146 4427 1387 4531 receperat,
1423 4430 1521 4492 suae
1558 4403 1893 4533 amrconrmq'ue
1926 4429 1984 4488 sa·
2134 4477 2135 4530 ,

522 4519 608 4625 luti
645 4527 961 4632 consulendum
1007 4532 1209 4671 putavit;
1245 4535 1305 4636 ita
1339 4573 1444 4635 cum
1480 4535 1619 4672 portis
1658 4535 1867 4636 omnibus
1907 4573 1983 4634 ur-
2134 4555 2135 4604 ?

524 4661 593 4768 bis
629 4704 672 4774 et
706 4668 899 4776 alluentis
933 4675 1051 4818 Tagi
1087 4711 1274 4818 utroque
1310 4710 1446 4816 ponte
1485 4717 1560 4820 per
1595 4680 1825 4821 populares
1863 4718 1987 4780 occu·

524 4813 669 4950 paris,
706 4852 838 4960 atque
873 4817 1087 4944 obsessis,
1131 4863 1175 4926 se
1219 4820 1541 4930 commeatibus
1585 4823 1870 4930 interclusum
1914 4822 1983 4924 vi-

1904 4967 1987 5070 de-
