4292 5984
534 407 660 482 XXIV.
996 404 1505 484 SUMMARIUM.

511 530 694 652 singulare
716 551 904 616 certamen
919 547 1103 642 provocat
1119 526 1216 608 .Re·
1276 523 1315 610 lis
1346 529 1568 616 tentandam
1596 525 1841 618 cohortatur.

512 651 567 769 gis
592 651 630 734 in
656 648 694 734 id
723 657 989 766 argaunenrur‘n
1005 642 1185 760 epistola.
1340 649 1400 731 III.
1461 649 1536 732 Hic
1572 649 1744 736 simulans
1791 679 1829 734 se
1875 647 1986 734 Meli-

572 771 717 853 XXIX.
775 764 974 851 Gallorum
993 766 1073 848 Rex
1101 759 1216 846 fidem
1274 791 1443 879 gnanum
1490 765 1699 882 proficisci,
1720 791 1982 884 strategemate

511 887 697 1004 publicam
718 884 809 1000 petit
839 884 1086 998 impetratque
1099 881 1148 966 ad
1161 911 1217 964 su·
1275 910 1361 967 usus
1376 886 1581 970 Cassanum
1605 886 1802 1002 pervenit,
1832 885 1897 970 ubi
1911 887 1983 971 ho·

511 1006 672 1123 periotes
699 1002 835 1088 litteras
860 1000 1009 1085 Caesari
1044 1026 1110 1113 per
1154 1027 1214 1081 ca·
1275 1024 1347 1086 stes
1376 1001 1541 1092 invadit.

512 1125 753 1212 duceatorem
770 1119 989 1204 mittendas.
1021 1115 1215 1202 Caducea-
1335 1121 1404 1204 IV.
1469 1120 1677 1206 Caesariani
1722 1121 1761 1206 in
1803 1120 1982 1237 praedam

510 1242 600 1329 toris
623 1242 674 1327 ad
699 1237 882 1325 Carolum
905 1234 1027 1322 oratio
1054 1295 1067 1341 ,
1100 1259 1214 1351 atque
1276 1263 1492 1324 vertuntur.
1525 1240 1713 1326 Antonius
1732 1266 1887 1355 accepto
1903 1239 1983 1326 vul·

513 1361 627 1475 hujus
644 1357 857 1475 responsio.
1274 1382 1363 1450 nere
1378 1357 1428 1442 ad
1457 1363 1670 1442 Germanos
1685 1388 1723 1443 se
1747 1358 1901 1473 recipit,
1917 1387 1980 1442 eo

581 1481 710 1563 XXX.
782 1472 910 1560 Caroli
950 1471 1118 1558 Caesaris
1164 1471 1214 1557 ad
1274 1501 1359 1559 rum
1405 1475 1617 1590 cupidinem
1655 1477 1834 1593 castigat,
1866 1481 1981 1590 atque

509 1596 741 1682 Franciscum
769 1593 967 1679 Gallorum
999 1592 1151 1706 Regem
1180 1617 1215 1674 e·
1274 1593 1496 1678 eorumdem
1553 1593 1697 1679 animos
1761 1591 1978 1679 confirmat.

509 1713 663 1829 pistola,
678 1744 757 1830 qua
787 1711 914 1797 locum
942 1707 1114 1824 singulari
1137 1735 1214 1792 cer·
1273 1710 1482 1795 Caesariani
1510 1735 1619 1798 tanto
1648 1712 1790 1827 impetu
1811 1739 1979 1828 pugnarn

508 1832 638 1918 tamiri
665 1832 860 1947 designat,
886 1825 996 1913 etad
1025 1820 1130 1909 falsas
1160 1825 1213 1940 ip
1272 1829 1562 1948 redintegrant,
1604 1853 1649 1915 ut
1690 1831 1829 1942 majore
1862 1853 1980 2032 parte

508 1951 580 2036 sius
604 1946 875 2060 criminationes
899 1943 1122 2058 respondet.
1270 1947 1417 2032 concisa
1452 1949 1625 2062 perpauci
1659 1947 1845 2064 periculo·
1878 1975 1979 2064 ugae

569 2069 715 2152 XXXI.
773 2065 863 2176 Ejus
891 2060 1144 2148 caduceatoris
1162 2060 1213 2148 ad
1274 2091 1352 2148 sese
1380 2065 1554 2180 eripiant.

505 2185 693 2272 Lutetiam
747 2183 960 2269 adventus.
1003 2179 1212 2264 Franciscus
1328 2184 1379 2267 V.
1427 2184 1545 2295 Ieiva
1573 2183 1838 2270 Mediolanum
1860 2182 1981 2270 rever·

503 2306 586 2390 Rex
642 2300 803 2418 plurimis
848 2299 932 2387 viris
988 2296 1210 2413 principibus
1268 2296 1382 2384 titur.
1429 2301 1567 2410 Veneti
1611 2298 1861 2418 Sfortianique
1900 2300 1978 2413 ejus

484 2419 719 2507 convocatis
741 2418 859 2504 multa
888 2418 936 2502 de
967 2415 1131 2499 Caesaris
1155 2416 1210 2500 in·
1267 2438 1526 2536 strategemate
1577 2419 1712 2504 delusi.
1773 2426 1977 2505 Iautrems

505 2538 632 2652 iuriis,
664 2539 789 2652 deque
815 2535 892 2647 ejus
921 2531 1090 2645 superbia
1117 2528 1211 2620 falso
1266 2533 1529 2621 Alexandriam
1581 2538 1737 2652 recipit,
1766 2543 1975 2652 Astamque

503 2677 793 2741 commemorat.
1266 2681 1478 2771 progressus
1509 2654 1670 2740 multum
1707 2657 1783 2770 spei
1817 2681 1858 2742 et
1905 2653 1979 2741 ani·

578 2775 737 2856 XXXII.
810 2768 1110 2855 Caduceatorem
1157 2770 1211 2855 in-
1264 2799 1416 2858 morum
1441 2773 1652 2860 Foederatis
1679 2773 1809 2859 addit.

505 2889 654 2976 troduci
682 2888 819 3000 jussum
845 2883 1050 2971 furentibus
1089 2889 1211 2974 verbis
1312 2891 1378 2975 VI.
1428 2897 1567 2976 Genua
1597 2921 1621 2976 a
1649 2890 1766 2976 Gallis
1787 2893 1860 3007 'per
1878 2891 1978 2974 Cae·

504 3005 747 3120 interpellat,
790 3029 829 3090 et
868 3033 939 3089 nec
967 3004 1122 3108 audita,
1141 3033 1211 3093 nec
1264 3035 1383 3094 sarem
1411 3013 1614 3126 Fregosum
1638 3009 1836 3122 recipitur,
1853 3008 1980 3093 Doria
2135 3083 2136 3088 Ν

484 3148 657 3242 accepta
672 3122 825 3242 epistola
840 3121 937 3208 male
956 3121 1121 3210 dimittit.
1264 3122 1345 3236 ejus
1380 3152 1534 3240 pornun
1580 3126 1796 3214 obsidente.
1842 3129 1979 3210 Petrus

1264 3244 1459 3329 Navarrus
1487 3273 1611 3330 arcem
1648 3273 1805 3364 quoque
1830 3243 1974 3358 recipit,
2135 3296 2136 3318 ι

543 3325 548 3337 ⁸
728 3371 829 3462 ΠΒ,
868 3367 980 3462 VIII,
1264 3381 1304 3443 et
1335 3384 1422 3447 tora
1452 3391 1569 3479 paene
1596 3361 1744 3566 Ligtppia
1778 3363 1818 3448 in
1838 3361 1971 3448 Gallo

556 3605 586 3687 l.
636 3547 864 3688 ANtonius
890 3598 1027 3705 Ieiva,
1044 3601 1210 3713 quicum
1263 3503 1679 3684 fflmvfigtesltaalffi
1707 3503 1836 3682 gclunii
1854 3595 1979 3684 Gallis

508 3717 691 3837 praesidio
729 3717 992 3805 Mediolanum
1036 3719 1210 3824 obtinet,
1264 3711 1436 3801 militibus
1472 3716 1625 3832 Papiam
1653 3714 1797 3802 invadit
1813 3777 1825 3823 ,
1841 3714 1980 3832 diripit·

509 3867 534 3923 a
571 3837 761 3924 Francisco
804 3832 937 3922 Sfonia
982 3835 1212 3970 yenetnque
1264 3861 1369 3945 que,
1390 3833 1535 3922 anullo
1565 3831 1746 3921 maleficio
1767 3858 1808 3921 et
1837 3833 1978 3922 scelere

509 3953 1213 4179 pppugonplttrp‚.Afitepplapop¹rppnendp
1269 3975 1674 4185 tettgglessratu·Ejmdem
1723 4071 1826 4158 ducis
1882 4097 1978 4192 cum

511 4191 667 4309 ripiunt.
890 4293 893 4298 Ι
1125 4207 1128 4212 ·
1264 4187 1479 4275 Mantuano
1495 4212 1534 4274 et
1563 4188 1776 4276 Ferrariensi
1799 4189 1976 4306 Principi-

559 4315 606 4394 ΙΙ.
650 4304 785 4394 Sfortia
811 4331 851 4394 et
881 4305 1017 4393 Veneti
1047 4306 1097 4393 ad
1128 4309 1213 4395 Me·
1265 4303 1335 4390 bus
1349 4300 1482 4392 foedus
1496 4330 1612 4421 atque
1626 4307 1665 4392 in
1680 4312 1857 4426 Regnum
1873 4313 1975 4392 Nea·

510 4423 703 4543 ligmmn
730 4423 843 4540 copiis
866 4425 982 4510 auctis
1000 4425 1212 4530 considunt,
1266 4423 1476 4536 politanum
1511 4453 1599 4510 cum
1645 4425 1806 4512 exercitu
1835 4425 1975 4514 adven·

511 4543 675 4658 Jacobus
705 4543 872 4630 Medices
904 4542 954 4627 ad
982 4547 1212 4627 Cassanum.
1267 4562 1351 4626 tus.

511 4661 700 4752 Antonius
740 4665 952 4746 Germanos
979 4659 1030 4746 ad
1069 4659 1214 4774 expedi-
1329 4659 1401 4745 IX.
1447 4657 1664 4748 Phillserms
1689 4665 1855 4749 Uraniae
1871 4663 1976 4750 Prin«

512 4782 656 4869 tionem
675 4809 763 4866 cum
792 4778 966 4895 Hispanis
999 4801 1114 4896 atque
1143 4781 1215 4865 Ita·
1266 4801 1352 4894 ceps
1382 4779 1507 4870 Roma
1547 4779 1736 4869 discedens
1765 4781 1891 4901 copias
1926 4809 1974 4988 gp
