4294 5972
583 413 827 541 cnuoti
868 454 923 538 v.
958 454 1079 538 rm.
1124 460 1218 538 xn.
1521 458 1607 552 ars
1745 523 1748 530 ,

193 621 279 724 suis
323 612 573 723 renuntiare
614 611 740 752 jubet
782 615 994 718 Carolum
1035 611 1083 713 in
1126 651 1223 715 eam
1272 609 1505 755 regionem
1549 653 1653 720 cum

191 766 382 867 exercitu
420 763 673 896 trajecisse,
705 800 797 863 non
841 761 966 901 quod
1014 756 1211 899 imperiis
1252 757 1381 858 novis
1427 762 1651 883 studeret,

194 945 272 1011 aut
309 901 508 1008 Africam
544 903 661 1006 bello
699 905 827 1005 vellet
862 901 1092 1021 insectari,
1131 900 1379 1042 praesertim
1416 909 1651 1027 Tunetem,

194 1060 316 1184 cujus
350 1063 523 1193 Regem
559 1059 795 1150 Hazenum
832 1047 878 1147 in
914 1085 1040 1148 suam
1074 1041 1208 1145 fidem
1235 1081 1277 1145 et
1309 1043 1553 1147 clientelam
1586 1088 1651 1148 re-

194 1195 408 1336 cepisset,
446 1196 605 1294 sedut
646 1191 946 1292 Charadinum
984 1223 1221 1324 tyrannum
1256 1225 1301 1290 et
1339 1187 1527 1328 piratam
1556 1231 1652 1332 per·

195 1338 574 1457 niciosissimum,
609 1375 703 1436 non
747 1333 1100 1436 Christianorum
1144 1334 1318 1451 modu,
1367 1334 1441 1432 sed
1482 1336 1652 1476 generis

195 1480 380 1582 humani
416 1511 705 1582 communem
742 1476 914 1579 bostem
951 1474 1254 1617 opprimeret,
1301 1511 1345 1576 et
1388 1479 1650 1620 gravissimo

195 1628 416 1766 praedone
450 1623 623 1726 sublato
668 1661 786 1760 mate
827 1621 1051 1722 internum
1098 1661 1150 1720 ex
1191 1613 1474 1720 infestissimo
1521 1624 1650 1764 quie·
1690 1651 1692 1656 '

196 1802 295 1870 tum
330 1770 557 1886 redderet,
594 1801 838 1908 omnesque
874 1764 1040 1866 accolas
1078 1763 1282 1864 mortales
1324 1805 1350 1864 a
1383 1801 1550 1908 magno
1593 1767 1653 1866 ti...

196 1947 319 2011 more
355 1947 398 2011 et
438 1910 735 2011 incommodis
781 1909 1006 2011 liberaret.
1056 1914 1180 2008 Nam
1223 1904 1328 2007 sibi·
1350 1946 1453 2009 cum
1496 1909 1653 2010 Poenis

197 2093 293 2153 non
329 2093 415 2153 esse
451 2050 646 2171 bellum,
684 2050 819 2152 fidem
856 2089 943 2150 esse
980 2047 1135 2149 debere
1151 2126 1167 2169 ,
1217 2052 1343 2190 quod
1380 2051 1656 2196 quicumque

198 2197 396 2338 ipsorum
431 2195 585 2295 a-suis
625 2189 807 2294 fuissent
843 2191 960 2334 capti
977 2267 992 2310 ,
1035 2188 1117 2291 hos
1161 2192 1365 2332 protinus
1401 2193 1493 2335 ipse
1542 2196 1657 2297 libe-

199 2374 358 2460 rasset,
401 2374 445 2439 et
480 2337 721 2438 incolumes
765 2336 886 2437 abire
925 2333 1217 2476 permisisset.
1268 2338 1407 2456 Quod
1451 2376 1558 2438 vero
1598 2341 1654 2441 ad

199 2491 371 2626 Regem
411 2482 678 2625 pertineret,
716 2480 752 2581 si
788 2480 862 2580 ille
897 2517 1021 2579 suam
1058 2475 1195 2578 fidem
1230 2485 1294 2578 et'
1310 2479 1550 2582 amicitiam
1589 2521 1657 2582 se-

201 2663 437 2766 queretur,
473 2661 522 2726 ut
557 2624 774 2768 legatione
810 2622 938 2724 missa
972 2663 1016 2722 se
1051 2617 1277 2726 facturum
1295 2626 1588 2762 ostendisset,
1614 2663 1659 2725 se

201 2805 400 2906 prosus
442 2768 754 2870 consuetudine
790 2768 1039 2870 commodis
1082 2776 1174 2897 ejus
1210 2806 1260 2866 ac
1297 2765 1502 2910 dignitati
1544 2808 1657 2872 con·

200 2909 450 3020 sulturum3
489 2912 555 3010 sin
592 2911 716 3012 aliter
752 2903 1006 3030 statuisset,
1041 2912 1308 3052 quicumque
1351 2907 1657 3012 Charadinum

199 3049 445 3155 fovendum
483 3091 734 3196 putassent,
769 3056 1004 3196 ipsumque
1034 3053 1230 3154 volentes
1258 3052 1554 3190 adjuvissent,
1583 3094 1657 3156 eos

203 3234 361 3298 omnes
396 3197 497 3296 loco
532 3237 576 3296 se
611 3195 808 3298 bostium
845 3196 1126 3299 habiturum.

274 3350 333 3441 V.
407 3338 567 3439 Tertio
611 3377 711 3478 post
757 3341 830 3442 die
875 3341 1059 3440 vixdum
1103 3376 1219 3441 certa
1266 3341 1362 3442 luce
1415 3339 1558 3444 hostes
1604 3383 1658 3443 ex

203 3481 362 3582 Goleta
404 3481 564 3583 iterum
608 3483 838 3623 eruptione
879 3478 991 3583 facta
1033 3483 1193 3584 milites
1246 3487 1465 3624 Hispanos
1508 3483 1657 3584 conti·

203 3625 324 3726 nenti
359 3625 510 3726 labore
545 3660 764 3726 nocturno
798 3625 854 3725 ad
890 3624 1058 3728 vallum
1092 3628 1277 3728 alterurn
1308 3622 1493 3728 defessos
1522 3663 1564 3726 et
1595 3665 1658 3728 se-

202 3804 329 3868 curos
370 3766 603 3910 improvisi
646 3768 947 3889 adoriuntur,
996 3768 1322 3872 excubitoribus
1373 3771 1505 3910 paulo
1559 3803 1660 3871 ante

202 3909 429 4050 digressis,
466 3911 546 4053 qui
591 3948 692 4053 post
739 3911 906 4013 vallum
947 3906 1121 4012 fuerant
1157 3953 1209 4011 ex
1253 3950 1380 4013 more
1415 3913 1472 4012 ad
1513 3947 1660 4012 motus

202 4047 400 4154 hostium
436 4055 734 4156 observandos
772 4091 816 4156 et
851 4055 1163 4156 renuntiandos
1199 4047 1433 4197 dispositi,
1468 4095 1519 4155 ac
1554 4064 1662 4156 Get-

202 4231 437 4298 manorum
472 4193 759 4320 cohortibus,
781 4238 896 4341 quae
932 4197 982 4296 in
1016 4197 1284 4336 praesidium
1319 4198 1442 4339 operi
1483 4198 1662 4300 incum-

204 4336 407 4439 bentium
446 4336 759 4462 excubabant,
805 4343 853 4440 in
889 4375 1024 4440 castra
1058 4341 1272 4442 reductis.
1314 4352 1466 4484 ltaque
1503 4338 1662 4444 cohors

203 4483 530 4625 Hispanorum,
563 4523 676 4624 quae
713 4484 920 4630 inopere
958 4520 1050 4583 erat
1076 4521 1198 4624 parte
1233 4485 1479 4618 maritima,
1509 4524 1663 4626 repen-

204 4625 302 4727 tino
338 4622 547 4728 hostium*
570 4623 740 4768 impetu
776 4626 980 4730 deterrita
1014 4627 1131 4762 (nec
1177 4628 1296 4728 enim
1330 4629 1411 4729 vel
1432 4666 1554 4727 arma
1588 4669 1662 4729 su·

205 4769 353 4874 mendi
388 4771 580 4914 spatium
615 4769 836 4910 dabatur)
870 4763 1044 4873 amisso
1067 4770 1194 4912 signo
1230 4809 1321 4874 uno
1349 4770 1564 4894 militari,
1594 4810 1663 4870 ce-

1580 4913 1665 5013 de-
