<?xml version="1.0" encoding="UTF-8"?>
<!DOCTYPE html PUBLIC "-//W3C//DTD XHTML 1.0 Transitional//EN"
    "http://www.w3.org/TR/xhtml1/DTD/xhtml1-transitional.dtd">
<html xmlns="http://www.w3.org/1999/xhtml" xml:lang="en" lang="en">
 <head>
  <title>
</title>
<meta http-equiv="Content-Type" content="text/html;charset=utf-8" />
  <meta name='ocr-system' content='tesseract 3.04.00' />
  <meta name='ocr-capabilities' content='ocr_page ocr_carea ocr_par ocr_line ocrx_word'/>
</head>
<body>
  <div class='ocr_page' id='page_1' title='image "./joannisgenesiis02sepgoog_0256.png"; bbox 0 0 4292 5984; ppageno 0'>
   <div class='ocr_carea' id='block_1_1' title="bbox 584 466 1587 572">
    <p class='ocr_par' dir='ltr' id='par_1_1' title="bbox 584 466 1587 572">
     <span class='ocr_line' id='line_1_1' title="bbox 584 466 1587 572; baseline -0.021 -1"><span class='ocrx_word' id='word_1_1' title='bbox 584 493 642 572; x_wconf 78' lang='lat'>&#39;12</span> <span class='ocrx_word' id='word_1_2' title='bbox 973 475 1056 558; x_wconf 85' lang='lat' dir='ltr'>DE</span> <span class='ocrx_word' id='word_1_3' title='bbox 1101 470 1316 555; x_wconf 81' lang='lat' dir='ltr'>REBUS</span> <span class='ocrx_word' id='word_1_4' title='bbox 1364 466 1587 554; x_wconf 78' lang='lat' dir='ltr'>GEsrrs</span> 
     </span>
    </p>
   </div>
   <div class='ocr_carea' id='block_1_2' title="bbox 541 621 2137 1499">
    <p class='ocr_par' dir='ltr' id='par_1_2' title="bbox 541 621 2137 1499">
     <span class='ocr_line' id='line_1_2' title="bbox 544 621 2006 784; baseline -0.017 -30"><span class='ocrx_word' id='word_1_5' title='bbox 544 649 675 754; x_wconf 87' lang='lat' dir='ltr'>nibus</span> <span class='ocrx_word' id='word_1_6' title='bbox 709 644 767 745; x_wconf 88' lang='lat' dir='ltr'>ad</span> <span class='ocrx_word' id='word_1_7' title='bbox 812 647 1063 784; x_wconf 82' lang='lat' dir='ltr'>Augustum</span> <span class='ocrx_word' id='word_1_8' title='bbox 1097 648 1324 738; x_wconf 86' lang='lat' dir='ltr'>Caesarem</span> <span class='ocrx_word' id='word_1_9' title='bbox 1370 629 1626 774; x_wconf 84' lang='lat' dir='ltr'>gravissima</span> <span class='ocrx_word' id='word_1_10' title='bbox 1671 625 1785 730; x_wconf 87' lang='lat' dir='ltr'>bella</span> <span class='ocrx_word' id='word_1_11' title='bbox 1827 621 2006 732; x_wconf 61' lang='lat' dir='ltr'>Roma-⁶</span> 
     </span>
     <span class='ocr_line' id='line_1_3' title="bbox 543 773 2137 927; baseline -0.016 -33"><span class='ocrx_word' id='word_1_12' title='bbox 543 794 592 896; x_wconf 93' lang='lat' dir='ltr'>ni</span> <span class='ocrx_word' id='word_1_13' title='bbox 630 787 733 898; x_wconf 76' lang='lat' dir='ltr'>eum</span> <span class='ocrx_word' id='word_1_14' title='bbox 767 783 1009 927; x_wconf 85' lang='lat' dir='ltr'>Hispanis,</span> <span class='ocrx_word' id='word_1_15' title='bbox 1043 819 1161 881; x_wconf 90' lang='lat' dir='ltr'>nunc</span> <span class='ocrx_word' id='word_1_16' title='bbox 1192 778 1300 899; x_wconf 91' lang='lat' dir='ltr'>hos,</span> <span class='ocrx_word' id='word_1_17' title='bbox 1336 815 1455 878; x_wconf 92' lang='lat' dir='ltr'>nunc</span> <span class='ocrx_word' id='word_1_18' title='bbox 1483 773 1579 875; x_wconf 81' lang='lat' dir='ltr'>illos</span> <span class='ocrx_word' id='word_1_19' title='bbox 1613 773 1801 916; x_wconf 86' lang='lat' dir='ltr'>populos</span> <span class='ocrx_word' id='word_1_20' title='bbox 1830 814 2006 919; x_wconf 85' lang='lat' dir='ltr'>aggres-</span> <span class='ocrx_word' id='word_1_21' title='bbox 2136 784 2137 868; x_wconf 67' lang='lat' dir='ltr'>l</span> 
     </span>
     <span class='ocr_line' id='line_1_4' title="bbox 544 919 2008 1076; baseline -0.012 -38"><span class='ocrx_word' id='word_1_22' title='bbox 544 938 606 1058; x_wconf 76' lang='lat' dir='ltr'>si,</span> <span class='ocrx_word' id='word_1_23' title='bbox 629 970 807 1076; x_wconf 81' lang='lat' dir='ltr'>gessere.</span> <span class='ocrx_word' id='word_1_24' title='bbox 845 941 1031 1029; x_wconf 78' lang='lat' dir='ltr'>Constat</span> <span class='ocrx_word' id='word_1_25' title='bbox 1063 928 1180 1028; x_wconf 86' lang='lat' dir='ltr'>enirn</span> <span class='ocrx_word' id='word_1_26' title='bbox 1206 921 1467 1064; x_wconf 77' lang='lat' dir='ltr'><strong>Hispaniam</strong></span> <span class='ocrx_word' id='word_1_27' title='bbox 1493 958 1740 1061; x_wconf 88' lang='lat' dir='ltr'>numquam</span> <span class='ocrx_word' id='word_1_28' title='bbox 1766 919 1873 1022; x_wconf 87' lang='lat' dir='ltr'>vires</span> <span class='ocrx_word' id='word_1_29' title='bbox 1910 959 2008 1021; x_wconf 84' lang='lat' dir='ltr'>suas</span> 
     </span>
     <span class='ocr_line' id='line_1_5' title="bbox 541 1063 2008 1208; baseline -0.012 -24"><span class='ocrx_word' id='word_1_30' title='bbox 541 1083 742 1184; x_wconf 72' lang='lat' dir='ltr'>aduersus</span> <span class='ocrx_word' id='word_1_31' title='bbox 771 1107 1051 1176; x_wconf 83' lang='lat' dir='ltr'>externomm</span> <span class='ocrx_word' id='word_1_32' title='bbox 1091 1067 1265 1170; x_wconf 80' lang='lat' dir='ltr'>hostiles</span> <span class='ocrx_word' id='word_1_33' title='bbox 1302 1068 1493 1207; x_wconf 86' lang='lat' dir='ltr'>impetus</span> <span class='ocrx_word' id='word_1_34' title='bbox 1529 1063 1805 1185; x_wconf 84' lang='lat' dir='ltr'>contulisse,</span> <span class='ocrx_word' id='word_1_35' title='bbox 1830 1100 1882 1166; x_wconf 94' lang='lat' dir='ltr'>ut</span> <span class='ocrx_word' id='word_1_36' title='bbox 1919 1105 2008 1208; x_wconf 51' lang='lat' dir='ltr'>pu*</span> 
     </span>
     <span class='ocr_line' id='line_1_6' title="bbox 544 1214 2006 1328; baseline -0.012 0"><span class='ocrx_word' id='word_1_37' title='bbox 544 1223 656 1328; x_wconf 81' lang='lat' dir='ltr'>blico</span> <span class='ocrx_word' id='word_1_38' title='bbox 692 1253 737 1318; x_wconf 84' lang='lat' dir='ltr'>et</span> <span class='ocrx_word' id='word_1_39' title='bbox 789 1217 1025 1320; x_wconf 84' lang='lat' dir='ltr'>universim</span> <span class='ocrx_word' id='word_1_40' title='bbox 1066 1214 1305 1317; x_wconf 86' lang='lat' dir='ltr'>libertatem</span> <span class='ocrx_word' id='word_1_41' title='bbox 1352 1251 1474 1312; x_wconf 89' lang='lat' dir='ltr'>suam</span> <span class='ocrx_word' id='word_1_42' title='bbox 1508 1245 1732 1317; x_wconf 75' lang='lat' dir='ltr'>tueretutr</span> <span class='ocrx_word' id='word_1_43' title='bbox 1778 1249 1872 1310; x_wconf 94' lang='lat' dir='ltr'>non</span> <span class='ocrx_word' id='word_1_44' title='bbox 1907 1250 2006 1310; x_wconf 91' lang='lat' dir='ltr'>mo-</span> 
     </span>
     <span class='ocr_line' id='line_1_7' title="bbox 546 1355 2005 1499; baseline -0.01 -32"><span class='ocrx_word' id='word_1_45' title='bbox 546 1369 607 1467; x_wconf 91' lang='lat' dir='ltr'>do</span> <span class='ocrx_word' id='word_1_46' title='bbox 642 1403 744 1464; x_wconf 87' lang='lat' dir='ltr'>cum</span> <span class='ocrx_word' id='word_1_47' title='bbox 774 1361 990 1498; x_wconf 86' lang='lat' dir='ltr'>aTyriis,</span> <span class='ocrx_word' id='word_1_48' title='bbox 1030 1395 1082 1458; x_wconf 88' lang='lat' dir='ltr'>et</span> <span class='ocrx_word' id='word_1_49' title='bbox 1105 1355 1545 1499; x_wconf 81' lang='lat' dir='ltr'>Carthaginensibus,</span> <span class='ocrx_word' id='word_1_50' title='bbox 1584 1393 1626 1458; x_wconf 90' lang='lat' dir='ltr'>et</span> <span class='ocrx_word' id='word_1_51' title='bbox 1664 1389 1770 1498; x_wconf 92' lang='lat' dir='ltr'>post·</span> <span class='ocrx_word' id='word_1_52' title='bbox 1791 1394 1818 1456; x_wconf 88' lang='lat' dir='ltr'>a</span> <span class='ocrx_word' id='word_1_53' title='bbox 1839 1365 2005 1457; x_wconf 88' lang='lat' dir='ltr'>Roma-</span> 
     </span>
    </p>
   </div>
   <div class='ocr_carea' id='block_1_3' title="bbox 548 1501 2139 1621">
    <p class='ocr_par' dir='ltr' id='par_1_3' title="bbox 548 1501 2139 1621">
     <span class='ocr_line' id='line_1_8' title="bbox 548 1501 2139 1621; baseline -0.016 -4"><span class='ocrx_word' id='word_1_54' title='bbox 548 1511 616 1616; x_wconf 80' lang='lat' dir='ltr'>nis</span> <span class='ocrx_word' id='word_1_55' title='bbox 650 1543 712 1614; x_wconf 80' lang='lat' dir='ltr'>est</span> <span class='ocrx_word' id='word_1_56' title='bbox 750 1505 864 1609; x_wconf 90' lang='lat' dir='ltr'>bello</span> <span class='ocrx_word' id='word_1_57' title='bbox 905 1501 1127 1621; x_wconf 78' lang='lat' dir='ltr'>lacessita,</span> <span class='ocrx_word' id='word_1_58' title='bbox 1160 1538 1210 1602; x_wconf 86' lang='lat' dir='ltr'>ut</span> <span class='ocrx_word' id='word_1_59' title='bbox 1242 1501 1389 1604; x_wconf 74' lang='lat' dir='ltr'>Fiorus</span> <span class='ocrx_word' id='word_1_60' title='bbox 1422 1535 1464 1600; x_wconf 87' lang='lat' dir='ltr'>et</span> <span class='ocrx_word' id='word_1_61' title='bbox 1503 1504 1657 1603; x_wconf 88' lang='lat' dir='ltr'>Strabo</span> <span class='ocrx_word' id='word_1_62' title='bbox 1702 1535 1803 1599; x_wconf 90' lang='lat' dir='ltr'>sunt</span> <span class='ocrx_word' id='word_1_63' title='bbox 1852 1536 2003 1600; x_wconf 85' lang='lat' dir='ltr'>aucto·</span> <span class='ocrx_word' id='word_1_64' title='bbox 2138 1517 2139 1556; x_wconf 64' lang='lat'><em>³</em></span> 
     </span>
    </p>
   </div>
   <div class='ocr_carea' id='block_1_4' title="bbox 547 1644 2142 5070">
    <p class='ocr_par' dir='ltr' id='par_1_4' title="bbox 547 1644 2142 4970">
     <span class='ocr_line' id='line_1_9' title="bbox 549 1644 2002 1786; baseline -0.008 -32"><span class='ocrx_word' id='word_1_65' title='bbox 549 1693 647 1764; x_wconf 69' lang='lat' dir='ltr'>ress</span> <span class='ocrx_word' id='word_1_66' title='bbox 686 1652 760 1750; x_wconf 85' lang='lat' dir='ltr'>sed</span> <span class='ocrx_word' id='word_1_67' title='bbox 799 1689 853 1751; x_wconf 89' lang='lat' dir='ltr'>ne</span> <span class='ocrx_word' id='word_1_68' title='bbox 901 1647 1165 1752; x_wconf 79' lang='lat' dir='ltr'>Christianis·</span> <span class='ocrx_word' id='word_1_69' title='bbox 1212 1647 1395 1786; x_wconf 91' lang='lat' dir='ltr'>quidem</span> <span class='ocrx_word' id='word_1_70' title='bbox 1446 1645 1758 1786; x_wconf 81' lang='lat' dir='ltr'>temporibus,</span> <span class='ocrx_word' id='word_1_71' title='bbox 1796 1644 2002 1746; x_wconf 85' lang='lat' dir='ltr'>Vandalis</span> 
     </span>
     <span class='ocr_line' id='line_1_10' title="bbox 548 1785 2140 1942; baseline -0.004 -44"><span class='ocrx_word' id='word_1_72' title='bbox 548 1798 880 1942; x_wconf 86' lang='lat' dir='ltr'>primumcum</span> <span class='ocrx_word' id='word_1_73' title='bbox 916 1791 1062 1895; x_wconf 88' lang='lat' dir='ltr'>Suevis</span> <span class='ocrx_word' id='word_1_74' title='bbox 1096 1827 1144 1891; x_wconf 90' lang='lat' dir='ltr'>et·</span> <span class='ocrx_word' id='word_1_75' title='bbox 1177 1789 1360 1910; x_wconf 83' lang='lat' dir='ltr'>Alanis,</span> <span class='ocrx_word' id='word_1_76' title='bbox 1397 1789 1555 1890; x_wconf 85' lang='lat' dir='ltr'>deinde</span> <span class='ocrx_word' id='word_1_77' title='bbox 1583 1785 1792 1909; x_wconf 85' lang='lat' dir='ltr'>Gotthis,</span> <span class='ocrx_word' id='word_1_78' title='bbox 1838 1827 2004 1932; x_wconf 82' lang='lat' dir='ltr'>postte·</span> <span class='ocrx_word' id='word_1_79' title='bbox 2139 1925 2140 1932; x_wconf 11' lang='grc' dir='ltr'><strong><em>Ν</em></strong></span> 
     </span>
     <span class='ocr_line' id='line_1_11' title="bbox 547 1933 2140 2078; baseline -0.006 -35"><span class='ocrx_word' id='word_1_80' title='bbox 547 1980 628 2043; x_wconf 89' lang='lat' dir='ltr'>mo</span> <span class='ocrx_word' id='word_1_81' title='bbox 660 1937 885 2040; x_wconf 82' lang='lat' dir='ltr'>Saracenis</span> <span class='ocrx_word' id='word_1_82' title='bbox 914 1973 1045 2078; x_wconf 89' lang='lat' dir='ltr'>atque</span> <span class='ocrx_word' id='word_1_83' title='bbox 1082 1935 1246 2034; x_wconf 89' lang='lat' dir='ltr'>Mauris</span> <span class='ocrx_word' id='word_1_84' title='bbox 1284 1935 1618 2036; x_wconf 87' lang='lat' dir='ltr'>invadentibus.</span> <span class='ocrx_word' id='word_1_85' title='bbox 1657 1933 1749 2033; x_wconf 89' lang='lat' dir='ltr'>Hic</span> <span class='ocrx_word' id='word_1_86' title='bbox 1787 1935 1908 2036; x_wconf 85' lang='lat' dir='ltr'>enim</span> <span class='ocrx_word' id='word_1_87' title='bbox 1946 1935 2005 2034; x_wconf 88' lang='lat' dir='ltr'>si·-</span> <span class='ocrx_word' id='word_1_88' title='bbox 2139 1936 2140 2020; x_wconf 65' lang='grc' dir='ltr'><strong>ἶ</strong></span> 
     </span>
     <span class='ocr_line' id='line_1_12' title="bbox 549 2077 2007 2225; baseline -0.006 -40"><span class='ocrx_word' id='word_1_89' title='bbox 549 2121 620 2186; x_wconf 91' lang='lat' dir='ltr'>tus</span> <span class='ocrx_word' id='word_1_90' title='bbox 659 2082 846 2225; x_wconf 81' lang='lat' dir='ltr'>regionis</span> <span class='ocrx_word' id='word_1_91' title='bbox 874 2116 967 2201; x_wconf 85' lang='lat' dir='ltr'>est,</span> <span class='ocrx_word' id='word_1_92' title='bbox 1004 2078 1201 2221; x_wconf 86' lang='lat' dir='ltr'>undique</span> <span class='ocrx_word' id='word_1_93' title='bbox 1237 2080 1377 2200; x_wconf 86' lang='lat' dir='ltr'>mari,</span> <span class='ocrx_word' id='word_1_94' title='bbox 1414 2077 1498 2177; x_wconf 90' lang='lat' dir='ltr'>nisi</span> <span class='ocrx_word' id='word_1_95' title='bbox 1537 2120 1625 2220; x_wconf 89' lang='lat' dir='ltr'>qua</span> <span class='ocrx_word' id='word_1_96' title='bbox 1658 2087 1882 2214; x_wconf 86' lang='lat' dir='ltr'>Pyrenaeo</span> <span class='ocrx_word' id='word_1_97' title='bbox 1913 2079 2007 2178; x_wconf 86' lang='lat' dir='ltr'>val-</span> 
     </span>
     <span class='ocr_line' id='line_1_13' title="bbox 550 2223 2008 2366; baseline -0.006 -35"><span class='ocrx_word' id='word_1_98' title='bbox 550 2229 635 2330; x_wconf 82' lang='lat' dir='ltr'>lata</span> <span class='ocrx_word' id='word_1_99' title='bbox 666 2262 751 2346; x_wconf 89' lang='lat' dir='ltr'>est,</span> <span class='ocrx_word' id='word_1_100' title='bbox 789 2225 993 2366; x_wconf 70' lang='lat' dir='ltr'>&#39;cingente</span> <span class='ocrx_word' id='word_1_101' title='bbox 1008 2264 1028 2332; x_wconf 83' lang='lat'>·‚.</span> <span class='ocrx_word' id='word_1_102' title='bbox 1058 2265 1109 2323; x_wconf 90' lang='lat' dir='ltr'>ea</span> <span class='ocrx_word' id='word_1_103' title='bbox 1138 2224 1341 2325; x_wconf 86' lang='lat' dir='ltr'>virorum</span> <span class='ocrx_word' id='word_1_104' title='bbox 1365 2224 1571 2365; x_wconf 89' lang='lat' dir='ltr'>ingenia,</span> <span class='ocrx_word' id='word_1_105' title='bbox 1603 2223 1735 2325; x_wconf 91' lang='lat' dir='ltr'>robur</span> <span class='ocrx_word' id='word_1_106' title='bbox 1762 2223 1930 2342; x_wconf 86' lang='lat' dir='ltr'>animi,</span> <span class='ocrx_word' id='word_1_107' title='bbox 1968 2257 2008 2322; x_wconf 91' lang='lat' dir='ltr'>et</span> 
     </span>
     <span class='ocr_line' id='line_1_14' title="bbox 551 2367 2141 2510; baseline -0.003 -39"><span class='ocrx_word' id='word_1_108' title='bbox 551 2371 600 2474; x_wconf 93' lang='lat' dir='ltr'>in</span> <span class='ocrx_word' id='word_1_109' title='bbox 640 2369 761 2475; x_wconf 78' lang='lat' dir='ltr'>bellis</span> <span class='ocrx_word' id='word_1_110' title='bbox 786 2369 984 2510; x_wconf 84' lang='lat' dir='ltr'>gerendis</span> <span class='ocrx_word' id='word_1_111' title='bbox 1011 2367 1252 2477; x_wconf 89' lang='lat' dir='ltr'>industria··,</span> <span class='ocrx_word' id='word_1_112' title='bbox 1288 2403 1339 2468; x_wconf 91' lang='lat' dir='ltr'>ut</span> <span class='ocrx_word' id='word_1_113' title='bbox 1369 2367 1536 2468; x_wconf 87' lang='lat' dir='ltr'>collatis</span> <span class='ocrx_word' id='word_1_114' title='bbox 1565 2367 1731 2469; x_wconf 89' lang='lat' dir='ltr'>viribus</span> <span class='ocrx_word' id='word_1_115' title='bbox 1760 2368 1918 2507; x_wconf 78' lang='lat' dir='ltr'>reliqui</span> <span class='ocrx_word' id='word_1_116' title='bbox 1947 2406 2006 2467; x_wconf 57' lang='lat' dir='ltr'>ora</span> <span class='ocrx_word' id='word_1_117' title='bbox 2140 2371 2141 2378; x_wconf 54' lang='lat'>‘</span> 
     </span>
     <span class='ocr_line' id='line_1_15' title="bbox 551 2512 2004 2655; baseline -0.008 -35"><span class='ocrx_word' id='word_1_118' title='bbox 551 2515 617 2620; x_wconf 87' lang='lat' dir='ltr'>bis</span> <span class='ocrx_word' id='word_1_119' title='bbox 659 2514 875 2654; x_wconf 89' lang='lat' dir='ltr'>impetum</span> <span class='ocrx_word' id='word_1_120' title='bbox 926 2550 1005 2610; x_wconf 92' lang='lat' dir='ltr'>suo</span> <span class='ocrx_word' id='word_1_121' title='bbox 1055 2512 1215 2614; x_wconf 85' lang='lat' dir='ltr'>robore</span> <span class='ocrx_word' id='word_1_122' title='bbox 1263 2512 1470 2614; x_wconf 88' lang='lat' dir='ltr'>sustinere</span> <span class='ocrx_word' id='word_1_123' title='bbox 1521 2513 1711 2655; x_wconf 81' lang='lat' dir='ltr'>pomisse</span> <span class='ocrx_word' id='word_1_124' title='bbox 1755 2514 2004 2614; x_wconf 79' lang='lat' dir='ltr'>videantur.</span> 
     </span>
     <span class='ocr_line' id='line_1_16' title="bbox 553 2655 2142 2798; baseline -0.001 -42"><span class='ocrx_word' id='word_1_125' title='bbox 553 2659 693 2775; x_wconf 90' lang='lat' dir='ltr'>Quod</span> <span class='ocrx_word' id='word_1_126' title='bbox 725 2658 858 2798; x_wconf 86' lang='lat' dir='ltr'>longe</span> <span class='ocrx_word' id='word_1_127' title='bbox 888 2695 1003 2758; x_wconf 85' lang='lat' dir='ltr'>secus</span> <span class='ocrx_word' id='word_1_128' title='bbox 1029 2657 1189 2757; x_wconf 87' lang='lat' dir='ltr'>accidit</span> <span class='ocrx_word' id='word_1_129' title='bbox 1222 2655 1462 2789; x_wconf 88' lang='lat' dir='ltr'>majoribus</span> <span class='ocrx_word' id='word_1_130' title='bbox 1490 2657 1649 2758; x_wconf 84' lang='lat' dir='ltr'>nostris</span> <span class='ocrx_word' id='word_1_131' title='bbox 1679 2657 1727 2756; x_wconf 92' lang='lat' dir='ltr'>in</span> <span class='ocrx_word' id='word_1_132' title='bbox 1758 2657 1868 2777; x_wconf 88' lang='lat' dir='ltr'>illis,</span> <span class='ocrx_word' id='word_1_133' title='bbox 1905 2695 2008 2798; x_wconf 87' lang='lat' dir='ltr'>quas</span> <span class='ocrx_word' id='word_1_134' title='bbox 2141 2735 2142 2798; x_wconf 59' lang='lat'><em>3</em></span> 
     </span>
     <span class='ocr_line' id='line_1_17' title="bbox 555 2800 2010 2946; baseline -0.002 -44"><span class='ocrx_word' id='word_1_135' title='bbox 555 2801 697 2902; x_wconf 91' lang='lat' dir='ltr'>modo</span> <span class='ocrx_word' id='word_1_136' title='bbox 739 2800 859 2920; x_wconf 87' lang='lat' dir='ltr'>dixi,</span> <span class='ocrx_word' id='word_1_137' title='bbox 894 2801 1228 2904; x_wconf 81' lang='lat' dir='ltr'>oalamitatibus.</span> <span class='ocrx_word' id='word_1_138' title='bbox 1256 2811 1379 2902; x_wconf 90' lang='lat' dir='ltr'>Nam</span> <span class='ocrx_word' id='word_1_139' title='bbox 1411 2841 1560 2946; x_wconf 86' lang='lat' dir='ltr'>saepe,</span> <span class='ocrx_word' id='word_1_140' title='bbox 1592 2843 1666 2902; x_wconf 90' lang='lat' dir='ltr'>sua</span> <span class='ocrx_word' id='word_1_141' title='bbox 1684 2802 1849 2942; x_wconf 87' lang='lat' dir='ltr'>partim</span> <span class='ocrx_word' id='word_1_142' title='bbox 1874 2801 2010 2942; x_wconf 85' lang='lat' dir='ltr'>negli-</span> 
     </span>
     <span class='ocr_line' id='line_1_18' title="bbox 556 2944 2010 3087; baseline -0.001 -43"><span class='ocrx_word' id='word_1_143' title='bbox 556 2944 729 3086; x_wconf 87' lang='lat' dir='ltr'>gentia,</span> <span class='ocrx_word' id='word_1_144' title='bbox 754 2944 911 3086; x_wconf 86' lang='lat' dir='ltr'>partim</span> <span class='ocrx_word' id='word_1_145' title='bbox 934 2947 1178 3068; x_wconf 88' lang='lat' dir='ltr'>discordia,</span> <span class='ocrx_word' id='word_1_146' title='bbox 1196 2948 1441 3050; x_wconf 84' lang='lat' dir='ltr'>libertatern</span> <span class='ocrx_word' id='word_1_147' title='bbox 1471 2949 1731 3054; x_wconf 70' lang='lat' dir='ltr'>amiseruntr</span> <span class='ocrx_word' id='word_1_148' title='bbox 1771 2947 1919 3087; x_wconf 81' lang='lat' dir='ltr'>itaque</span> <span class='ocrx_word' id='word_1_149' title='bbox 1946 2983 2010 3043; x_wconf 88' lang='lat' dir='ltr'>ra·-</span> 
     </span>
     <span class='ocr_line' id='line_1_19' title="bbox 557 3089 2010 3234; baseline -0.001 -46"><span class='ocrx_word' id='word_1_150' title='bbox 557 3123 738 3209; x_wconf 82' lang='lat' dir='ltr'>10,aut</span> <span class='ocrx_word' id='word_1_151' title='bbox 767 3113 1012 3230; x_wconf 88' lang='lat' dir='ltr'>numquam</span> <span class='ocrx_word' id='word_1_152' title='bbox 1046 3093 1270 3234; x_wconf 88' lang='lat' dir='ltr'>Hispanos</span> <span class='ocrx_word' id='word_1_153' title='bbox 1301 3127 1464 3195; x_wconf 85' lang='lat' dir='ltr'>exterae</span> <span class='ocrx_word' id='word_1_154' title='bbox 1493 3093 1716 3211; x_wconf 78' lang='lat' dir='ltr'>nationes,</span> <span class='ocrx_word' id='word_1_155' title='bbox 1737 3090 1825 3191; x_wconf 89' lang='lat' dir='ltr'>nisi</span> <span class='ocrx_word' id='word_1_156' title='bbox 1849 3089 2010 3231; x_wconf 88' lang='lat' dir='ltr'>Hispa-</span> 
     </span>
     <span class='ocr_line' id='line_1_20' title="bbox 554 3233 2011 3379; baseline -0.001 -48"><span class='ocrx_word' id='word_1_157' title='bbox 554 3269 719 3334; x_wconf 86' lang='lat' dir='ltr'>norum</span> <span class='ocrx_word' id='word_1_158' title='bbox 748 3234 1026 3375; x_wconf 88' lang='lat' dir='ltr'>potissimum</span> <span class='ocrx_word' id='word_1_159' title='bbox 1057 3240 1188 3338; x_wconf 87' lang='lat' dir='ltr'>armis</span> <span class='ocrx_word' id='word_1_160' title='bbox 1219 3238 1450 3379; x_wconf 85' lang='lat' dir='ltr'>subegere,</span> <span class='ocrx_word' id='word_1_161' title='bbox 1471 3271 1728 3378; x_wconf 88' lang='lat' dir='ltr'>pacatorum</span> <span class='ocrx_word' id='word_1_162' title='bbox 1761 3233 1924 3334; x_wconf 83' lang='lat' dir='ltr'>auxilio</span> <span class='ocrx_word' id='word_1_163' title='bbox 1955 3233 2011 3331; x_wconf 88' lang='lat' dir='ltr'>ad</span> 
     </span>
     <span class='ocr_line' id='line_1_21' title="bbox 554 3377 2013 3521; baseline 0 -46"><span class='ocrx_word' id='word_1_164' title='bbox 554 3412 717 3485; x_wconf 85' lang='lat' dir='ltr'>eeteros</span> <span class='ocrx_word' id='word_1_165' title='bbox 746 3378 1018 3480; x_wconf 81' lang='lat' dir='ltr'>debellandos</span> <span class='ocrx_word' id='word_1_166' title='bbox 1050 3381 1291 3485; x_wconf 86' lang='lat' dir='ltr'>abutentes.</span> <span class='ocrx_word' id='word_1_167' title='bbox 1337 3390 1460 3481; x_wconf 87' lang='lat' dir='ltr'>Nam</span> <span class='ocrx_word' id='word_1_168' title='bbox 1495 3380 1606 3521; x_wconf 86' lang='lat' dir='ltr'>quid</span> <span class='ocrx_word' id='word_1_169' title='bbox 1630 3381 1825 3481; x_wconf 87' lang='lat' dir='ltr'>universa</span> <span class='ocrx_word' id='word_1_170' title='bbox 1849 3377 2013 3518; x_wconf 88' lang='lat' dir='ltr'>Hispa-</span> 
     </span>
     <span class='ocr_line' id='line_1_22' title="bbox 559 3519 2011 3669; baseline 0 -49"><span class='ocrx_word' id='word_1_171' title='bbox 559 3519 634 3620; x_wconf 88' lang='lat' dir='ltr'>nia</span> <span class='ocrx_word' id='word_1_172' title='bbox 659 3520 858 3662; x_wconf 87' lang='lat' dir='ltr'>perficere</span> <span class='ocrx_word' id='word_1_173' title='bbox 886 3524 1097 3665; x_wconf 92' lang='lat' dir='ltr'>potuisset</span> <span class='ocrx_word' id='word_1_174' title='bbox 1126 3529 1320 3669; x_wconf 77' lang='lat' dir='ltr'>adversus</span> <span class='ocrx_word' id='word_1_175' title='bbox 1338 3533 1590 3644; x_wconf 85' lang='lat' dir='ltr'>Romanos,</span> <span class='ocrx_word' id='word_1_176' title='bbox 1615 3525 1699 3665; x_wconf 86' lang='lat' dir='ltr'>qui</span> <span class='ocrx_word' id='word_1_177' title='bbox 1716 3522 1923 3624; x_wconf 89' lang='lat' dir='ltr'>omnium</span> <span class='ocrx_word' id='word_1_178' title='bbox 1938 3561 2011 3662; x_wconf 83' lang='lat' dir='ltr'>po</span> 
     </span>
     <span class='ocr_line' id='line_1_23' title="bbox 557 3665 2012 3808; baseline -0.001 -44"><span class='ocrx_word' id='word_1_179' title='bbox 557 3665 788 3764; x_wconf 85' lang='lat' dir='ltr'>tentissimi</span> <span class='ocrx_word' id='word_1_180' title='bbox 813 3671 1075 3808; x_wconf 85' lang='lat' dir='ltr'>Hispaniam</span> <span class='ocrx_word' id='word_1_181' title='bbox 1105 3672 1386 3794; x_wconf 88' lang='lat' dir='ltr'>invaserunt,</span> <span class='ocrx_word' id='word_1_182' title='bbox 1419 3668 1662 3771; x_wconf 87' lang='lat' dir='ltr'>Numantia</span> <span class='ocrx_word' id='word_1_183' title='bbox 1695 3669 1848 3768; x_wconf 89' lang='lat' dir='ltr'>docuit</span> <span class='ocrx_word' id='word_1_184' title='bbox 1878 3665 2012 3768; x_wconf 84' lang='lat' dir='ltr'>Celti-</span> 
     </span>
     <span class='ocr_line' id='line_1_24' title="bbox 560 3809 2013 3956; baseline -0.002 -46"><span class='ocrx_word' id='word_1_185' title='bbox 560 3809 772 3918; x_wconf 88' lang='lat' dir='ltr'>berorum</span> <span class='ocrx_word' id='word_1_186' title='bbox 792 3813 941 3912; x_wconf 86' lang='lat' dir='ltr'>civitas</span> <span class='ocrx_word' id='word_1_187' title='bbox 964 3812 1080 3914; x_wconf 88' lang='lat' dir='ltr'>circa</span> <span class='ocrx_word' id='word_1_188' title='bbox 1105 3811 1246 3920; x_wconf 83' lang='lat' dir='ltr'>fontes</span> <span class='ocrx_word' id='word_1_189' title='bbox 1274 3816 1432 3935; x_wconf 88' lang='lat' dir='ltr'>Durii,</span> <span class='ocrx_word' id='word_1_190' title='bbox 1452 3850 1502 3915; x_wconf 91' lang='lat' dir='ltr'>ut</span> <span class='ocrx_word' id='word_1_191' title='bbox 1519 3854 1654 3956; x_wconf 69' lang='lat' dir='ltr'>supra»</span> <span class='ocrx_word' id='word_1_192' title='bbox 1665 3813 2013 3913; x_wconf 85' lang='lat' dir='ltr'>demonstratum</span> 
     </span>
     <span class='ocr_line' id='line_1_25' title="bbox 562 3959 2012 4098; baseline 0.006 -51"><span class='ocrx_word' id='word_1_193' title='bbox 562 3985 648 4052; x_wconf 89' lang='lat' dir='ltr'>est.</span> <span class='ocrx_word' id='word_1_194' title='bbox 686 3964 813 4068; x_wconf 88' lang='lat' dir='ltr'>Quae</span> <span class='ocrx_word' id='word_1_195' title='bbox 847 3959 1124 4085; x_wconf 89' lang='lat' dir='ltr'>Numantia,</span> <span class='ocrx_word' id='word_1_196' title='bbox 1157 3997 1206 4062; x_wconf 92' lang='lat' dir='ltr'>ut</span> <span class='ocrx_word' id='word_1_197' title='bbox 1246 3961 1403 4060; x_wconf 90' lang='lat' dir='ltr'>Lucius</span> <span class='ocrx_word' id='word_1_198' title='bbox 1439 3959 1594 4058; x_wconf 85' lang='lat' dir='ltr'>Florus</span> <span class='ocrx_word' id='word_1_199' title='bbox 1619 3959 1801 4098; x_wconf 89' lang='lat' dir='ltr'>scriptor</span> <span class='ocrx_word' id='word_1_200' title='bbox 1838 3968 2012 4056; x_wconf 85' lang='lat' dir='ltr'>Roma-</span> 
     </span>
     <span class='ocr_line' id='line_1_26' title="bbox 563 4099 2014 4225; baseline 0.005 -35"><span class='ocrx_word' id='word_1_201' title='bbox 563 4133 644 4192; x_wconf 90' lang='lat' dir='ltr'>nus</span> <span class='ocrx_word' id='word_1_202' title='bbox 678 4099 836 4219; x_wconf 77' lang='lat' dir='ltr'>tradit,</span> <span class='ocrx_word' id='word_1_203' title='bbox 875 4102 1160 4225; x_wconf 87' lang='lat' dir='ltr'>sinemuro,</span> <span class='ocrx_word' id='word_1_204' title='bbox 1197 4106 1288 4204; x_wconf 90' lang='lat' dir='ltr'>sine</span> <span class='ocrx_word' id='word_1_205' title='bbox 1328 4102 1550 4223; x_wconf 85' lang='lat' dir='ltr'>turribus,</span> <span class='ocrx_word' id='word_1_206' title='bbox 1586 4103 1762 4204; x_wconf 86' lang='lat' dir='ltr'>modice</span> <span class='ocrx_word' id='word_1_207' title='bbox 1803 4099 1928 4204; x_wconf 91' lang='lat' dir='ltr'>edito</span> <span class='ocrx_word' id='word_1_208' title='bbox 1963 4099 2014 4197; x_wconf 93' lang='lat' dir='ltr'>in</span> 
     </span>
     <span class='ocr_line' id='line_1_27' title="bbox 562 4238 2014 4392; baseline 0.001 -54"><span class='ocrx_word' id='word_1_209' title='bbox 562 4238 736 4342; x_wconf 89' lang='lat' dir='ltr'>rumulo</span> <span class='ocrx_word' id='word_1_210' title='bbox 771 4242 883 4364; x_wconf 81' lang='lat' dir='ltr'>sita,</span> <span class='ocrx_word' id='word_1_211' title='bbox 922 4251 1218 4392; x_wconf 83' lang='lat' dir='ltr'>quadraginta</span> <span class='ocrx_word' id='word_1_212' title='bbox 1260 4250 1459 4354; x_wconf 80' lang='lat' dir='ltr'>millium.</span> <span class='ocrx_word' id='word_1_213' title='bbox 1488 4261 1800 4350; x_wconf 87' lang='lat' dir='ltr'>Romanomm</span> <span class='ocrx_word' id='word_1_214' title='bbox 1849 4243 2014 4343; x_wconf 82' lang='lat' dir='ltr'>exerci-</span> 
     </span>
     <span class='ocr_line' id='line_1_28' title="bbox 560 4385 2013 4536; baseline 0.003 -56"><span class='ocrx_word' id='word_1_215' title='bbox 560 4415 658 4481; x_wconf 83' lang='lat' dir='ltr'>tum</span> <span class='ocrx_word' id='word_1_216' title='bbox 696 4425 880 4490; x_wconf 84' lang='lat' dir='ltr'>suorum</span> <span class='ocrx_word' id='word_1_217' title='bbox 916 4427 1105 4530; x_wconf 89' lang='lat' dir='ltr'>quatuor</span> <span class='ocrx_word' id='word_1_218' title='bbox 1138 4395 1328 4497; x_wconf 80' lang='lat' dir='ltr'>millibus</span> <span class='ocrx_word' id='word_1_219' title='bbox 1376 4433 1456 4536; x_wconf 48' lang='lat' dir='ltr'>per*</span> <span class='ocrx_word' id='word_1_220' title='bbox 1489 4433 1630 4494; x_wconf 89' lang='lat' dir='ltr'>annos</span> <span class='ocrx_word' id='word_1_221' title='bbox 1677 4385 2013 4532; x_wconf 86' lang='lat' dir='ltr'>quatuordecim</span> 
     </span>
     <span class='ocr_line' id='line_1_29' title="bbox 563 4525 2015 4672; baseline 0.006 -50"><span class='ocrx_word' id='word_1_222' title='bbox 563 4525 653 4628; x_wconf 88' lang='lat' dir='ltr'>sola</span> <span class='ocrx_word' id='word_1_223' title='bbox 684 4530 914 4636; x_wconf 75' lang='lat' dir='ltr'>sustinuitr</span> <span class='ocrx_word' id='word_1_224' title='bbox 944 4571 1024 4636; x_wconf 87' lang='lat' dir='ltr'>nec</span> <span class='ocrx_word' id='word_1_225' title='bbox 1055 4537 1256 4634; x_wconf 87' lang='lat' dir='ltr'>sustinuit</span> <span class='ocrx_word' id='word_1_226' title='bbox 1290 4541 1460 4654; x_wconf 93' lang='lat' dir='ltr'>modo,</span> <span class='ocrx_word' id='word_1_227' title='bbox 1490 4539 1564 4633; x_wconf 87' lang='lat' dir='ltr'>sed</span> <span class='ocrx_word' id='word_1_228' title='bbox 1594 4536 1761 4634; x_wconf 88' lang='lat' dir='ltr'>saevius</span> <span class='ocrx_word' id='word_1_229' title='bbox 1781 4531 2015 4672; x_wconf 77' lang='lat' dir='ltr'>aliquanto</span> 
     </span>
     <span class='ocr_line' id='line_1_30' title="bbox 561 4669 2016 4816; baseline 0.004 -46"><span class='ocrx_word' id='word_1_230' title='bbox 561 4672 771 4809; x_wconf 85' lang='lat' dir='ltr'>perculit,</span> <span class='ocrx_word' id='word_1_231' title='bbox 801 4669 1368 4816; x_wconf 81' lang='lat' dir='ltr'>pudendisquefoedetibus</span> <span class='ocrx_word' id='word_1_232' title='bbox 1391 4676 1551 4782; x_wconf 83' lang='lat' dir='ltr'>affecit.</span> <span class='ocrx_word' id='word_1_233' title='bbox 1575 4688 1785 4794; x_wconf 84' lang='lat' dir='ltr'>Quorum</span> <span class='ocrx_word' id='word_1_234' title='bbox 1812 4684 2016 4776; x_wconf 80' lang='lat' dir='ltr'>Numan-</span> 
     </span>
     <span class='ocr_line' id='line_1_31' title="bbox 560 4814 2017 4970; baseline 0.004 -57"><span class='ocrx_word' id='word_1_235' title='bbox 560 4814 759 4920; x_wconf 81' lang='lat' dir='ltr'>tinorum</span> <span class='ocrx_word' id='word_1_236' title='bbox 796 4856 975 4960; x_wconf 88' lang='lat' dir='ltr'>quanta·</span> <span class='ocrx_word' id='word_1_237' title='bbox 994 4814 1128 4926; x_wconf 76' lang='lat' dir='ltr'>fiterit</span> <span class='ocrx_word' id='word_1_238' title='bbox 1159 4821 1358 4932; x_wconf 83' lang='lat' dir='ltr'>inbelle</span> <span class='ocrx_word' id='word_1_239' title='bbox 1396 4823 1668 4970; x_wconf 63' lang='lat' dir='ltr'>pereiram,</span> <span class='ocrx_word' id='word_1_240' title='bbox 1707 4859 1851 4964; x_wconf 82' lang='lat' dir='ltr'>quam</span> <span class='ocrx_word' id='word_1_241' title='bbox 1882 4824 2017 4922; x_wconf 81' lang='lat' dir='ltr'>indo-</span> 
     </span>
    </p>

    <p class='ocr_par' dir='ltr' id='par_1_5' title="bbox 973 4997 2015 5070">
     <span class='ocr_line' id='line_1_32' title="bbox 973 4997 2015 5070; baseline 0.003 -3"><span class='ocrx_word' id='word_1_242' title='bbox 973 4997 978 5005; x_wconf 88' lang='grc'><strong>’</strong></span> <span class='ocrx_word' id='word_1_243' title='bbox 1927 5002 2015 5070; x_wconf 49' lang='lat' dir='ltr'>ml?</span> 
     </span>
    </p>
   </div>
   <div class='ocr_carea' id='block_1_5' title="bbox 0 0 2182 5984">
    <p class='ocr_par' dir='ltr' id='par_1_6' title="bbox 0 0 2182 5984">
     <span class='ocr_line' id='line_1_33' title="bbox 0 0 2182 5984; baseline 0 0"><span class='ocrx_word' id='word_1_244' title='bbox 0 0 2182 5984; x_wconf 95' lang='lat' dir='ltr'> </span> 
     </span>
    </p>
   </div>
  </div>
 </body>
</html>
