4292 5984
583 539 828 627 CAROLI
873 542 926 625 V.
969 547 1086 625 LIB.
1115 549 1176 623 II.
1510 546 1569 636 45

199 695 293 804 VII.
359 707 464 832 Ejus
501 695 587 800 viri
624 697 771 806 obitus
807 697 896 800 hoc
932 699 1109 842 gravior
1144 697 1390 802 Castellanis
1427 735 1471 802 et
1507 741 1609 803 mo-

136 844 288 946 lestior
331 842 524 963 accidit,
573 845 697 984 quod
741 881 853 944 unus
898 837 994 944 fore
1040 841 1306 965 videbatur,
1349 845 1428 988 qui
1469 848 1604 989 Regis

132 986 451 1106 adolescentis,
489 1022 608 1088 extra
644 986 910 1127 Hispaniam
954 985 1046 1087 nati
1091 1026 1134 1088 et
1179 989 1378 1108 educati,
1425 1031 1504 1089 nec
1546 993 1604 1091 ad
1727 991 1729 994 ’

129 1169 282 1232 mores
318 1131 622 1269 Hispanorum
668 1131 892 1249 instituti,
936 1127 1052 1232 facta
1094 1168 1139 1233 et
1180 1131 1363 1234 consilia
1405 1133 1602 1234 auctori-

130 1309 225 1375 tate
262 1310 306 1375 et
341 1273 573 1415 prudentia
608 1313 684 1373 sua
721 1274 1015 1375 moderaretur
1044 1310 1089 1375 et
1116 1287 1238 1412 cujus
1273 1277 1600 1378 admonitiones

130 1454 175 1518 et
215 1453 445 1560 praecepta
473 1430 571 1521 Rex
606 1417 727 1516 idem
763 1456 910 1557 aequo
942 1420 1097 1519 animo
1124 1421 1337 1564 acciperet
1368 1463 1418 1522 ac
1446 1461 1600 1562 seque·

129 1595 278 1662 retur.
316 1562 398 1664 Sed
422 1560 530 1664 illud
554 1560 687 1661 etiam
710 1554 796 1662 fuit
824 1596 969 1662 morte
1002 1565 1215 1667 Francisci
1241 1565 1450 1708 gravius,
1472 1565 1597 1707 quod

130 1706 184 1808 in
215 1704 328 1809 tanti
349 1705 437 1808 viri
463 1705 684 1808 demortui
712 1703 863 1808 locum
889 1702 1090 1808 suffectus
1120 1745 1181 1809 est
1196 1709 1454 1810 Guilielmus
1484 1723 1598 1812 Cro-

130 1860 232 1984 juS,
268 1846 409 1991 proba
451 1850 635 1993 quidem
683 1847 866 1970 indole,
901 1851 977 1951 sed
1017 1851 1263 1954 adolescens
1304 1893 1440 1953 annos
1477 1853 1597 1952 circi·

128 2029 198 2095 ter
234 1995 398 2138 viginti
435 2031 590 2114 natus,
626 2029 670 2093 et
706 2030 1079 2133 praetermorem
1114 2006 1333 2129 majorum
1371 1997 1596 2116 externus,

129 2137 314 2239 natione
362 2139 525 2281 Belga,
569 2133 768 2279 precibus
812 2135 956 2277 patrui
1008 2147 1096 2269 ejus
1151 2137 1376 2238 Guilielmi
1419 2139 1596 2242 Ceverii

129 2317 314 2382 exorato
350 2283 543 2402 CaroIo‚
591 2281 672 2424 qui
716 2317 872 2380 cuncta
916 2273 1006 2378 fere
1050 2280 1234 2379 consilio
1280 2317 1323 2379 et
1365 2281 1594 2379 voluntate

127 2424 271 2564 ipsius
306 2423 667 2542 administrabat,
702 2461 878 2565 propter
913 2461 1124 2564 magnam
1159 2419 1354 2521 hominis
1397 2423 1594 2558 pruden-

128 2567 221 2666 tiae
258 2567 560 2711 etgravitatis
597 2564 885 2710 opinionem,
921 2566 999 2707 qui
1033 2559 1172 2666 fiterat
1204 2606 1229 2664 a
1265 2563 1421 2664 teneris
1459 2563 1593 2704 ipsius

130 2713 339 2814 educator
374 2749 507 2855 atque
543 2749 724 2814 morum
759 2709 993 2853 magister.

194 2865 309 2957 VIII.
373 2868 494 2958 Cum
529 2857 575 2958 in
612 2854 844 2959 Castellam
879 2853 1129 2956 interiorem
1164 2851 1348 2956 venisset
1384 2849 1590 2962 Carolus;

131 2998 341 3101 Concilio
376 3001 726 3102 Castellanorum
762 2999 961 3121 indicto,
998 2998 1231 3101 civitatum
1269 3035 1594 3140 procerumque

132 3183 345 3244 consensu
381 3147 438 3245 ad
468 3145 775 3264 VaIdoIitum,
812 3145 1008 3288 Regium
1045 3144 1266 3285 oppidum
1302 3142 1350 3240 in
1384 3140 1593 3242 Vaccaeis

133 3295 229 3387 Rex
265 3288 506 3429 appellatur
543 3326 723 3434 propter
746 3296 950 3428 Joannae
984 3290 1133 3389 matris
1170 3321 1429 3429 perpetuam
1467 3323 1594 3385 men·-

132 3428 187 3529 tis
223 3430 525 3539 insanitatem3
551 3471 595 3534 ct
623 3436 716 3576 ipse
743 3433 936 3535 vicissIm
966 3474 1017 3534 ex
1042 3473 1165 3533 more
1189 3428 1488 3566 jusjurandum
1518 3427 1595 3526 dea

133 3573 201 3674 dit
238 3615 280 3674 se
315 3585 452 3720 Leges
488 3578 638 3720 Regni
677 3615 911 3718 moresque
954 3611 996 3677 et
1039 3576 1238 3678 instituta
1281 3582 1500 3706 majorum
1542 3607 1595 3667 ac

134 3717 365 3862 privilegia
415 3720 649 3824 civitatum
692 3757 989 3822 servaturum.
1043 3723 1267 3822 Arandam
1314 3749 1594 3857 progressus,

132 3863 284 4001 paucis
314 3899 413 4005 post
437 3865 620 3989 diebus,
654 3866 926 3968 Fernandum
957 3859 1134 3966 fratrem
1169 3865 1217 3965 in
1251 3861 1451 3999 Belgium
1488 3891 1596 3993 pro-

132 4002 271 4102 ficisci
297 4008 446 4138 jubet:
484 4009 574 4149 Ipse
604 4011 653 4112 in
684 4011 954 4153 Aragoniam
983 4023 1459 4145 Caesaraugustamque
1489 4037 1598 4098 con-

135 4147 312 4268 tendit,
348 4148 428 4249 ubi
458 4191 625 4251 menses
661 4192 826 4254 novem
853 4186 1182 4266 commoratus,
1212 4144 1457 4285 habitoque
1495 4147 1597 4240 Ara·
1718 4224 1721 4232 Α

137 4289 400 4432 gonensium
434 4292 669 4413 Concilio,
712 4295 1003 4397 Barcinonem
1049 4291 1288 4433 processit,
1334 4325 1384 4387 ut
1419 4283 1597 4388 Catala·

138 4471 301 4535 norum
338 4473 519 4577 quoque
555 4474 827 4537 conventum
863 4433 1072 4560 haberet,
1108 4474 1150 4536 et
1188 4436 1244 4536 ab
1280 4431 1476 4571 utrisque
1514 4469 1597 4528 eo-

139 4579 242 4678 dem
277 4573 368 4678 fere
403 4581 543 4680 modo
585 4618 629 4681 et
670 4579 779 4680 item
821 4619 848 4680 a
892 4580 1167 4700 Valentinis,
1212 4613 1487 4721 quamquam
1523 4613 1599 4672 eo·-

139 4757 237 4822 rum
273 4720 431 4823 urbem
465 4764 560 4826 non
595 4723 767 4844 adivit,
801 4736 899 4826 Rex
933 4718 1018 4825 fuit
1055 4723 1256 4824 salutatus
1292 4764 1341 4822 ea
1376 4721 1506 4861 Iege,
1543 4755 1600 4816 ne

141 4863 187 4964 id
224 4865 449 4968 decretum
479 4867 800 5010 praejudicium
830 4867 952 4968 fieret
988 4867 1037 4966 in
1067 4903 1255 4970 matrem
1284 4863 1529 5006 Reginam,
1564 4855 1602 4958 si

145 5011 326 5150 quando
361 5013 519 5115 mentis
555 5012 787 5116 sanitatem
821 5009 1063 5155 recepisset.
