4294 5984
520 429 792 516 ennom
828 428 883 510 v.
927 431 1047 510 aaa.
1090 429 1145 511 v.
1474 439 1558 530 1⁵?

141 637 186 704 et
214 589 440 702 fernando
470 590 619 692 'Avalo
652 586 982 690 communicato
1011 587 1231 709 consili0,
1259 587 1312 692 ex
1344 635 1392 697 ea
1419 600 1604 736 penuria

138 747 219 848 tria
256 745 522 844 ducatorum
559 735 698 834 millia
734 729 982 850 subducta,
1011 735 1268 854 Germanis,
1307 733 1342 836 si
1374 741 1605 846 consilium

138 885 319 990 fortuna
363 878 714 1023 comprobaret,
757 872 1013 976 submittere
1050 878 1305 978 constiutit.
1351 889 1448 982 Hac
1494 885 1607 987 inita

136 1029 348 1136 mittendi
382 1027 583 1159 tatione,
622 1019 870 1162 duplicibus
905 1018 1049 1120 linteis
1085 1021 1144 1120 ad
1186 1019 1373 1124 thoracis
1414 1021 1606 1132 formam
1685 1139 1687 1146 ,

135 1175 296 1318 aptatis
313 1250 341 1293 „
365 1171 480 1272 intus
517 1167 715 1311 dispositi
752 1164 927 1265 nummi
963 1202 1040 1306 per
1077 1165 1268 1306 singulos
1311 1167 1520 1291 ordines,
1563 1211 1608 1276 et

136 1319 266 1460 quasi
300 1355 444 1419 versus
480 1312 633 1430 rectis,
665 1308 1002 1448 transversisque
1038 1307 1116 1409 filis
1152 1310 1413 1436 intertextis,
1441 1356 1496 1418 ne
1532 1320 1609 1420 de⁴

137 1461 399 1578 laberentur,
431 1455 817 1596 constringunturr
851 1485 1029 1552 tumea
1063 1453 1197 1558 lintea
1233 1458 1393 1560 tunicis
1429 1463 1608 1565 interio-

139 1607 259 1710 ribus
288 1637 547 1720 assuuntur,
577 1637 714 1740 eaque
744 1595 910 1696 ratione
949 1595 1042 1696 duo
1075 1601 1201 1737 quasi
1240 1599 1438 1706 thoraces
1477 1647 1606 1708 num-

140 1751 227 1852 mis
274 1746 415 1850 aurcis
457 1784 540 1887 pro
586 1741 767 1880 xylino,
813 1739 996 1840 laneove
1040 1775 1242 1843 tomento
1284 1740 1418 1868 farti,
1461 1752 1607 1853 conh-

144 1893 350 2012 ciuntur,
387 1925 703 2029 aptanturque.
741 1893 840 1982 Hos
877 1882 1009 1983 duces
1045 1882 1219 1986 duobus
1265 1888 1477 2030 Hispanis
1512 1896 1605 1998 mi-

144 2034 295 2137 litibus
337 2033 442 2134 viris
483 2026 768 2143 fortissimis,
810 2062 922 2165 quos
965 2057 1015 2122 ut
1050 2029 1282 2166 negotium
1317 2035 1605 2176 susciperent,

143 2179 315 2320 magnis
363 2172 567 2314 pollicitis
615 2204 949 2308 persuaserant,
1000 2166 1248 2268 induendos
1303 2178 1516 2293 tradunt,
1560 2218 1604 2283 et

141 2323 255 2462 quid
291 2317 384 2418 fieti
409 2314 567 2432 velint,
589 2312 861 2429 ostendunt,
890 2347 1053 2450 eosque
1064 2385 1082 2428 ,
1113 2311 1222 2411 datis
1247 2315 1305 2413 ad
1333 2321 1604 2443 Antonium,

139 2474 556 2598 Germanorumque
598 2453 867 2598 praesidium
912 2452 1171 2574 mandatis,
1220 2451 1332 2556 bene
1379 2497 1604 2599 precantes

142 2608 403 2711 dimittunt.

211 2763 337 2856 XXI.
409 2761 513 2852 Erat
548 2747 596 2852 in
631 2748 860 2854 Gallorum
894 2745 1040 2852 castris
1066 2745 1376 2894 ,Hispanorum
1412 2753 1606 2879 cohorS,

143 2897 224 3038 qui
260 2931 461 3037 tempore
494 2896 731 3036 superiore,
751 2931 948 3137 1propter
983 2895 1229 2999 multorum
1264 2899 1485 3002 mensium
1519 2902 1603 3003 sti-

142 3041 356 3180 pendium
386 3078 481 3140 non
504 3039 725 3159 solutum,
771 3075 865 3139 acta
901 3040 1170 3160 secessione,
1203 3039 1259 3140 ad
1289 3041 1437 3142 Gallos
1466 3079 1601 3146 trans·

143 3183 317 3290 ierantr
353 3181 419 3282 his
454 3216 647 3322 praeerat
680 3189 828 3283 Petrus
863 3193 1094 3302 Guevara,
1136 3183 1219 3320 qui
1260 3221 1364 3283 cum
1400 3188 1604 3290 ordinem

142 3326 191 3425 in
227 3326 420 3427 exercitu
445 3326 727 3445 Caesariano,
758 3363 978 3426 summam
1013 3325 1190 3465 imperii
1225 3358 1402 3428 tenente
1426 3337 1604 3469 Prospe-

142 3508 193 3569 ro
229 3470 483 3588 Columna,
519 3467 737 3587 duxisset,
782 3505 882 3609 post
925 3467 1055 3604 hujus
1095 3505 1289 3570 mortem
1324 3513 1350 3573 a
1392 3473 1603 3576 Piscariae

143 3611 408 3715 Marchione
443 3608 529 3713 fuit
565 3650 642 3752 per
678 3611 883 3743 injuriam
919 3653 974 3712 eo
1011 3614 1150 3754 gradu
1175 3649 1306 3754 atque
1336 3611 1505 3716 honore
1534 3616 1603 3713 de-

142 3763 312 3886 jectus,
341 3797 434 3858 nec
471 3797 496 3858 a
532 3755 698 3859 Carolo
730 3767 947 3882 Caesare,
985 3768 1105 3886 cujus
1144 3755 1279 3858 fidem
1315 3757 1382 3854 vir
1417 3758 1604 3876 nobilia,

144 3935 188 3996 et
223 3939 324 4004 tum
359 3903 552 4022 virtute,
589 3936 685 4002 turn
727 3940 807 4002 usu
850 3901 912 4003 rei
955 3901 1150 4002 militaris
1197 3933 1405 4040 praestans
1440 3898 1603 4041 implo=

144 4042 289 4162 ravit,
324 4045 380 4144 ad
415 4086 538 4147 suam
573 4045 838 4186 dignitatem
873 4046 1111 4146 restitutust
1149 4038 1443 4181 quamobrem
1477 4043 1536 4144 ab
1572 4045 1605 4145 i·

145 4224 229 4326 pso
271 4187 471 4290 Princie
516 4187 761 4311 missione,
805 4225 848 4291 et
890 4188 1153 4325 cuicumque
1188 4183 1346 4307 vellet,
1382 4186 1607 4290 militandi
1699 4181 1703 4202 ¹

145 4327 381 4472 impetrata
415 4231 652 4450 iacultate,
690 4334 745 4430 ad
780 4344 955 4470 Regem
989 4330 1152 4432 Galliae
1197 4369 1285 4429 sese
1329 4337 1601 4436 contulerat.

145 4481 254 4576 Duo
290 4474 424 4616 igitur
459 4474 646 4592 milites,
689 4471 936 4576 thoracibus
977 4507 1087 4574 auro
1132 4469 1301 4574 infartis
1334 4474 1513 4594 induti,
1557 4474 1609 4576 in

145 4653 294 4722 castra-
326 4619 585 4741 Gallorum,
631 4611 1022 4762 Hispanorumque
1067 4613 1295 4722 cohortem
1338 4660 1420 4760 pro
1462 4655 1605 4720 trans*

147 4749 266 4901 firgis
300 4803 403 4872 curn
437 4762 759 4909 pervenissent,
794 4805 822 4866 a·
862 4774 991 4868 Petro
1033 4772 1263 4890 Guevara,
1298 4763 1371 4866 cui
1409 4765 1511 4870 noti
1555 4801 1609 4861 ca

1260 4929 1267 4948 '
1479 4937 1602 5024 rant,
