4292 5984
572 465 1229 624 canoarv.t1a1.
1553 495 1588 590 7

14 733 15 740 ¹
161 659 297 807 gonia
336 656 514 804 proprie
550 695 828 800 nuncupata,
858 667 979 790 cujus
1009 695 1141 798 caput
1178 693 1241 759 est
1276 651 1631 800 Caesaraugusta,

158 809 264 910 urbs
297 817 388 940 jam
423 807 534 907 olim
583 804 831 947 praeclara3
883 842 988 901 nam
1021 805 1358 906 Tarraconensis
1394 839 1518 906 vetus
1552 805 1634 904 vo-

158 951 371 1054 cabulum
404 951 453 1050 in
490 949 786 1094 Aragonensis
817 947 1136 1090 degeneravits
1175 949 1258 1050 nisi
1292 943 1406 1049 forte
1449 954 1634 1092 Aragon

156 1099 248 1230 (sie
285 1097 408 1197 enim
447 1137 473 1194 a
504 1094 664 1198 nostris
698 1133 750 1196 ea
783 1092 909 1234 regio
935 1095 1141 1226 vocatur)
1177 1090 1235 1193 ab
1265 1100 1418 1234 Arago
1452 1093 1635 1194 flumine

155 1242 208 1342 in
239 1254 417 1341 Iberum
446 1239 653 1340 influente
681 1276 850 1336 nomen
881 1239 1079 1378 accepirs
1119 1277 1229 1378 quae
1268 1239 1358 1335 duo
1391 1236 1577 1336 flumina
1609 1277 1636 1337 a

157 1380 506 1528 cognominibus
544 1379 689 1480 fluviis
723 1380 1024 1481 Asiaticorum
1056 1391 1281 1483 Ibetontm
1295 1458 1309 1500 ‚
1343 1381 1423 1522 qui
1456 1381 1503 1480 in
1529 1380 1637 1480 His-

156 1531 339 1670 paniam
375 1562 700 1669 pervenerunt,
735 1559 892 1627 vocata
923 1520 1087 1647 fuisse,
1120 1563 1163 1626 et
1198 1528 1254 1630 ab
1282 1526 1416 1627 altero
1446 1525 1633 1625 Iberiam

158 1713 343 1775 omnem
375 1672 671 1812 Hispaniam,
709 1669 766 1773 ab
803 1669 941 1770 altero
978 1673 1230 1810 proximam
1264 1671 1494 1813 regionem
1519 1676 1635 1770 Ara-

158 1857 364 1960 gonem,
407 1816 566 1917 deinde
604 1814 909 1959 Aragoniam,
955 1817 1141 1916 nomina
1178 1817 1377 1918 sumsisse
1412 1813 1632 1957 probabi⁴

158 1960 202 2064 lc
238 2003 328 2064 est.

233 2120 296 2210 X.
373 2116 600 2229 Navarra,
635 2146 751 2249 quae
782 2144 952 2250 partem
988 2145 1175 2249 occupat
1202 2101 1491 2226 Cantabriae,
1531 2140 1632 2206 me-

158 2251 236 2352 dia
272 2254 387 2352 inter
419 2252 700 2353 Cataloniam
739 2253 1103 2394 Aragoniatnque
1148 2289 1191 2350 et
1232 2253 1490 2381 Biscajam‚
1538 2287 1634 2349 non

159 2395 310 2496 solum
346 2396 526 2536 attingit
562 2407 834 2528 Pyrenaeum
874 2431 1100 2513 montem,
1137 2393 1211 2493 sed
1252 2391 1530 2534 progreditur
1563 2424 1635 2486 et·-

159 2537 253 2638 iam
298 2534 435 2678 usque
484 2539 541 2637 ad
583 2537 813 2638 Gallorum
845 2537 1159 2677 Aquitaniam.
1209 2534 1477 2674 Portugallia
1520 2555 1632 2630 vero

160 2719 259 2823 pars
295 2718 359 2782 est
398 2682 682 2806 Lusitaniae,
717 2683 799 2782 nisi
825 2682 950 2823 quod
978 2680 1135 2782 fluvios
1170 2677 1379 2778 nonnihil
1415 2711 1633 2816 transgre-

149 2826 282 2926 ditur
319 2832 468 2925 Anam
503 2827 793 2928 et'Dutium.
846 2827 919 2927 Ab
947 2823 1035 2924 hoc
1074 2825 1196 2924 enim
1230 2822 1286 2922 ad
1323 2819 1525 2919 Minium
1556 2857 1635 2918 us*

102 3101 104 3104 Ι
164 3008 264 3109 que
289 2972 488 3110 procedit
516 2972 565 3071 in
599 2969 895 3070 Gallaeciam.
935 2981 1001 3070 Ita
1038 3008 1141 3070 cum
1183 2967 1237 3069 sit
1272 2955 1413 3066 multo
1447 2961 1631 3102 longior

164 3150 301 3253 quam
339 3114 497 3230 latior,
539 3107 754 3240 efficitur,
790 3151 840 3214 ut
869 3152 1031 3256 magna
1069 3151 1163 3248 pars
1196 3108 1445 3211 Lusitaniae
1470 3119 1635 3248 Regno

163 3258 374 3358 Castellae
423 3255 730 3361 contineaturs
770 3256 858 3352 hoe
902 3291 1005 3372 est,
1053 3286 1148 3352 tota
1184 3253 1536 3366 Extremaduta,
1593 3281 1638 3347 et

164 3439 268 3501 curn
287 3400 439 3500 ceteris
467 3396 735 3501 Vettonibus
768 3397 1121 3500 Salmanticenses
1149 3430 1193 3494 et
1219 3395 1454 3493 Avelenses
1467 3467 1481 3510 ‚
1518 3427 1633 3532 quos

164 3546 385 3687 quidam,
422 3544 491 3644 uti
524 3543 897 3661 memoravimus,
934 3541 1151 3641 Lusitanis
1201 3570 1503 3639 annumerant.

237 3699 314 3790 XI.
389 3697 515 3788 Haec
556 3687 743 3805 omnia,
796 3687 851 3785 de
894 3684 1070 3826 quibus·
1105 3684 1331 3803 diximus,
1365 3694 1525 3819 Regna
1552 3711 1633 3774 suo

158 3835 377 3975 quodque
419 3832 595 3976 Regulo
637 3846 950 3933 Saracenorum
978 3831 1171 3970 imperio
1210 3859 1481 3969 paruerunt,
1521 3855 1634 3960 quae

164 3977 418 4114 singulatim
452 3979 525 4110 (ut
559 4019 585 4076 a
621 3975 879 4078 Christianis
909 4012 1009 4079 sunt
1042 3977 1238 4111 recepta)
1272 4001 1521 4067 nostrorum
1542 3974 1634 4064 Re-

165 4157 280 4261 gum
312 4119 494 4239 titulos,
530 4122 611 4262 qui
644 4156 736 4222 tam
770 4121 900 4224 multi
933 4159 1038 4218 cum
1089 4111 1227 4253 Regis
1258 4110 1443 4210 nomine
1478 4109 1526 4207 in
1564 4105 1637 4204 di-

166 4259 372 4403 plomatis
415 4263 788 4402 praescribuntur,
838 4297 1077 4364 auxerunt.
1119 4265 1285 4357 Nostra
1318 4295 1425 4356 vero
1464 4285 1639 4351 memo-
1736 4359 1740 4368 ,

165 4406 230 4504 tia
261 4441 429 4544 praeter
445 4409 788 4548 Portugalliam,
809 4447 922 4546 quae
957 4445 1036 4506 suo
1056 4417 1180 4546 Rege
1202 4397 1493 4543 gubernatur,
1532 4395 1633 4494 uni«.

167 4587 290 4651 versa
324 4549 542 4690 Hispania
577 4550 654 4650 uni
683 4551 799 4692 Regi
825 4553 1049 4650 Fernando
1057 4625 1072 4667 ,
1105 4589 1130 4650 a
1171 4585 1265 4688 quo
1303 4552 1499 4644 Navarra
1527 4579 1638 4679 quo·

170 4733 258 4833 que
304 4729 528 4834 postremo
563 4703 609 4794 ln
647 4696 866 4795 ditionem
914 4696 1086 4795 redacta
1131 4727 1233 4809 est,
1278 4728 1427 4829 parete
1466 4683 1635 4825 coepit.

170 4844 293 4956 Nam
326 4878 431 4940 cum
464 4837 539 4938 hic
585 4874 692 4941 esset
731 4839 920 4978 Joannis
959 4835 1213 4978 Aragoniae
1252 4833 1387 4973 Regis
1435 4829 1550 4931 filius
1590 4858 1634 4922 et

1557 4967 1639 5068 he-
