4368 5984
707 407 710 414 .
736 353 857 424 VITA
880 354 947 426 ET
972 349 1184 428 SCRIPTA.
1590 363 1637 434 V.

208 481 304 570 veda
321 479 532 596 conscripta
549 542 561 586 ,
583 505 623 567 et
638 477 743 567 a'nno
772 508 895 600 152¹·
926 482 964 567 in
982 481 1104 566 lucem
1121 481 1250 588 edita,
1267 509 1477 570 sermonem
1494 485 1662 576 institua*

209 631 319 708 mus,
352 627 392 688 et
416 630 517 720 quae
546 600 625 716 ejus
654 600 870 688 scribendae
886 597 998 687 fuerit
1014 599 1190 706 occasio,
1218 603 1333 717 paulo
1362 605 1567 692 accuratius
1597 638 1659 695 ex·

81 727 85 738 '
204 719 398 835 plicemus.
884 795 885 798 t

293 842 398 924 Cum
432 837 583 956 Aegidii
613 838 853 945 Cardinalis,
900 839 967 954 qui
1000 837 1087 924 belli
1131 837 1308 953 pacisque
1345 841 1484 929 artibus
1528 843 1660 933 vivens

203 985 393 1044 summam
421 959 489 1044 sibi
513 958 675 1042 nominis
702 958 906 1043 claritatem
942 981 1227 1071 comparaverat
1256 1018 1268 1063 ,
1301 959 1487 1071 praeclara
1517 958 1658 1050 facino·

205 1104 247 1160 ra
262 1105 379 1161 nemo
395 1075 463 1160 nisi
485 1105 623 1180 avare,
655 1100 694 1160 et
710 1077 804 1170 dum
826 1074 912 1159 alias
936 1103 993 1159 res
1021 1099 1177 1190 ageret,
1211 1076 1447 1182 tradidisset,
1479 1081 1574 1165 tanti
1591 1082 1661 1169 viri

203 1221 248 1277 ac
272 1193 322 1279 de
339 1223 380 1278 se
404 1194 548 1305 optime
573 1195 691 1278 metiri
724 1193 942 1278 memoriam
962 1195 1012 1278 ab
1041 1221 1086 1277 ea
1111 1191 1241 1304 injuria
1267 1195 1452 1281 vindicare
1479 1225 1662 1288 conantes

201 1311 364 1429 Collegii
393 1311 648 1429 Hispaniensis
668 1312 846 1416 sodales,
871 1313 1058 1426 quosdam
1079 1310 1183 1397 velut
1215 1315 1505 1401 commentarios
1533 1345 1660 1406 rerum

200 1431 318 1516 abeo
345 1455 536 1548 gestarum
560 1430 664 1516 haud
690 1428 868 1516 mediocri
895 1429 1024 1515 labore
1043 1425 1307 1516 confecerant.
1342 1435 1429 1519 Hos
1460 1459 1588 1520 autern
1621 1437 1662 1524 in

204 1547 378 1634 historiae
405 1544 567 1636 formam
584 1549 777 1664 redigendi
806 1547 946 1660 Joanni
971 1548 1120 1635 cuidam
1147 1549 1317 1636 Garzoni
1349 1568 1363 1607 ¹
1404 1554 1663 1664 Bononiensi,

203 1666 270 1780 qui
295 1669 529 1782 temporibus
548 1667 613 1752 illis
639 1668 743 1753 haud
771 1665 943 1759 infimum
972 1669 1067 1754 inter
1086 1666 1265 1754 litteratos
1281 1698 1425 1756 nomen
1452 1671 1661 1782 obtinebat,

202 1785 436 1898 provinciam
455 1785 734 1873 demandantnt
750 1845 762 1889 ,
779 1786 907 1870 oblata
930 1787 1014 1873 satis
1042 1785 1201 1870 honesta
1231 1786 1477 1874 conditione.
1508 1795 1564 1874 lta
1601 1789 1662 1878 fa-

198 1927 304 1988 ctum
321 1929 407 2008 est,
433 1929 478 1991 ut
497 1903 646 2021 Aegidii
666 1933 836 2009 nomen„
863 1901 972 2020 quod
1001 1931 1122 2020 paene
1150 1905 1347 1992 oblivione
1363 1937 1581 2022 oppressum
1608 1909 1659 2022 ja·

197 2021 341 2129 cebat,
369 2023 408 2107 in
433 2047 602 2140 apertam
620 2024 742 2109 lucem
759 2047 987 2140 emergeret.
1032 2025 1178 2108 Verum
1211 2023 1366 2139 scriptor
1402 2026 1460 2110 ille
1492 2027 1661 2140 disertus,

193 2163 241 2224 ut
269 2142 500 2256 putabatur,
522 2165 603 2227 tam
630 2142 861 2258 negligenter
887 2170 1027 2228 munus
1055 2171 1165 2226 suum
1183 2142 1330 2249 obivit,
1359 2169 1403 2229 ut
1419 2144 1539 2230 multa
1565 2145 1663 2248 inta÷¹

194 2281 262 2342 cta
279 2259 497 2376 reliquerit,
524 2259 645 2348 multa
660 2261 783 2346 alieno
810 2259 898 2347 loco
916 2321 929 2365 ,
946 2287 1014 2345 nec
1030 2260 1114 2346 satis
1139 2260 1320 2374 explicata
1336 2261 1531 2350 tradiderit
1548 2324 1560 2368 ,
1578 2265 1662 2350 nul·

194 2372 235 2458 la
261 2405 373 2491 saepe
395 2379 455 2464 vel
477 2403 694 2496 temporum
711 2377 772 2466 vel
787 2377 962 2464 locorum
978 2378 1104 2462 habita
1120 2379 1275 2464 ratione.
1313 2382 1430 2466 Unde
1454 2408 1524 2464 nec
1541 2381 1661 2468 histo·

190 2492 319 2600 riam,
347 2521 417 2580 nec
432 2497 598 2611 optimos
630 2497 786 2586 Latinae
801 2495 950 2614 linguae
967 2521 1146 2582 auctores
1164 2525 1346 2612 umquam
1363 2498 1490 2614 legisse
1506 2527 1662 2612 appare·

195 2635 269 2698 tet.
302 2617 417 2701 Hanc
446 2615 707 2734 indignitatem
734 2615 887 2702 minime
915 2610 1076 2700 ferentes
1094 2615 1292 2732 Aegidiani
1317 2614 1477 2732 Collegii
1500 2617 1660 2722 sodales,

193 2728 480 2844 Sepulvedam,
507 2736 575 2854 qui
591 2736 629 2821 in
647 2765 695 2822 eo
722 2733 959 2820 scientiarum
986 2734 1187 2820 Athenaeo
1217 2733 1355 2850 ingenii
1384 2735 1440 2820 sui
1467 2761 1662 2848 praestan·-

193 2845 269 2934 tiae
285 2849 391 2936 haud
417 2854 579 2940 obscura
606 2855 838 2942 documenta
865 2852 1127 2968 praebuerat,
1157 2882 1305 2936 summa
1334 2881 1409 2967 ope
1442 2880 1658 2964 exorarunt,

194 2989 240 3050 ut
266 2968 401 3054 rudem
418 2996 457 3058 et
485 2972 685 3060 barbaram
715 2971 909 3058 historiam
941 2969 980 3054 in
1010 2969 1197 3055 mitiorem
1227 2969 1371 3055 cultum
1388 2994 1426 3056 et
1453 2969 1659 3088 elegantio-

188 3109 271 3168 rem
299 3083 464 3175 formam
496 3091 707 3208 redigeret.
743 3089 807 3174 lllc
830 3117 924 3177 vero
943 3117 1033 3174 cum
1056 3118 1103 3172 ex
1142 3086 1270 3174 Tullio
1299 3088 1419 3204 probe
1449 3085 1655 3198 didicisset,

185 3199 382 3289 historiam
399 3235 469 3292 nec
494 3211 634 3296 institui
662 3208 728 3296 nisi
751 3232 975 3324 praeparato
992 3205 1109 3312 orio,
1139 3235 1211 3292 nec
1239 3206 1377 3323 exiguo
1406 3230 1577 3321 tempore
1593 3209 1655 3294 ab·

186 3319 284 3408 solvi
312 3353 423 3437 posse
455 3385 467 3428 ,
497 3328 563 3415 diu
585 3326 761 3445 equidem
791 3351 848 3414 est
871 3325 1074 3412 reluctatus
1110 3384 1122 3429 ,
1154 3327 1347 3410 sacrarum
1377 3323 1582 3412 litterarum
1616 3351 1657 3414 et

185 3438 447 3528 Aristotelicae
470 3445 664 3533 doctrinae
693 3443 822 3532 studio
838 3443 1014 3531 severiori
1032 3472 1140 3557 ,quo
1167 3442 1308 3529 multos
1335 3442 1409 3558 jam
1441 3473 1560 3532 annos
1590 3443 1660 3530 lla·

189 3557 355 3672 grabat,
390 3590 597 3679 occupatus
609 3611 624 3652 ·.
672 3563 746 3654 Sed
777 3593 825 3648 ne
856 3587 937 3649 tam
965 3562 1127 3648 honesta
1161 3563 1375 3676 petentibus
1404 3586 1444 3647 et
1468 3563 1657 3676 praeclara

189 3676 458 3766 meditantibus
471 3683 685 3799 quidquam
704 3709 843 3798 negare
859 3681 1078 3786 videretur,
1116 3680 1320 3767 accedente
1351 3679 1463 3764 etiam
1494 3687 1658 3765 Bernar-

190 3791 269 3879 dini
297 3797 501 3915 Carvajalis
520 3805 559 3888 S.
575 3807 622 3888 R.
640 3806 690 3888 E.
716 3799 923 3888 Cardinalis
950 3799 1174 3887 auctoritate
1203 3858 1217 3906 ,
1246 3798 1363 3888 victas
1388 3798 1543 3884 tandem
1575 3828 1655 3884 ma·

1582 3946 1656 4006 nus

231 4047 244 4089 r
290 4033 401 4108 Josnu.
416 4035 561 4096 Garzonis
577 4039 781 4098 commentarii
802 4050 992 4096 asservantur
1005 4038 1034 4096 in
1056 4021 1187 4110 Collegil
1203 4031 1397 4091 Bononiensis
1420 4031 1563 4091 tabulario
1583 4053 1650 4092 ma·-

188 4126 228 4165 uu
253 4117 391 4190 exarati,
412 4132 440 4175 et
455 4121 547 4176 minio
565 4121 662 4178 ornati
680 4122 893 4194 aHieronymo
914 4120 1074 4193 Pagliaroli
1088 4134 1155 4174 ann.
1180 4113 1262 4187 1506.
1277 4126 1309 4170 ut
1323 4113 1459 4172 discimus
1477 4133 1512 4171 ex
1530 4116 1655 4188 epistola

97 4211 101 4224 ¹
188 4193 320 4263 superius
346 4197 466 4255 laudata
491 4199 625 4258 Rectoris
652 4201 778 4276 ejusdem
800 4200 926 4273 Collegil
940 4236 952 4270 ,
980 4213 1076 4268 aquo
1103 4195 1193 4252 etiam
1216 4194 1406 4251 admonemur
1431 4235 1442 4266 ,
1472 4211 1572 4252 verum
1601 4211 1655 4251 eo-

186 4285 256 4326 rum
284 4289 431 4335 auctorem
453 4277 542 4337 fuisse
563 4281 738 4338 Rodericum
763 4280 899 4336 Bivarem
927 4279 1102 4350 collegam,
1129 4274 1177 4348 qui
1199 4274 1240 4332 ibi
1263 4277 1378 4332 ΜΗΘ
1397 4273 1467 4330 XV·
1500 4275 1537 4330 ad
1557 4269 1656 4362 ‘mli'

189 4365 272 4407 mum
292 4352 353 4428 jam
369 4353 508 4432 vergente
532 4359 664 4417 florebat.
687 4360 766 4415 Nam
785 4359 837 4414 snb
856 4357 974 4413 initium
989 4355 1097 4414 codicis
1117 4355 1246 4428 legitur:
1268 4355 1380 4427 Incipit
1400 4350 1479 4410 liber
1495 4367 1552 4427 W
1566 4355 1656 4430 3⁰⁰⁸·

187 4425 358 4491 (larzonem
379 4439 476 4496 civem
491 4440 719 4512 Bononiensem,
742 4435 939 4513 collectusque
952 4438 1083 4509 sudore,
1106 4435 1235 4506 labms
1259 4434 1407 4490 '‘munli‘'
1428 4433 1575 4491 R⁰der²⁸⁶²⁸
1596 4435 1657 4494 Bi*

184 4513 275 4568 varis
295 4513 440 4588 Hispani.
464 4519 564 4594 Quare
586 4521 614 4577 in
636 4519 753 4576 dubium
775 4535 912 4576 revocare
928 4518 1052 4591 amplius
1064 4515 1124 4592 jam
1138 4514 1282 4572 nonlicet
1300 4530 1365 4571 cum
1385 4512 1655 4574 N5001³¹²t⁰¹bv⁰b

182 4605 214 4648 e.
243 4589 327 4649 Bibl.
344 4595 437 4670 Hisp.
462 4615 490 4672 p.
506 4616 569 4674 209.
595 4617 695 4656 verum
713 4599 900 4674 Aegidianae
929 4597 1070 4656 historiae
1090 4609 1239 4653 auctorem
1261 4591 1531 4651 fuissellivarem:
1559 4596 1604 4651 cui
1628 4596 1653 4671 si

183 4667 304 4727 foetum
320 4691 405 4732 suum
422 4675 562 4750 perficere
582 4681 729 4754 licuisset,
749 4682 871 4736 minime
885 4679 1074 4734 dubitandum
1095 4689 1160 4748 est,
1179 4676 1247 4748 quin
1270 4675 1386 4750 egregit
1409 4674 1519 4730 muneri
1543 4691 1595 4730 ⁸¹¹⁰
1614 4677 1656 4733 δὲ·

186 4747 374 4828 tisfecisset,
389 4773 458 4814 nam
480 4776 514 4815 ex
536 4759 659 4833 epistola
673 4761 710 4818 ad
732 4758 891 4817 Alfonsum
913 4757 1070 4816 Camillum
1084 4757 1260 4831 Episcopum
1275 4755 1454 4812 Abulensem
1476 4755 1554 4827 operi
1569 4771 1655 4829 prae·

191 4826 254 4886 fixa
276 4833 356 4890 haud
381 4838 502 4896 obscura
523 4853 662 4916 apparet,
688 4857 754 4900 eum
771 4854 802 4900 et
821 4839 885 4901 stili
897 4839 1044 4916 elegantia
1065 4877 1078 4915 ,
1101 4850 1131 4898 et
1146 4835 1262 4896 dicendi
1285 4835 1387 4897 ordine
1411 4831 1541 4896 emon
1565 4837 1652 4912 ΙοιιὸΕ

190 4913 377 4990 multumque
401 4921 586 4992 praecellere.
