<?xml version="1.0" encoding="UTF-8"?>
<!DOCTYPE html PUBLIC "-//W3C//DTD XHTML 1.0 Transitional//EN"
    "http://www.w3.org/TR/xhtml1/DTD/xhtml1-transitional.dtd">
<html xmlns="http://www.w3.org/1999/xhtml" xml:lang="en" lang="en">
 <head>
  <title>
</title>
<meta http-equiv="Content-Type" content="text/html;charset=utf-8" />
  <meta name='ocr-system' content='tesseract 3.04.00' />
  <meta name='ocr-capabilities' content='ocr_page ocr_carea ocr_par ocr_line ocrx_word'/>
</head>
<body>
  <div class='ocr_page' id='page_1' title='image "./joannisgenesiis02sepgoog_0621.png"; bbox 0 0 4326 5986; ppageno 0'>
   <div class='ocr_carea' id='block_1_1' title="bbox 616 445 1636 546">
    <p class='ocr_par' dir='ltr' id='par_1_1' title="bbox 616 445 1636 546">
     <span class='ocr_line' id='line_1_1' title="bbox 616 445 1636 546; baseline 0.011 -10"><span class='ocrx_word' id='word_1_1' title='bbox 616 448 862 536; x_wconf 75' lang='lat' dir='ltr'>cauom</span> <span class='ocrx_word' id='word_1_2' title='bbox 903 445 957 536; x_wconf 84' lang='lat' dir='ltr'>v.</span> <span class='ocrx_word' id='word_1_3' title='bbox 1007 451 1120 530; x_wconf 70' lang='grc' dir='ltr'>ΗΒ.</span> <span class='ocrx_word' id='word_1_4' title='bbox 1177 451 1269 530; x_wconf 86' lang='lat' dir='ltr'>xu.</span> <span class='ocrx_word' id='word_1_5' title='bbox 1548 455 1636 546; x_wconf 77' lang='lat'>377</span> 
     </span>
    </p>
   </div>
   <div class='ocr_carea' id='block_1_2' title="bbox 137 607 1675 4924">
    <p class='ocr_par' dir='ltr' id='par_1_2' title="bbox 137 607 1675 2298">
     <span class='ocr_line' id='line_1_2' title="bbox 216 607 1674 757; baseline 0.002 -43"><span class='ocrx_word' id='word_1_6' title='bbox 216 609 529 716; x_wconf 88' lang='lat' dir='ltr'>Mahumetani</span> <span class='ocrx_word' id='word_1_7' title='bbox 567 651 784 757; x_wconf 87' lang='lat' dir='ltr'>quoque,</span> <span class='ocrx_word' id='word_1_8' title='bbox 827 651 921 714; x_wconf 93' lang='lat' dir='ltr'>non</span> <span class='ocrx_word' id='word_1_9' title='bbox 963 614 1106 714; x_wconf 89' lang='lat' dir='ltr'>solum</span> <span class='ocrx_word' id='word_1_10' title='bbox 1149 607 1391 714; x_wconf 80' lang='lat' dir='ltr'>Christiani</span> <span class='ocrx_word' id='word_1_11' title='bbox 1431 609 1594 715; x_wconf 86' lang='lat' dir='ltr'>festum</span> <span class='ocrx_word' id='word_1_12' title='bbox 1630 659 1674 717; x_wconf 88' lang='lat' dir='ltr'>a·</span> 
     </span>
     <span class='ocr_line' id='line_1_3' title="bbox 214 753 1675 902; baseline 0.001 -43"><span class='ocrx_word' id='word_1_13' title='bbox 214 794 363 902; x_wconf 88' lang='lat' dir='ltr'>gunt,</span> <span class='ocrx_word' id='word_1_14' title='bbox 398 798 647 900; x_wconf 86' lang='lat' dir='ltr'>magnaque</span> <span class='ocrx_word' id='word_1_15' title='bbox 693 757 907 900; x_wconf 86' lang='lat' dir='ltr'>religione</span> <span class='ocrx_word' id='word_1_16' title='bbox 950 757 1192 860; x_wconf 87' lang='lat' dir='ltr'>celebrant.</span> <span class='ocrx_word' id='word_1_17' title='bbox 1241 764 1419 898; x_wconf 86' lang='lat' dir='ltr'>Aquo</span> <span class='ocrx_word' id='word_1_18' title='bbox 1464 753 1541 858; x_wconf 91' lang='lat' dir='ltr'>ubi</span> <span class='ocrx_word' id='word_1_19' title='bbox 1583 760 1675 860; x_wconf 91' lang='lat' dir='ltr'>dies</span> 
     </span>
     <span class='ocr_line' id='line_1_4' title="bbox 214 901 1675 1044; baseline 0.001 -41"><span class='ocrx_word' id='word_1_20' title='bbox 214 903 365 1003; x_wconf 85' lang='lat' dir='ltr'>tertius</span> <span class='ocrx_word' id='word_1_21' title='bbox 414 902 595 1023; x_wconf 87' lang='lat' dir='ltr'>illuxit,</span> <span class='ocrx_word' id='word_1_22' title='bbox 642 901 788 1003; x_wconf 87' lang='lat' dir='ltr'>hostes</span> <span class='ocrx_word' id='word_1_23' title='bbox 839 903 1104 1044; x_wconf 89' lang='lat' dir='ltr'>quotidiana</span> <span class='ocrx_word' id='word_1_24' title='bbox 1157 901 1472 1002; x_wconf 88' lang='lat' dir='ltr'>consuetudine</span> <span class='ocrx_word' id='word_1_25' title='bbox 1525 901 1675 1004; x_wconf 90' lang='lat' dir='ltr'>multis</span> 
     </span>
     <span class='ocr_line' id='line_1_5' title="bbox 215 1042 1674 1188; baseline 0.001 -43"><span class='ocrx_word' id='word_1_26' title='bbox 215 1042 320 1146; x_wconf 93' lang='lat' dir='ltr'>hinc</span> <span class='ocrx_word' id='word_1_27' title='bbox 356 1047 462 1149; x_wconf 90' lang='lat' dir='ltr'>inde</span> <span class='ocrx_word' id='word_1_28' title='bbox 497 1085 595 1148; x_wconf 87' lang='lat' dir='ltr'>turn</span> <span class='ocrx_word' id='word_1_29' title='bbox 631 1044 889 1188; x_wconf 88' lang='lat' dir='ltr'>peditibus,</span> <span class='ocrx_word' id='word_1_30' title='bbox 925 1082 1022 1150; x_wconf 92' lang='lat' dir='ltr'>tum</span> <span class='ocrx_word' id='word_1_31' title='bbox 1057 1047 1191 1148; x_wconf 89' lang='lat' dir='ltr'>etiam</span> <span class='ocrx_word' id='word_1_32' title='bbox 1228 1043 1447 1187; x_wconf 89' lang='lat' dir='ltr'>equitibus</span> <span class='ocrx_word' id='word_1_33' title='bbox 1483 1043 1674 1186; x_wconf 84' lang='lat' dir='ltr'>disposi-</span> 
     </span>
     <span class='ocr_line' id='line_1_6' title="bbox 214 1188 1673 1292; baseline 0 -2"><span class='ocrx_word' id='word_1_34' title='bbox 214 1189 267 1290; x_wconf 86' lang='lat' dir='ltr'>tis</span> <span class='ocrx_word' id='word_1_35' title='bbox 310 1231 362 1290; x_wconf 84' lang='lat' dir='ltr'>ex</span> <span class='ocrx_word' id='word_1_36' title='bbox 396 1191 566 1292; x_wconf 88' lang='lat' dir='ltr'>oliveto</span> <span class='ocrx_word' id='word_1_37' title='bbox 608 1228 743 1292; x_wconf 90' lang='lat' dir='ltr'>castra</span> <span class='ocrx_word' id='word_1_38' title='bbox 787 1188 866 1290; x_wconf 87' lang='lat' dir='ltr'>sub</span> <span class='ocrx_word' id='word_1_39' title='bbox 911 1225 1060 1290; x_wconf 93' lang='lat' dir='ltr'>ortum</span> <span class='ocrx_word' id='word_1_40' title='bbox 1097 1191 1199 1290; x_wconf 91' lang='lat' dir='ltr'>solis</span> <span class='ocrx_word' id='word_1_41' title='bbox 1240 1192 1403 1292; x_wconf 86' lang='lat' dir='ltr'>eisdem</span> <span class='ocrx_word' id='word_1_42' title='bbox 1446 1193 1673 1292; x_wconf 90' lang='lat' dir='ltr'>tormentis</span> 
     </span>
     <span class='ocr_line' id='line_1_7' title="bbox 215 1333 1674 1478; baseline 0.001 -46"><span class='ocrx_word' id='word_1_43' title='bbox 215 1371 473 1478; x_wconf 84' lang='lat' dir='ltr'>oppugnare</span> <span class='ocrx_word' id='word_1_44' title='bbox 508 1372 775 1477; x_wconf 80' lang='lat' dir='ltr'>coeperunt3</span> <span class='ocrx_word' id='word_1_45' title='bbox 813 1336 1072 1475; x_wconf 90' lang='lat' dir='ltr'>quodlicet</span> <span class='ocrx_word' id='word_1_46' title='bbox 1111 1333 1233 1436; x_wconf 83' lang='lat' dir='ltr'>fieret</span> <span class='ocrx_word' id='word_1_47' title='bbox 1268 1375 1373 1436; x_wconf 92' lang='lat' dir='ltr'>cum</span> <span class='ocrx_word' id='word_1_48' title='bbox 1418 1371 1550 1474; x_wconf 87' lang='lat' dir='ltr'>parva</span> <span class='ocrx_word' id='word_1_49' title='bbox 1588 1373 1674 1464; x_wconf 68' lang='lat' dir='ltr'>no7</span> 
     </span>
     <span class='ocr_line' id='line_1_8' title="bbox 216 1471 1673 1613; baseline 0.003 -39"><span class='ocrx_word' id='word_1_50' title='bbox 216 1511 408 1578; x_wconf 85' lang='lat' dir='ltr'>scrotum</span> <span class='ocrx_word' id='word_1_51' title='bbox 443 1489 648 1613; x_wconf 86' lang='lat' dir='ltr'>jactura,</span> <span class='ocrx_word' id='word_1_52' title='bbox 687 1478 869 1581; x_wconf 76' lang='lat' dir='ltr'>Carolus</span> <span class='ocrx_word' id='word_1_53' title='bbox 914 1515 1063 1580; x_wconf 88' lang='lat' dir='ltr'>tamen</span> <span class='ocrx_word' id='word_1_54' title='bbox 1100 1488 1189 1612; x_wconf 89' lang='lat' dir='ltr'>jam</span> <span class='ocrx_word' id='word_1_55' title='bbox 1233 1519 1326 1580; x_wconf 92' lang='lat' dir='ltr'>non</span> <span class='ocrx_word' id='word_1_56' title='bbox 1368 1471 1509 1578; x_wconf 89' lang='lat' dir='ltr'>ferens</span> <span class='ocrx_word' id='word_1_57' title='bbox 1552 1477 1673 1578; x_wconf 89' lang='lat' dir='ltr'>indi-</span> 
     </span>
     <span class='ocr_line' id='line_1_9' title="bbox 215 1620 1673 1762; baseline 0.002 -42"><span class='ocrx_word' id='word_1_58' title='bbox 215 1621 432 1762; x_wconf 85' lang='lat' dir='ltr'>gnitatem</span> <span class='ocrx_word' id='word_1_59' title='bbox 468 1625 754 1758; x_wconf 83' lang='lat' dir='ltr'>Mondejatae</span> <span class='ocrx_word' id='word_1_60' title='bbox 791 1620 1103 1724; x_wconf 87' lang='lat' dir='ltr'>Marchionem</span> <span class='ocrx_word' id='word_1_61' title='bbox 1140 1623 1196 1723; x_wconf 89' lang='lat' dir='ltr'>ad</span> <span class='ocrx_word' id='word_1_62' title='bbox 1233 1662 1276 1724; x_wconf 89' lang='lat' dir='ltr'>se</span> <span class='ocrx_word' id='word_1_63' title='bbox 1311 1654 1471 1740; x_wconf 86' lang='lat' dir='ltr'>vocat,</span> <span class='ocrx_word' id='word_1_64' title='bbox 1502 1655 1546 1720; x_wconf 91' lang='lat' dir='ltr'>et</span> <span class='ocrx_word' id='word_1_65' title='bbox 1580 1622 1673 1761; x_wconf 83' lang='lat' dir='ltr'>pari</span> 
     </span>
     <span class='ocr_line' id='line_1_10' title="bbox 217 1761 1675 1908; baseline 0.001 -44"><span class='ocrx_word' id='word_1_66' title='bbox 217 1764 439 1904; x_wconf 87' lang='lat' dir='ltr'>equitibus</span> <span class='ocrx_word' id='word_1_67' title='bbox 482 1766 912 1908; x_wconf 86' lang='lat' dir='ltr'>scloppetariorum,</span> <span class='ocrx_word' id='word_1_68' title='bbox 953 1767 1034 1908; x_wconf 91' lang='lat' dir='ltr'>qui</span> <span class='ocrx_word' id='word_1_69' title='bbox 1078 1765 1206 1867; x_wconf 89' lang='lat' dir='ltr'>simul</span> <span class='ocrx_word' id='word_1_70' title='bbox 1248 1766 1370 1906; x_wconf 91' lang='lat' dir='ltr'>equis</span> <span class='ocrx_word' id='word_1_71' title='bbox 1414 1761 1675 1866; x_wconf 77' lang='lat' dir='ltr'>inveheren-</span> 
     </span>
     <span class='ocr_line' id='line_1_11' title="bbox 216 1909 1672 2050; baseline 0.002 -44"><span class='ocrx_word' id='word_1_72' title='bbox 216 1939 319 2027; x_wconf 90' lang='lat' dir='ltr'>tur,</span> <span class='ocrx_word' id='word_1_73' title='bbox 357 1909 569 2012; x_wconf 90' lang='lat' dir='ltr'>attributo</span> <span class='ocrx_word' id='word_1_74' title='bbox 597 1947 813 2027; x_wconf 87' lang='lat' dir='ltr'>numero,</span> <span class='ocrx_word' id='word_1_75' title='bbox 839 1949 943 2009; x_wconf 88' lang='lat' dir='ltr'>cum</span> <span class='ocrx_word' id='word_1_76' title='bbox 967 1911 1037 2008; x_wconf 87' lang='lat' dir='ltr'>bis</span> <span class='ocrx_word' id='word_1_77' title='bbox 1066 1947 1337 2048; x_wconf 86' lang='lat' dir='ltr'>praecurrere</span> <span class='ocrx_word' id='word_1_78' title='bbox 1385 1943 1518 2048; x_wconf 86' lang='lat' dir='ltr'>atque</span> <span class='ocrx_word' id='word_1_79' title='bbox 1556 1947 1672 2050; x_wconf 88' lang='lat' dir='ltr'>prae·</span> 
     </span>
     <span class='ocr_line' id='line_1_12' title="bbox 215 2047 1672 2184; baseline 0.005 -36"><span class='ocrx_word' id='word_1_80' title='bbox 215 2047 326 2150; x_wconf 87' lang='lat' dir='ltr'>lium</span> <span class='ocrx_word' id='word_1_81' title='bbox 360 2051 470 2153; x_wconf 90' lang='lat' dir='ltr'>inire</span> <span class='ocrx_word' id='word_1_82' title='bbox 506 2050 660 2184; x_wconf 91' lang='lat' dir='ltr'>jubet,</span> <span class='ocrx_word' id='word_1_83' title='bbox 695 2087 740 2154; x_wconf 87' lang='lat' dir='ltr'>et</span> <span class='ocrx_word' id='word_1_84' title='bbox 774 2050 821 2153; x_wconf 94' lang='lat' dir='ltr'>id</span> <span class='ocrx_word' id='word_1_85' title='bbox 858 2051 1050 2155; x_wconf 83' lang='lat' dir='ltr'>maxime</span> <span class='ocrx_word' id='word_1_86' title='bbox 1085 2089 1273 2172; x_wconf 88' lang='lat' dir='ltr'>curare,</span> <span class='ocrx_word' id='word_1_87' title='bbox 1305 2087 1356 2152; x_wconf 92' lang='lat' dir='ltr'>ut</span> <span class='ocrx_word' id='word_1_88' title='bbox 1392 2047 1536 2153; x_wconf 88' lang='lat' dir='ltr'>hostes</span> <span class='ocrx_word' id='word_1_89' title='bbox 1574 2089 1672 2155; x_wconf 89' lang='lat' dir='ltr'>tor·</span> 
     </span>
     <span class='ocr_line' id='line_1_13' title="bbox 137 2187 628 2298; baseline 0.004 -4"><span class='ocrx_word' id='word_1_90' title='bbox 137 2237 141 2245; x_wconf 52' lang='lat'><strong><em>¹</em></strong></span> <span class='ocrx_word' id='word_1_91' title='bbox 215 2194 374 2294; x_wconf 88' lang='lat' dir='ltr'>mentis</span> <span class='ocrx_word' id='word_1_92' title='bbox 411 2231 584 2296; x_wconf 87' lang='lat' dir='ltr'>exueret</span> <span class='ocrx_word' id='word_1_93' title='bbox 602 2187 628 2298; x_wconf 57' lang='grc'>.’</span> 
     </span>
    </p>

    <p class='ocr_par' dir='ltr' id='par_1_3' title="bbox 211 2335 1674 4924">
     <span class='ocr_line' id='line_1_14' title="bbox 286 2335 1674 2482; baseline 0.004 -46"><span class='ocrx_word' id='word_1_94' title='bbox 286 2347 365 2439; x_wconf 87' lang='grc' dir='ltr'>ΙΧ.</span> <span class='ocrx_word' id='word_1_95' title='bbox 439 2339 645 2442; x_wconf 90' lang='lat' dir='ltr'>Marchio</span> <span class='ocrx_word' id='word_1_96' title='bbox 681 2339 920 2460; x_wconf 88' lang='lat' dir='ltr'>dimidium</span> <span class='ocrx_word' id='word_1_97' title='bbox 947 2335 1038 2442; x_wconf 88' lang='lat' dir='ltr'>fere</span> <span class='ocrx_word' id='word_1_98' title='bbox 1075 2335 1290 2474; x_wconf 89' lang='lat' dir='ltr'>interjecti</span> <span class='ocrx_word' id='word_1_99' title='bbox 1320 2337 1448 2482; x_wconf 90' lang='lat' dir='ltr'>spatii</span> <span class='ocrx_word' id='word_1_100' title='bbox 1474 2377 1674 2482; x_wconf 87' lang='lat' dir='ltr'>progres-</span> 
     </span>
     <span class='ocr_line' id='line_1_15' title="bbox 214 2483 1672 2631; baseline 0.005 -51"><span class='ocrx_word' id='word_1_101' title='bbox 214 2517 283 2580; x_wconf 86' lang='lat' dir='ltr'>sus</span> <span class='ocrx_word' id='word_1_102' title='bbox 318 2483 569 2614; x_wconf 87' lang='lat' dir='ltr'>jaculatores</span> <span class='ocrx_word' id='word_1_103' title='bbox 605 2486 661 2584; x_wconf 85' lang='lat' dir='ltr'>ad</span> <span class='ocrx_word' id='word_1_104' title='bbox 697 2487 826 2625; x_wconf 84' lang='lat' dir='ltr'>pedes</span> <span class='ocrx_word' id='word_1_105' title='bbox 861 2485 1028 2586; x_wconf 82' lang='lat' dir='ltr'>desilire</span> <span class='ocrx_word' id='word_1_106' title='bbox 1062 2483 1213 2616; x_wconf 60' lang='lat' dir='ltr'>juber,</span> <span class='ocrx_word' id='word_1_107' title='bbox 1250 2485 1342 2631; x_wconf 87' lang='lat' dir='ltr'>ipse</span> <span class='ocrx_word' id='word_1_108' title='bbox 1368 2485 1424 2585; x_wconf 91' lang='lat' dir='ltr'>ad</span> <span class='ocrx_word' id='word_1_109' title='bbox 1454 2483 1672 2587; x_wconf 83' lang='lat' dir='ltr'>olivetum</span> 
     </span>
     <span class='ocr_line' id='line_1_16' title="bbox 214 2625 1673 2769; baseline 0.004 -48"><span class='ocrx_word' id='word_1_110' title='bbox 214 2657 628 2768; x_wconf 87' lang='lat' dir='ltr'>tormentorumque</span> <span class='ocrx_word' id='word_1_111' title='bbox 664 2627 815 2727; x_wconf 90' lang='lat' dir='ltr'>locum</span> <span class='ocrx_word' id='word_1_112' title='bbox 847 2629 996 2769; x_wconf 83' lang='lat' dir='ltr'>paucis</span> <span class='ocrx_word' id='word_1_113' title='bbox 1032 2627 1311 2768; x_wconf 79' lang='lat' dir='ltr'>sequentibus</span> <span class='ocrx_word' id='word_1_114' title='bbox 1329 2625 1571 2768; x_wconf 88' lang='lat' dir='ltr'>equitibus</span> <span class='ocrx_word' id='word_1_115' title='bbox 1598 2629 1673 2727; x_wconf 69' lang='lat' dir='ltr'>ad«</span> 
     </span>
     <span class='ocr_line' id='line_1_17' title="bbox 213 2768 1666 2913; baseline 0.004 -49"><span class='ocrx_word' id='word_1_116' title='bbox 213 2768 364 2886; x_wconf 88' lang='lat' dir='ltr'>volat,</span> <span class='ocrx_word' id='word_1_117' title='bbox 386 2771 539 2886; x_wconf 62' lang='lat' dir='ltr'>‚ceteri</span> <span class='ocrx_word' id='word_1_118' title='bbox 579 2809 773 2913; x_wconf 89' lang='lat' dir='ltr'>namque</span> <span class='ocrx_word' id='word_1_119' title='bbox 820 2771 1112 2873; x_wconf 89' lang='lat' dir='ltr'>sinistrorsum</span> <span class='ocrx_word' id='word_1_120' title='bbox 1153 2774 1210 2871; x_wconf 89' lang='lat' dir='ltr'>ad</span> <span class='ocrx_word' id='word_1_121' title='bbox 1246 2771 1490 2912; x_wconf 80' lang='lat' dir='ltr'>paludem,</span> <span class='ocrx_word' id='word_1_122' title='bbox 1529 2809 1666 2911; x_wconf 86' lang='lat' dir='ltr'>quam</span> 
     </span>
     <span class='ocr_line' id='line_1_18' title="bbox 214 2913 1670 3058; baseline 0.004 -50"><span class='ocrx_word' id='word_1_123' title='bbox 214 2945 380 3048; x_wconf 82' lang='lat' dir='ltr'>partem</span> <span class='ocrx_word' id='word_1_124' title='bbox 422 2913 589 3014; x_wconf 86' lang='lat' dir='ltr'>hostilis</span> <span class='ocrx_word' id='word_1_125' title='bbox 636 2916 854 3055; x_wconf 75' lang='lat' dir='ltr'>equitatus</span> <span class='ocrx_word' id='word_1_126' title='bbox 900 2916 1177 3058; x_wconf 87' lang='lat' dir='ltr'>repleverat,</span> <span class='ocrx_word' id='word_1_127' title='bbox 1213 2914 1511 3024; x_wconf 85' lang='lat' dir='ltr'>deflexerunt;</span> <span class='ocrx_word' id='word_1_128' title='bbox 1559 2954 1670 3014; x_wconf 87' lang='lat' dir='ltr'>con-</span> 
     </span>
     <span class='ocr_line' id='line_1_19' title="bbox 214 3054 1672 3202; baseline 0.005 -51"><span class='ocrx_word' id='word_1_129' title='bbox 214 3089 418 3198; x_wconf 84' lang='lat' dir='ltr'>sertoque</span> <span class='ocrx_word' id='word_1_130' title='bbox 453 3057 650 3200; x_wconf 87' lang='lat' dir='ltr'>praelio,</span> <span class='ocrx_word' id='word_1_131' title='bbox 680 3060 835 3158; x_wconf 88' lang='lat' dir='ltr'>acriter</span> <span class='ocrx_word' id='word_1_132' title='bbox 870 3057 1112 3202; x_wconf 90' lang='lat' dir='ltr'>utrobique</span> <span class='ocrx_word' id='word_1_133' title='bbox 1146 3054 1461 3160; x_wconf 72' lang='lat' dir='ltr'>dimicabatur.</span> <span class='ocrx_word' id='word_1_134' title='bbox 1499 3065 1672 3160; x_wconf 89' lang='lat' dir='ltr'>Verum</span> 
     </span>
     <span class='ocr_line' id='line_1_20' title="bbox 213 3197 1670 3344; baseline 0.004 -48"><span class='ocrx_word' id='word_1_135' title='bbox 213 3197 460 3320; x_wconf 86' lang='lat' dir='ltr'>Marchio,</span> <span class='ocrx_word' id='word_1_136' title='bbox 507 3205 616 3303; x_wconf 94' lang='lat' dir='ltr'>dum</span> <span class='ocrx_word' id='word_1_137' title='bbox 660 3199 805 3303; x_wconf 87' lang='lat' dir='ltr'>hostes</span> <span class='ocrx_word' id='word_1_138' title='bbox 851 3203 1126 3344; x_wconf 87' lang='lat' dir='ltr'>pertinaciter</span> <span class='ocrx_word' id='word_1_139' title='bbox 1173 3203 1229 3301; x_wconf 87' lang='lat' dir='ltr'>ad</span> <span class='ocrx_word' id='word_1_140' title='bbox 1273 3235 1496 3304; x_wconf 84' lang='lat' dir='ltr'>tormenta</span> <span class='ocrx_word' id='word_1_141' title='bbox 1538 3241 1670 3343; x_wconf 89' lang='lat' dir='ltr'>repu-</span> 
     </span>
     <span class='ocr_line' id='line_1_21' title="bbox 214 3345 1671 3488; baseline 0.003 -51"><span class='ocrx_word' id='word_1_142' title='bbox 214 3377 397 3479; x_wconf 87' lang='lat' dir='ltr'>gnantes</span> <span class='ocrx_word' id='word_1_143' title='bbox 433 3382 599 3486; x_wconf 84' lang='lat' dir='ltr'>magno</span> <span class='ocrx_word' id='word_1_144' title='bbox 635 3348 787 3446; x_wconf 87' lang='lat' dir='ltr'>animo</span> <span class='ocrx_word' id='word_1_145' title='bbox 824 3345 1024 3488; x_wconf 88' lang='lat' dir='ltr'>repellit,</span> <span class='ocrx_word' id='word_1_146' title='bbox 1064 3347 1379 3446; x_wconf 86' lang='lat' dir='ltr'>circumventus</span> <span class='ocrx_word' id='word_1_147' title='bbox 1415 3345 1473 3446; x_wconf 83' lang='lat' dir='ltr'>ab</span> <span class='ocrx_word' id='word_1_148' title='bbox 1508 3345 1597 3462; x_wconf 91' lang='lat' dir='ltr'>eis,</span> <span class='ocrx_word' id='word_1_149' title='bbox 1627 3378 1671 3444; x_wconf 91' lang='lat' dir='ltr'>et</span> 
     </span>
     <span class='ocr_line' id='line_1_22' title="bbox 213 3485 1669 3631; baseline 0.003 -49"><span class='ocrx_word' id='word_1_150' title='bbox 213 3485 362 3585; x_wconf 89' lang='lat' dir='ltr'>multis</span> <span class='ocrx_word' id='word_1_151' title='bbox 398 3491 597 3630; x_wconf 89' lang='lat' dir='ltr'>undique</span> <span class='ocrx_word' id='word_1_152' title='bbox 632 3487 882 3590; x_wconf 91' lang='lat' dir='ltr'>vulneribus</span> <span class='ocrx_word' id='word_1_153' title='bbox 919 3488 1157 3629; x_wconf 87' lang='lat' dir='ltr'>appetitus,</span> <span class='ocrx_word' id='word_1_154' title='bbox 1194 3529 1314 3631; x_wconf 88' lang='lat' dir='ltr'>equo</span> <span class='ocrx_word' id='word_1_155' title='bbox 1348 3487 1527 3590; x_wconf 86' lang='lat' dir='ltr'>letaliter</span> <span class='ocrx_word' id='word_1_156' title='bbox 1567 3487 1669 3586; x_wconf 88' lang='lat' dir='ltr'>vul-</span> 
     </span>
     <span class='ocr_line' id='line_1_23' title="bbox 213 3627 1669 3776; baseline 0.004 -50"><span class='ocrx_word' id='word_1_157' title='bbox 213 3663 396 3749; x_wconf 87' lang='lat' dir='ltr'>nerato,</span> <span class='ocrx_word' id='word_1_158' title='bbox 432 3632 523 3772; x_wconf 88' lang='lat' dir='ltr'>ipse</span> <span class='ocrx_word' id='word_1_159' title='bbox 559 3669 743 3772; x_wconf 89' lang='lat' dir='ltr'>quoque</span> <span class='ocrx_word' id='word_1_160' title='bbox 785 3632 1023 3773; x_wconf 88' lang='lat' dir='ltr'>ancipitem</span> <span class='ocrx_word' id='word_1_161' title='bbox 1069 3633 1246 3776; x_wconf 84' lang='lat' dir='ltr'>plagam</span> <span class='ocrx_word' id='word_1_162' title='bbox 1281 3631 1450 3770; x_wconf 86' lang='lat' dir='ltr'>accepit</span> <span class='ocrx_word' id='word_1_163' title='bbox 1494 3627 1669 3732; x_wconf 86' lang='lat' dir='ltr'>sinistro</span> 
     </span>
     <span class='ocr_line' id='line_1_24' title="bbox 213 3769 1670 3917; baseline 0.004 -48"><span class='ocrx_word' id='word_1_164' title='bbox 213 3769 371 3893; x_wconf 87' lang='lat' dir='ltr'>latere,</span> <span class='ocrx_word' id='word_1_165' title='bbox 409 3773 559 3876; x_wconf 90' lang='lat' dir='ltr'>hostili</span> <span class='ocrx_word' id='word_1_166' title='bbox 593 3775 715 3876; x_wconf 83' lang='lat' dir='ltr'>hasta</span> <span class='ocrx_word' id='word_1_167' title='bbox 752 3814 829 3917; x_wconf 91' lang='lat' dir='ltr'>per</span> <span class='ocrx_word' id='word_1_168' title='bbox 864 3776 1045 3877; x_wconf 88' lang='lat' dir='ltr'>laminas</span> <span class='ocrx_word' id='word_1_169' title='bbox 1080 3774 1269 3877; x_wconf 88' lang='lat' dir='ltr'>thoracis</span> <span class='ocrx_word' id='word_1_170' title='bbox 1303 3810 1347 3876; x_wconf 92' lang='lat' dir='ltr'>et</span> <span class='ocrx_word' id='word_1_171' title='bbox 1371 3773 1539 3875; x_wconf 87' lang='lat' dir='ltr'>bonam</span> <span class='ocrx_word' id='word_1_172' title='bbox 1570 3813 1670 3875; x_wconf 89' lang='lat' dir='ltr'>cor-</span> 
     </span>
     <span class='ocr_line' id='line_1_25' title="bbox 213 3916 1669 4060; baseline 0.003 -46"><span class='ocrx_word' id='word_1_173' title='bbox 213 3916 333 4053; x_wconf 86' lang='lat' dir='ltr'>poris</span> <span class='ocrx_word' id='word_1_174' title='bbox 369 3953 536 4060; x_wconf 90' lang='lat' dir='ltr'>partem</span> <span class='ocrx_word' id='word_1_175' title='bbox 572 3922 752 4029; x_wconf 85' lang='lat' dir='ltr'>adacta;</span> <span class='ocrx_word' id='word_1_176' title='bbox 797 3921 871 4020; x_wconf 88' lang='lat' dir='ltr'>sed</span> <span class='ocrx_word' id='word_1_177' title='bbox 907 3963 932 4022; x_wconf 86' lang='lat' dir='ltr'>a</span> <span class='ocrx_word' id='word_1_178' title='bbox 967 3919 1180 4060; x_wconf 88' lang='lat' dir='ltr'>proximis</span> <span class='ocrx_word' id='word_1_179' title='bbox 1222 3956 1439 4036; x_wconf 88' lang='lat' dir='ltr'>suorum,</span> <span class='ocrx_word' id='word_1_180' title='bbox 1479 3918 1559 4059; x_wconf 88' lang='lat' dir='ltr'>qui</span> <span class='ocrx_word' id='word_1_181' title='bbox 1603 3918 1669 4019; x_wconf 88' lang='lat' dir='ltr'>la·</span> 
     </span>
     <span class='ocr_line' id='line_1_26' title="bbox 211 4056 1671 4194; baseline 0 -35"><span class='ocrx_word' id='word_1_182' title='bbox 211 4056 382 4163; x_wconf 88' lang='lat' dir='ltr'>boranti</span> <span class='ocrx_word' id='word_1_183' title='bbox 415 4099 722 4183; x_wconf 88' lang='lat' dir='ltr'>sucurrerunt,</span> <span class='ocrx_word' id='word_1_184' title='bbox 758 4065 931 4194; x_wconf 87' lang='lat' dir='ltr'>adjutus</span> <span class='ocrx_word' id='word_1_185' title='bbox 967 4098 1012 4160; x_wconf 88' lang='lat' dir='ltr'>et</span> <span class='ocrx_word' id='word_1_186' title='bbox 1047 4097 1240 4161; x_wconf 82' lang='lat' dir='ltr'>servatus</span> <span class='ocrx_word' id='word_1_187' title='bbox 1277 4093 1378 4179; x_wconf 92' lang='lat' dir='ltr'>est,</span> <span class='ocrx_word' id='word_1_188' title='bbox 1417 4100 1467 4160; x_wconf 87' lang='lat' dir='ltr'>ac</span> <span class='ocrx_word' id='word_1_189' title='bbox 1504 4061 1554 4162; x_wconf 88' lang='lat' dir='ltr'>in</span> <span class='ocrx_word' id='word_1_190' title='bbox 1597 4099 1671 4160; x_wconf 85' lang='lat' dir='ltr'>ca·</span> 
     </span>
     <span class='ocr_line' id='line_1_27' title="bbox 212 4202 1667 4347; baseline 0.004 -47"><span class='ocrx_word' id='word_1_191' title='bbox 212 4237 296 4302; x_wconf 88' lang='lat' dir='ltr'>stra</span> <span class='ocrx_word' id='word_1_192' title='bbox 331 4207 554 4306; x_wconf 87' lang='lat' dir='ltr'>reductus.</span> <span class='ocrx_word' id='word_1_193' title='bbox 597 4217 761 4306; x_wconf 90' lang='lat' dir='ltr'>Hostes</span> <span class='ocrx_word' id='word_1_194' title='bbox 796 4206 956 4305; x_wconf 88' lang='lat' dir='ltr'>deinde</span> <span class='ocrx_word' id='word_1_195' title='bbox 998 4205 1158 4305; x_wconf 88' lang='lat' dir='ltr'>nostris</span> <span class='ocrx_word' id='word_1_196' title='bbox 1200 4202 1421 4346; x_wconf 87' lang='lat' dir='ltr'>equitibus</span> <span class='ocrx_word' id='word_1_197' title='bbox 1463 4202 1667 4347; x_wconf 84' lang='lat' dir='ltr'>ingruen-</span> 
     </span>
     <span class='ocr_line' id='line_1_28' title="bbox 211 4344 1667 4469; baseline 0.005 -27"><span class='ocrx_word' id='word_1_198' title='bbox 211 4344 326 4446; x_wconf 91' lang='lat' dir='ltr'>tibus</span> <span class='ocrx_word' id='word_1_199' title='bbox 363 4350 514 4449; x_wconf 85' lang='lat' dir='ltr'>cedere</span> <span class='ocrx_word' id='word_1_200' title='bbox 550 4385 673 4450; x_wconf 90' lang='lat' dir='ltr'>more</span> <span class='ocrx_word' id='word_1_201' title='bbox 708 4389 788 4448; x_wconf 93' lang='lat' dir='ltr'>suo</span> <span class='ocrx_word' id='word_1_202' title='bbox 801 4425 816 4469; x_wconf 90' lang='lat'>,</span> <span class='ocrx_word' id='word_1_203' title='bbox 844 4385 888 4449; x_wconf 90' lang='lat' dir='ltr'>et</span> <span class='ocrx_word' id='word_1_204' title='bbox 923 4382 1139 4452; x_wconf 82' lang='lat' dir='ltr'>tormenta</span> <span class='ocrx_word' id='word_1_205' title='bbox 1173 4345 1417 4463; x_wconf 84' lang='lat' dir='ltr'>retrabere,</span> <span class='ocrx_word' id='word_1_206' title='bbox 1445 4346 1667 4450; x_wconf 88' lang='lat' dir='ltr'>interdum</span> 
     </span>
     <span class='ocr_line' id='line_1_29' title="bbox 211 4486 1667 4634; baseline 0.003 -44"><span class='ocrx_word' id='word_1_207' title='bbox 211 4489 473 4611; x_wconf 87' lang='lat' dir='ltr'>consistere,</span> <span class='ocrx_word' id='word_1_208' title='bbox 510 4527 561 4592; x_wconf 92' lang='lat' dir='ltr'>ut</span> <span class='ocrx_word' id='word_1_209' title='bbox 596 4528 766 4595; x_wconf 89' lang='lat' dir='ltr'>nostros</span> <span class='ocrx_word' id='word_1_210' title='bbox 802 4491 1032 4633; x_wconf 89' lang='lat' dir='ltr'>dissipatos</span> <span class='ocrx_word' id='word_1_211' title='bbox 1065 4528 1109 4593; x_wconf 88' lang='lat' dir='ltr'>et</span> <span class='ocrx_word' id='word_1_212' title='bbox 1142 4529 1264 4594; x_wconf 84' lang='lat' dir='ltr'>raros</span> <span class='ocrx_word' id='word_1_213' title='bbox 1300 4486 1547 4634; x_wconf 89' lang='lat' dir='ltr'>frequentes</span> <span class='ocrx_word' id='word_1_214' title='bbox 1583 4492 1667 4632; x_wconf 90' lang='lat' dir='ltr'>ipsi</span> 
     </span>
     <span class='ocr_line' id='line_1_30' title="bbox 214 4634 1666 4778; baseline 0.003 -46"><span class='ocrx_word' id='word_1_215' title='bbox 214 4634 518 4737; x_wconf 82' lang='lat' dir='ltr'>adorirentur.</span> <span class='ocrx_word' id='word_1_216' title='bbox 562 4640 657 4739; x_wconf 80' lang='lat' dir='ltr'>sed.</span> <span class='ocrx_word' id='word_1_217' title='bbox 679 4637 799 4762; x_wconf 66' lang='lat' dir='ltr'>huic</span> <span class='ocrx_word' id='word_1_218' title='bbox 827 4637 935 4737; x_wconf 92' lang='lat' dir='ltr'>dolo</span> <span class='ocrx_word' id='word_1_219' title='bbox 971 4636 1109 4755; x_wconf 79' lang='lat' dir='ltr'>nostri</span> <span class='ocrx_word' id='word_1_220' title='bbox 1145 4674 1195 4738; x_wconf 92' lang='lat' dir='ltr'>ut</span> <span class='ocrx_word' id='word_1_221' title='bbox 1239 4669 1551 4756; x_wconf 87' lang='lat' dir='ltr'>occurrerent,</span> <span class='ocrx_word' id='word_1_222' title='bbox 1579 4635 1666 4778; x_wconf 89' lang='lat' dir='ltr'>ipsi</span> 
     </span>
     <span class='ocr_line' id='line_1_31' title="bbox 215 4779 1666 4924; baseline 0.004 -50.992"><span class='ocrx_word' id='word_1_223' title='bbox 215 4813 396 4916; x_wconf 90' lang='lat' dir='ltr'>quoque</span> <span class='ocrx_word' id='word_1_224' title='bbox 461 4813 637 4882; x_wconf 85' lang='lat' dir='ltr'>auctore</span> <span class='ocrx_word' id='word_1_225' title='bbox 695 4779 974 4924; x_wconf 90' lang='lat' dir='ltr'>potissimum</span> <span class='ocrx_word' id='word_1_226' title='bbox 1028 4815 1163 4924; x_wconf 84' lang='lat' dir='ltr'>atque</span> <span class='ocrx_word' id='word_1_227' title='bbox 1226 4781 1336 4884; x_wconf 90' lang='lat' dir='ltr'>duce</span> <span class='ocrx_word' id='word_1_228' title='bbox 1398 4780 1666 4882; x_wconf 76' lang='lat' dir='ltr'>bernardino</span> 
     </span>
    </p>
   </div>
   <div class='ocr_carea' id='block_1_3' title="bbox 289 4919 1672 5042">
    <p class='ocr_par' dir='ltr' id='par_1_4' title="bbox 289 4919 1672 5042">
     <span class='ocr_line' id='line_1_32' title="bbox 289 4919 1672 5042; baseline 0.003 -22"><span class='ocrx_word' id='word_1_229' title='bbox 289 4921 400 5022; x_wconf 84' lang='lat' dir='ltr'>Tom.</span> <span class='ocrx_word' id='word_1_230' title='bbox 421 4930 453 5024; x_wconf 89' lang='lat' dir='ltr'>I.</span> <span class='ocrx_word' id='word_1_231' title='bbox 1137 4919 1236 5042; x_wconf 91' lang='lat' dir='ltr'>Bbb</span> <span class='ocrx_word' id='word_1_232' title='bbox 1539 4929 1672 5026; x_wconf 90' lang='lat' dir='ltr'>Men·</span> 
     </span>
    </p>
   </div>
   <div class='ocr_carea' id='block_1_4' title="bbox 0 0 2168 5986">
    <p class='ocr_par' dir='ltr' id='par_1_5' title="bbox 0 0 2168 5986">
     <span class='ocr_line' id='line_1_33' title="bbox 0 0 2168 5986; baseline 0 2"><span class='ocrx_word' id='word_1_233' title='bbox 0 0 2168 5986; x_wconf 95' lang='lat' dir='ltr'> </span> 
     </span>
    </p>
   </div>
  </div>
 </body>
</html>
