4292 5984
606 464 848 546 CAROLI
890 466 944 548 V.
994 468 1094 546 LIB
1134 473 1169 551 Ι.
1529 479 1581 568 31

152 643 258 764 'ceps
293 615 438 766 Reges
483 617 643 723 eodem
683 621 818 722 titulo
862 662 1187 745 successerunt,
1230 666 1425 769 quorum
1467 627 1628 738 virtute
1671 683 1674 688 ·

151 768 379 870 Gallaecia
420 805 593 908 recepta
636 803 729 886 est,
763 803 807 867 et
844 761 934 867 fere
972 770 1195 910 quidquid
1231 773 1472 914 Hispaniae
1511 816 1629 918 patet

154 909 219 1012 ab
245 924 429 1016 Oceano
459 913 655 1016 Callaico
692 910 749 1010 ad
785 944 957 1012 montes
986 911 1227 1016 ldubedam
1264 953 1306 1014 et
1330 923 1627 1062 Orospedam.

152 1065 237 1158 Est
274 1095 425 1159 autem
460 1054 655 1158 Idubeda
691 1054 848 1174 saltus,
886 1055 1056 1196 quiex
1092 1058 1264 1160 Vindio
1301 1098 1456 1162 monte
1492 1106 1517 1163 a
1554 1077 1630 1203 Py·

149 1201 322 1302 renaeis
360 1239 437 1340 per
473 1197 747 1316 Cantabros,
783 1205 991 1319 Astures,
1029 1237 1077 1300 et*
1108 1202 1365 1324 Gallaecos,
1403 1207 1459 1305 ad
1495 1219 1631 1308 Ocea·

146 1383 264 1446 num
301 1343 547 1444 occiduum
577 1342 860 1483 pertinente,
891 1343 945 1445 in.
975 1342 1211 1446 Cantabria
1247 1357 1368 1480 juxta
1405 1346 1522 1450 Iberi
1557 1349 1629 1453 llu-

145 1487 285 1588 minis
328 1482 474 1589 fontes.
512 1483 654 1586 oritur
674 1562 695 1605 ,
734 1520 782 1588 ct
817 1483 872 1586 in
909 1486 1147 1588 meridiem.
1184 1489 1261 1590 diu
1304 1531 1328 1591 e
1368 1493 1548 1636 regione
1587 1536 1633 1597 a·

144 1630 269 1733 mnis
309 1627 429 1730 illius.
462 1630 763 1774 progreditur,
790 1628 1068 1770 Musburgos
1093 1673 1149 1731 ex
1176 1635 1313 1734 altero
1350 1638 1631 1781 occiduoque

147 1775 318 1896 latere,
355 1813 405 1875 et
436 1775 721 1896 Celtiberos,
755 1773 872 1875 unde
902 1774 1066 1876 Durius
1077 1851 1097 1893 „
1130 1781 1282 1918 Tagus
1325 1816 1370 1880 et
1405 1794 1539 1882 Sucro
1565 1785 1630 1884 dc-

148 1916 350 2039 labitur,
388 1919 680 2061 relinquens,
718 1921 867 2021 donec·
904 1917 1083 2018 Molina
1129 1954 1178 2018 et‘
1208 1921 1416 2043 Concha,
1453 1925 1632 2028 Valeria

148 2067 373 2205 Mojaque
416 2063 708 2181 transmissis,
751 2063 805 2164 in.
842 2099 1055 2160 occasum
1088 2062 1329 2184 inclinans,
1373 2067 1489 2170 circa
1533 2080 1631 2171 Va-

152 2203 435 2309 lentinorum.
471 2205 702 2348 regionem
716 2282 739 2324 „
775 2242 892 2346 quae
924 2245 956 2303 a.
985 2205 1112 2303 laeva.
1147 2205 1440 2348 relinquitur,
1484 2211 1532 2312 in
1575 2251 1632 2318 o-‡

148 2385 260 2452 tam.
291 2350 569 2450 maritimam
600 2349 822 2450 excurrit.
855 2359 927 2448 Ex·
957 2345 1085 2479 hujus
1122 2350 1288 2448 montis
1323 2345 1413 2448 fere
1451 2356 1631 2473 medio,

150 2525 204 2592 ut
240 2492 404 2594 Strabo
439 2488 608 2612 refert,
644 2533 737 2594 non
780 2491 939 2632 procul.
975 2491 1146 2589 scilicet
1182 2530 1214 2587 a
1250 2489 1460 2630 Saguntia
1503 2505 1633 2594 Oro-

153 2637 297 2776 speda
324 2635 457 2737 saltus.
488 2637 596 2737 alter
628 2636 887 2754 deducitur,
912 2633 1000 2778 quir
1029 2632 1214 2733 humilis·
1244 2633 1444 2771 primum
1474 2670 1519 2735 et
1555 2673 1635 2738 nu*

151 2781 225 2881 dis.
256 2779 507 2902 colliculis,
539 2779 704 2881 deinde.
735 2777 965 2897 sublimis„
995 2812 1039 2877 et
1076 2776 1229 2876 omnis·
1264 2775 1434 2918 generis
1470 2775 1631 2884 arbori-

154 2917 245 3024 bus·
282 2925 471 3025 vestitus
500 2937 779 3067 Carpetanos·
819 2967 844 3024 a
888 2919 1149 3041 Celtiberis,
1187 2956 1238 3021 et¹
1269 2921 1476 3022 Arevacis
1513 2934 1632 3025 Vet-

154 3065 437 3207 tonibusque·
464 3069 766 3170 disterminans
815 3067 871 3166 in
897 3104 1107 3164 occasum
1132 3064 1406 3304 porrigitur,
1443 3067 1500 3164 ad
1539 3105 1633 3166 me-

155 3204 328 3310 ridiem
359 3245 510 3310 tamen
546 3212 783 3326 inclinans,
820 3209 1080 3348 praesertim.
1106 3248 1131 3304 a
1167 3246 1251 3306 ea
1276 3236 1426 3347 parte,
1463 3205 1542 3307 ubi
1573 3208 1629 3310 ad

153 3354 355 3454 Avelant
398 3350 564 3453 urbem.
602 3390 654 3454 et·
691 3350 949 3452 Lusitaniae:
985 3347 1184 3452 confinia.
1226 3349 1452 3492 pervenit.
1506 3350 1632 3452 Hinc

155 3497 278 3600 enim
315 3495 506 3598 brachio.
539 3497 600 3594 ad.
637 3497 874 3614 dextram,
909 3529 951 3594 et
988 3533 1064 3594 eas:
1099 3493 1342 3635 regiones,
1379 3531 1491 3637 quas
1526 3503 1629 3591 Du-

153 3643 244 3743 rius
281 3643 441 3763 alluit,
469 3639 706 3760 immisso,
738 3638 862 3780 quod
898 3677 984 3780 pet·
1011 3639 1290 3740 Lusitaniam
1322 3639 1627 3740 inOccanum

151 3786 437 3891 Atlanticum.
468 3786 682 3905 excurrit,
719 3795 887 3923 majore
923 3786 992 3885 sui
1025 3821 1155 3927 parte·
1185 3823 1272 3882 sese
1309 3781 1355 3880 in
1391 3777 1626 3878 meridiem

151 3929 327 4045 flectit,
365 3968 417 4031 et>
438 3969 576 4072 supra.
598 3942 791 4071 Caparae
820 3929 1013 4074 vestigia.
1039 3968 1084 4030 er
1116 3925 1409 4042 Placentiam,
1446 3952 1490 4018 et
1514 3959 1627 4060 quae

153 4075 213 4173 ab
262 4074 505 4217 Orospeda.
546 4113 710 4178 nomen
758 4085 851 4208 jam
899 4109 1161 4211 corruptum
1206 4065 1374 4168 traxisse
1421 4064 1625 4183 videtur,

156 4227 370 4348 Oropesam.
402 4219 603 4362 procedit
624 4258 642 4326 3¹
673 4222 814 4322 donec
851 4214 964 4320 infra
999 4211 1244 4332 Toletum„
1274 4212 1472 4352 quodam
1507 4206 1628 4307 velut

158 4363 390 4499 campestri
427 4363 525 4462 sinu
561 4400 776 4503 accepto,
813 4355 1092 4462 interlabente
1134 4351 1298 4500 Tago,
1340 4356 1460 4452 idem
1505 4386 1626 4491 parte

160 4497 369 4605 inferiore
425 4496 680 4609 continuata
727 4504 954 4607 Toletanis
1006 4499 1235 4604 montibus
1283 4493 1624 4622 committitm3

160 4681 273 4748 tum
291 4656 400 4750 Ana
429 4661 610 4785 trajecto
647 4652 849 4754 Oretanis
885 4650 1000 4793 jugis
1037 4646 1245 4765 occurrit,
1282 4678 1325 4744 et
1361 4641 1506 4741 dextra
1527 4653 1626 4740 Bae·

164 4792 362 4916 ruriam,
409 4797 532 4900 laeva
583 4799 845 4940 spartariam
893 4795 1111 4936 attingens
1160 4792 1216 4895 ad
1261 4783 1405 4890 fontes
1453 4782 1627 5025 Badetis,

1531 4961 1628 5023 ern-
