4294 5984
576 432 658 526 116
954 447 1039 528 DE
1088 439 1287 524 REBUS
1334 435 1559 522 GESTIS

531 611 700 720 valuits
735 601 877 710 aede
913 601 1126 707 seditiosis
1162 595 1428 741 quibusdam
1469 591 1758 716 hominibus,
1803 595 1885 738 qui
1926 601 1994 705 ci-

533 757 680 862 vitatis
721 791 877 898 pacem
919 784 1019 892 post
1064 779 1260 885 acceptas
1307 743 1583 846 conditiones
1638 737 1993 871 solicitavetant,

534 899 737 1045 legitimo
785 893 999 1040 supplicio
1044 925 1220 1012 sumto,
1264 927 1328 990 res
1374 888 1613 989 Toletanae
1660 884 1716 986 ad
1756 886 1990 1026 pristinum

534 1081 693 1147 statum
729 1079 772 1144 er
806 1038 1169 1181 tranquillitatem
1205 1033 1449 1136 redierunt.
1976 1158 1979 1164 .

618 1197 741 1291 XXI.
814 1197 979 1288 Interea
1013 1181 1240 1284 Gallorum
1275 1192 1400 1300 Rex,
1436 1175 1627 1280 exercitu
1662 1214 1894 1320 reparato,
1932 1181 1990 1282 sia

420 1354 424 1361 '
537 1371 627 1474 qua
661 1333 831 1435 ratione
867 1364 1011 1473 posset
1034 1323 1375 1427 incommodum
1404 1323 1460 1424 ad
1488 1331 1734 1424 Navarram
1761 1361 1990 1467 acceptum

538 1477 685 1620 aliqua
722 1518 773 1578 ex
806 1509 926 1617 parte
961 1471 1143 1592 sarcire,
1172 1467 1239 1570 his
1273 1466 1412 1610 copiis
1443 1465 1733 1567 Almirallium
1769 1464 1990 1610 praefecit,

541 1656 584 1720 et
626 1619 736 1761 quid
777 1616 871 1719 fieri
911 1617 1070 1737 vellet,
1107 1611 1316 1715 ostendit.
1354 1611 1485 1730 Hic,
1520 1611 1709 1710 exercitu
1743 1608 1792 1711 in
1826 1625 1990 1714 Canta-

541 1758 687 1865 briam
733 1762 955 1882 inducto,
996 1754 1303 1860 Fonterabiam
1352 1755 1575 1895 Hispanae
1621 1751 1801 1854 ditionis
1854 1757 1990 1899 oppi-

542 1906 652 2007 dum
688 1905 736 2005 in
772 1903 944 2008 Oceani
978 1903 1125 2004 littore
1158 1905 1214 2002 ad
1250 1897 1409 1998 radices
1452 1896 1660 2033 Pyrenaei
1702 1899 1866 1999 montis
1914 1899 1989 2002 ob-

543 2046 714 2148 sidione
749 2046 912 2190 cingit.
952 2040 1148 2181 Jacobus
1181 2051 1299 2145 Vera
1334 2039 1538 2182 praesidii
1574 2034 1839 2182 praefectus,
1873 2039 1990 2145 haud

541 2189 606 2291 ita
641 2191 719 2292 diu
753 2223 986 2290 sustentata
1021 2186 1280 2310 obsidione,
1316 2219 1601 2324 posteaquam
1636 2224 1716 2284 nec
1752 2182 1809 2282 ab
1836 2187 1989 2328 Hispa-

542 2333 653 2442 niao¹
677 2333 974 2473 praesidibuS,
1008 2366 1189 2471 propter
1223 2328 1425 2467 inopiam
1459 2328 1523 2426 rei
1557 2325 1832 2466 pecuniariae
1867 2369 1991 2470 supe-

543 2472 732 2576 rioribus
769 2473 890 2574 bellis
924 2510 1002 2612 per
1042 2468 1281 2572 absentiam
1322 2467 1474 2571 Caroli
1513 2505 1809 2589 contractam,
1847 2472 1993 2573 subsi-

544 2615 671 2718 dium
718 2613 1009 2735 mittebatur,
1061 2649 1105 2714 et
1149 2649 1421 2715 commeatus
1472 2611 1703 2756 pulvisque
1743 2649 1992 2716 tormenta-⁴

542 2757 629 2857 rius
664 2798 792 2900 parce
826 2754 1108 2899 suppetebat3
1143 2757 1358 2898 oppidum
1393 2753 1460 2856 his
1495 2751 1827 2857 conditionibus
1862 2759 1991 2859 dedi-

544 2900 619 3001 dit
630 2976 647 3020 ,
689 2935 739 3001 ut
780 2901 1049 3043 praesidiarii
1089 2899 1247 3000 milites
1289 2939 1393 3001 cum
1433 2899 1530 3042 ipso
1578 2895 1797 3043 praefecto
1843 2940 1989 3004 arma-

483 3141 487 3144 .
543 3043 611 3161 ti,
645 3045 951 3185 explicatisque
986 3044 1118 3188 signis
1151 3040 1446 3167 militaribus,
1482 3082 1558 3183 per
1593 3042 1738 3144 media
1763 3041 1987 3148 Gallorum

543 3221 683 3287 castra
729 3187 1022 3297 discederent3
1074 3186 1306 3328 oppidanis
1356 3224 1463 3288 vero
1512 3183 1695 3290 liberum
1742 3224 1850 3288 esset
1896 3189 1985 3289 sive

543 3365 719 3429 manere
751 3370 852 3432 cum
887 3333 972 3432 suis
1007 3330 1191 3470 quisque
1234 3327 1398 3448 rebus,
1433 3328 1523 3430 sive
1566 3367 1851 3471 quocumque
1895 3333 1987 3433 ani·

542 3509 641 3572 mus
676 3472 932 3594 inclinaret,
969 3473 1184 3574 discedere
1219 3472 1420 3580 mallent,
1454 3481 1575 3606 cujus
1611 3467 1817 3615 praefecti
1851 3475 1986 3576 molli-

543 3613 653 3714 tiam
688 3615 855 3735 animi,
881 3653 925 3716 et
954 3616 1252 3717 calamitatum
1287 3614 1640 3736 intolerantiam,
1667 3615 1878 3757 oppidani
1909 3658 1985 3760 po-

542 3792 629 3856 stea
663 3797 767 3858 cum
802 3758 1030 3896 lacrymis,
1065 3794 1109 3859 et
1144 3758 1279 3863 vicini
1309 3755 1543 3880 Cantabri,
1570 3767 1824 3896 Gripuscoani
1859 3762 1984 3882 dicti,

541 3937 643 3998 cum
693 3902 996 4046 indignatione
1045 3903 1164 4042 apud
1210 3901 1553 4004 Comestabilem
1600 3938 1643 4004 et
1690 3903 1984 4007 Almirantum

539 4041 746 4143 Castellae
780 4045 991 4186 praesides
1026 4045 1082 4146 ad
1116 4042 1363 4151 Victoriam
1397 4042 1554 4150 urbem
1589 4044 1693 4186 (huc
1729 4047 1848 4150 enim
1885 4089 1984 4191 pto·

538 4191 771 4324 cesserant)
805 4186 1083 4292 vehementer
1115 4187 1392 4294 incusabant.
1456 4235 1458 4240 ’

637 4341 777 4432 XXII.
868 4333 1123 4454 Praesides,
1165 4336 1346 4479 cognita
1395 4332 1675 4439 Fonterabiae
1727 4332 1980 4452 deditione,

534 4505 592 4569 ne
624 4469 752 4572 latius
787 4473 834 4573 id
868 4478 1035 4604 malum
1068 4516 1283 4616 serperet,
1317 4479 1567 4583 Beltranum
1591 4495 1816 4598 Cuevam,
1850 4515 1983 4621 quern

535 4605 649 4714 bello
704 4615 948 4718 Navarrico
996 4617 1217 4757 superiore
1265 4621 1438 4763 egregia
1485 4659 1583 4726 tum
1632 4623 1835 4743 virnttis,
1886 4656 1987 4724 tum

532 4753 663 4862 etiarn
698 4757 870 4906 consilii
911 4760 1177 4890 documenta
1217 4761 1460 4910 praebuisse
1501 4766 1764 4906 docuimus,
1807 4764 1987 5005 imperii

1924 4949 1950 5006 ἃ
