4294 5984
554 439 617 543 94
968 423 1052 506 DE
1092 421 1303 502 REBUS
1344 416 1571 502 GESTIS

505 588 683 723 Ajalam
719 583 777 686 ad
821 582 1054 686 Comitem
1098 580 1297 702 redivit,
1341 579 1422 722 qui
1465 615 1620 679 manus
1662 575 1719 680 ad
1767 575 1996 726 recipien-

504 737 616 838 dum
666 732 985 850 Salvatetram,
1035 725 1476 872 oppugnandamque
1532 723 1826 850 Victoriam,
1878 771 1994 876 quae

505 881 628 1026 pacis
663 876 943 980 conditiones
981 873 1164 975 violasse
1202 869 1472 990 videbatur,
1505 868 1722 1013 cogebat.

593 1031 737 1126 XXII.
813 1020 1137 1140 Victorienses‚
1182 1018 1370 1161 cognito
1417 1016 1611 1118 Comitis
1666 1015 1890 1141 consilio,
1930 1027 1991 1128 ad

503 1166 814 1270 obsistendum
852 1207 939 1267 sese
975 1198 1271 1307 comparant,
1309 1157 1557 1304 habitoque
1594 1202 1761 1286 censu,
1796 1171 1990 1274 sexcenti

506 1310 740 1434 homines,
779 1311 858 1453 qui
894 1351 1015 1412 arma
1051 1306 1163 1412 ferre
1200 1344 1414 1450 possent,
1451 1351 1504 1410 ex
1524 1309 1782 1453 oppidanis
1830 1317 1989 1458 reperti

507 1495 643 1581 sunt,
670 1495 840 1603 praeter
877 1457 1034 1559 milites
1071 1458 1313 1577 ducentos,
1353 1454 1433 1597 qui
1470 1456 1686 1596 praesidio
1723 1457 1860 1558 relicti
1896 1455 1988 1564 fue·
2133 1543 2134 1556 ,

505 1642 633 1708 tant.
671 1602 994 1708 submittuntur
1033 1599 1253 1744 praeterea
1297 1641 1322 1702 a
1365 1601 1659 1704 Cornestabili
1700 1641 1753 1704 ex
1800 1615 1907 1706 Fato
1944 1641 1986 1706 et

505 1747 671 1853 Puebla
717 1785 761 1851 et
800 1764 957 1852 Sancto
1007 1749 1284 1869 Vincentio,
1340 1785 1518 1852 suorum
1562 1746 1724 1851 finium
1767 1750 1987 1872 castellis,

506 1893 677 2036 pedites
713 1893 892 1995 ducenti
929 1893 1258 2038 quinquaginta
1297 1928 1342 1993 et
1377 1894 1583 2035 equitum
1631 1895 1745 1996 duae
1782 1933 1983 2000 turmae.

505 2051 686 2140 Summa
723 2036 828 2141 belli
864 2039 912 2140 in
949 2037 1187 2143 Cantabria
1223 2039 1406 2182 gerendi
1435 2037 1618 2143 ducibus
1657 2040 1835 2141 duobus
1863 2049 1984 2142 Mar-

505 2181 606 2284 tino
643 2183 811 2286 Ruizio
846 2186 1166 2327 Avendagno,
1204 2220 1248 2284 et
1273 2179 1510 2289 'Gomecio
1557 2188 1762 2290 Gonzalo
1806 2187 1987 2286 Buitro-

504 2365 569 2432 no
606 2326 839 2432 Cantabris
874 2331 1060 2464 tradita.
1099 2331 1185 2432 His
1212 2331 1465 2434 Victoriam
1501 2328 1868 2440 convenientibus
1906 2337 1987 2467 Ja-
2011 2369 2031 2405 ⁸

504 2467 644 2574 cobus
680 2472 902 2574 Martinus
939 2476 1079 2576 Alava
1114 2478 1171 2575 ad
1198 2479 1523 2597 Salvatetram,
1560 2478 1680 2578 unde
1714 2479 1988 2596 discesserat,

505 2618 720 2721 tuendam
769 2616 1024 2720 revertitur.
1068 2619 1149 2722 Sed
1197 2616 1308 2722 facta
1358 2622 1607 2742 seditione,
1657 2658 1879 2763 caroque
1923 2615 1981 2721 ab

507 2759 744 2904 oppidanis
779 2765 1004 2867 Fernando
1040 2761 1169 2885 filio,
1205 2766 1298 2910 ipse
1333 2766 1382 2872 in
1417 2805 1565 2868 arcem
1599 2661 1846 2909 confligere
1883 2804 1985 2866 coa·

505 2939 599 3008 ctus
627 2945 716 3008 est.
752 2916 860 3014 Hoc
894 2911 1104 3054 cognito,
1137 2923 1337 3034 Comes,
1373 2911 1500 3054 quod
1535 2911 1704 3053 plenius
1740 2912 1877 3012 etiarn
1913 2948 1979 3012 at·

506 3092 597 3196 que
625 3051 828 3177 uberius,
857 3095 993 3197 quam
1024 3095 1088 3158 res
1124 3095 1246 3181 erat,
1282 3097 1309 3158 a
1345 3055 1613 3201 quibusdam
1647 3055 1784 3198 ipsius
1815 3056 1977 3160 studio·

507 3198 563 3299 sis
599 3191 832 3341 oppidanis
870 3199 1184 3323 nuntiabatur,
1220 3203 1503 3307 occasionem
1545 3201 1790 3341 recipiendi
1841 3198 1982 3302 castel·

507 3341 543 3443 li
576 3383 670 3446 non
706 3349 1068 3485 praetereundam
1104 3387 1253 3470 ratus,
1291 3389 1396 3452 cum
1431 3349 1569 3452 tribus
1612 3346 1785 3449 circiter
1828 3343 1986 3447 borni⁴

399 3577 401 3584 .
502 3525 621 3590 nurn
654 3489 851 3592 millibus
886 3503 1146 3639 Quartango
1191 3494 1501 3639 proficiscimr,
1537 3530 1580 3596 et
1615 3505 1873 3613 Duranam,
1912 3487 1985 3590 vi·

510 3671 612 3735 cum
654 3671 850 3776 quatuor
892 3677 919 3738 a
953 3639 1154 3742 Victoria
1188 3681 1396 3784 passuum
1431 3638 1653 3761 millibus,
1690 3675 1984 3782 praetergres

510 3816 611 3900 sus,
649 3777 743 3919 ipse
779 3820 885 3884 eum
921 3784 1135 3925 expeditis
1172 3788 1388 3908 advolat,
1427 3788 1714 3929 subsequente
1751 3819 1856 3883 cunt
1894 3779 1986 3882 reli·

508 3922 609 4064 quis
645 3926 849 4028 Gonzalo
885 3928 1140 4049 Barahona,
1178 3970 1222 4036 et
1258 3932 1384 4035 tertia
1419 3931 1576 4074 vigilia
1611 3932 1668 4032 ad
1704 3937 1984 4032 Salvatenam

500 4065 774 4211 improvisus
810 4072 965 4197 adest,
1002 4115 1135 4222 seque
1171 4078 1228 4180 ab
1272 4077 1509 4220 oppidanis
1552 4075 1645 4180 sine
1692 4073 1982 4178 contentione

507 4214 815 4357 recipiendum
851 4211 953 4324 esse'
972 4258 1121 4345 ratus,
1157 4223 1242 4327 suis
1284 4225 1461 4358 Ajalam
1502 4221 1778 4326 conclamare
1823 4219 1979 4358 jussis,

507 4395 714 4500 portam,
750 4405 864 4507 quae
891 4373 1029 4472 Sancti
1054 4373 1227 4506 joannis
1264 4369 1640 4516 cognominatur,
1677 4365 1800 4470 hasta
1834 4365 1980 4508 pulsa·

509 4502 603 4606 vit.
640 4511 721 4610 Sed
757 4521 849 4643 jam
892 4513 1112 4614 castellani
1158 4555 1260 4617 cum
1304 4511 1528 4658 praefecto
1565 4511 1745 4650 Jacobo
1790 4512 1839 4614 in
1880 4541 1981 4654 gra-

493 4648 619 4753 ·tiam
655 4658 711 4756 ad
749 4653 1042 4803 officiumque
1079 4659 1345 4763 rediveran't.
1384 4668 1428 4764 A
1465 4660 1718 4765 custodibus
1755 4658 1894 4801 igitur
1929 4693 1984 4752 e-

508 4834 603 4940 quo
639 4800 871 4907 vulnerato
908 4840 951 4908 et
985 4805 1207 4912 nonnullis
1243 4845 1423 4916 suorum
1458 4807 1661 4927 amissis,
1697 4814 1885 4943 rejectus
1920 4829 1983 4898 est

1920 4977 1987 5047 at·
