4368 5984
565 433 748 536 xxxvi„
929 439 1085 536 John.
1101 437 1216 512 orn.
1234 433 1554 534 ssnurvno'ra

543 532 631 620 licta
655 559 711 621 est
736 527 821 624 tum
837 561 989 655 propter
1005 539 1128 624 varios
1143 562 1183 624 et
1212 533 1375 646 difficiles
1389 535 1618 654 quaestionis
1639 534 1870 656 explicants,
1902 533 1987 628 tunt

544 656 636 772 quia
651 655 743 741 vitio
760 656 948 742 humanae
965 680 1119 744 natutae
1148 655 1228 743 lieri
1256 657 1461 772 aliquando
1481 657 1653 747 videmus
1671 684 1744 765 ,ut
1786 685 1876 747 uam
1889 662 1987 776 quis·

539 802 623 888 que
639 773 858 861 sententiam
874 801 1029 893 togatus
1046 777 1175 862 dixerit
1194 837 1206 879 ,
1223 777 1322 862 hanc
1336 837 1348 882 ,
1363 777 1448 863 licet
1463 777 1586 863 minus
1614 775 1736 864 solidis
1759 687 1987 866 lundamem

548 892 594 977 tis
610 894 715 978 mniti
739 917 869 1008 postea
894 895 1124 1008 comperiat,
1157 921 1238 981 non
1255 894 1376 981 modo
1390 894 1480 983 velit
1504 924 1582 981 esse
1597 895 1812 1010 potiorem,
1845 899 1910 984 sed
1943 927 1990 983 o·

550 1040 656 1096 mnes
672 1012 784 1097 eriam
800 1011 911 1096 animi
928 1012 1143 1129 ingeniique
1156 1013 1301 1102 viresin
1317 1013 1573 1101 defensionem
1590 1009 1667 1126 ejus
1681 1013 1876 1100 intendat:
1906 1043 1988 1128 quo

546 1125 625 1234 fit,
649 1155 690 1216 ut
707 1130 986 1266 ingeniosorum
1006 1133 1204 1218 hominum
1231 1135 1535 1220 contentionibus
1561 1132 1724 1219 veriatis
1737 1133 1865 1218 lumen
1881 1129 1991 1219 offu-

548 1246 598 1332 sis
619 1251 779 1335 tenebris
811 1249 1023 1334 deliteseat.
1057 1249 1239 1338 Ceterum
1260 1281 1348 1337 curn
1374 1277 1508 1339 auctor
1541 1274 1667 1335 noster
1693 1251 1990 1340 controversiam

524 1365 653 1452 ·:hanc
666 1360 715 1456 'et
728 1362 922 1482 utriusque
946 1370 1056 1484 partis
1077 1371 1265 1456 munnam
1283 1397 1478 1457 momenta
1493 1368 1688 1488 diligenter
1703 1370 1805 1484 apud
1820 1370 1996 1457 animum

555 1509 665 1571 suum
683 1485 961 1602 perpendisset,
991 1513 1047 1574 res
1063 1487 1101 1572 in
1116 1489 1241 1605 primis
1261 1489 1327 1575 sibi
1351 1491 1428 1577 visa
1444 1515 1502 1576 est
1517 1487 1664 1602 digna,
1686 1517 1787 1603 quae
1817 1514 1995 1576 accurate·

552 1629 779 1721 pertractata
804 1605 844 1688 in
870 1602 1006 1722 vulgus
1021 1607 1277 1714 emitteretur,
1302 1637 1382 1693 non
1399 1609 1499 1693 enim
1515 1635 1649 1722 patum
1661 1621 1751 1692 'eam
1767 1603 1816 1691 ad
1840 1607 1993 1724 religio-

556 1752 644 1808 nem
671 1722 852 1836 pettinete
883 1724 1128 1811 arbitrabatur
1154 1786 1166 1833 ‚
1190 1727 1415 1842 piorumque
1446 1727 1646 1812 hominum
1667 1725 1811 1810 animos
1842 1724 1993 1842 ancipiti

557 1841 712 1926 consilio
736 1840 929 1928 distractos
957 1841 1162 1928 sedandos.
1196 1847 1441 1960 Quapropter
1473 1843 1665 1962 dialogum
1687 1870 1793 1928 more
1818 1869 1993 1930 veterum

554 1957 829 2076 ‘theologorum
845 1955 1004 2046 confecit
1028 1961 1264 2076 Sepulveda,
1295 1960 1441 2048 duabus
1468 1959 1561 2048 lictis
1592 1959 1757 2078 personis
1788 1961 1903 2048 absc
1935 1962 1993 2046 in·

559 2075 708 2184 ductis,
732 2105 895 2193 quarum
905 2077 1072 2168 Pln'letus
1083 2078 1449 2185 contradicentium,
1476 2080 1710 2197 Theophilus
1725 2079 1886 2166 auuotis
1912 2109 1997 2166 sen«

556 2195 712 2282 tentiam
729 2221 768 2283 et
793 2196 975 2285 sentiendi
1003 2199 1164 2285 rationes
1192 2197 1398 2314 explicaret.
1429 2203 1490 2283 De
1515 2227 1597 2315 quo
1621 2199 1775 2286 edendo
1799 2198 1923 2283 libello
1941 2227 1995 2285 eo

557 2316 681 2401 minus
692 2307 908 2422 dubitavit,
935 2317 1044 2434 quod
1059 2346 1147 2404 cum
1162 2313 1201 2403 iti
1224 2318 1444 2434 Hispaniam
1458 2313 1546 2432 post
1560 2317 1820 2404 continentem
1844 2347 1900 2402 xx.
1920 2345 1993 2400 an·-

557 2431 694 2519 norum
712 2433 873 2519 ltalicam
890 2437 1224 2551 peregrinationem
1247 2437 1427 2521 Carolum
1454 2436 1652 2521 Caesarem
1675 2434 1829 2552 eiusque
1850 2434 1997 2522 volun-

558 2577 676 2638 tatem
708 2577 888 2667 sequutus
919 2553 1065 2638 tediiset
1095 2616 1107 2659 ,
1133 2551 1291 2640 offendit
1317 2581 1461 2668 praeter
1483 2584 1595 2671 -spem
1620 2553 1717 2638 illam
1730 2609 1735 2618 ι
1749 2579 1920 2640 veterum
1950 2581 1996 2639 ac

560 2697 794 2755 summorum
811 2661 1081 2786 theologorum
1097 2671 1514 2758 consensudammram
1541 2672 1758 2788 opinionem
1789 2673 1996 2759 doctorum

562 2786 729 2901 alioquin
743 2787 912 2874 virorum
928 2788 1316 2906 animos‘occupmse‚
1340 2815 1385 2875 ac
1409 2785 1486 2876 fere
1509 2789 1761 2878 studiosorum
1791 2790 1941 2875 auribus
1954 2813 1996 2877 et

483 2947 486 2952 1
562 2904 749 2992 mentibus
763 2905 946 2992 inculcari.
976 2908 1092 2993 Unde
1115 2936 1266 2994 suarum
1291 2937 1368 2994 esse
1391 2908 1554 3025 patrium
1572 2909 1704 3012 duxit,
1723 2908 1812 2994 nihil
1827 2937 1908 2994 non
1934 2937 1997 2995 re·

563 3052 648 3110 rum
678 3049 874 3142 satagere,
903 3049 947 3110 ut
978 3027 1172 3114 veritatem
1198 3025 1337 3114 inhac
1362 3027 1615 3115 controversia
1655 3053 1753 3112 recte
1778 3056 1845 3112 sua
1864 3024 1999 3120 uelim
2069 3088 2073 3100 ·

561 3142 699 3260 dustria
714 3143 774 3229 vel
786 3141 973 3259 diligentia
990 3169 1164 3232 assereret
1179 3172 1218 3231 er
1233 3139 1469 3258 patefaceret.
1500 3145 1574 3230 Sed
1592 3144 1640 3229 de
1655 3144 1806 3230 historia
1825 3143 1934 3257 hujus
1950 3145 2000 3229 li·-

561 3257 645 3344 bell
658 3261 764 3346 satis:
800 3287 900 3345 nunc
912 3261 1005 3376 quid
1022 3264 1072 3348 ab
1088 3288 1242 3350 auctore
1258 3262 1472 3376 praestitum
1488 3263 1560 3368 sit,
1577 3262 1920 3378 paucisvideamus.

515 3425 518 3431 ·
648 3382 751 3464 Tota
779 3379 872 3464 haec
900 3380 1102 3494 disputatio
1130 3379 1365 3496 undeviginti
1398 3379 1577 3495 capitibus
1606 3379 1822 3469 absolvitur.
1855 3373 2000 3467 Auctor

559 3494 753 3612 idnempe
773 3497 883 3612 agit,
907 3523 952 3583 ut
983 3496 1076 3583 duas
1107 3500 1302 3616 praecipue
1316 3493 1527 3605 veritates,
1559 3524 1861 3614 quae'veterum
1891 3499 2001 3585 theo·

555 3612 732 3732 logorum
746 3613 890 3700 calculo
912 3615 1180 3733 comprobatae
1195 3641 1312 3724 sunt,
1334 3615 1374 3701 in
1401 3616 1528 3733 aprico
1550 3644 1683 3731 ponat.
1715 3621 1849 3734 ltaque
1865 3617 1991 3732 ptimo

561 3735 718 3841 statuit,
743 3732 865 3820 virum
879 3732 1026 3822 bonurn
1050 3735 1244 3824 occultum
1269 3734 1450 3850 cujusque
1464 3733 1603 3822 crimen
1619 3734 1738 3821 celate
1753 3736 1913 3822 omnino
1937 3761 2000 3821 te·

562 3852 650 3935 neri
667 3853 749 3970 lege
767 3877 922 3938 naturae
945 3881 988 3938 ac
1002 3853 1155 3961 divina,
1186 3854 1305 3940 modo
1322 3882 1371 3938 nc
1387 3852 1528 3938 crimen
1552 3879 1693 3968 spectet
1709 3852 1748 3937 in
1765 3853 2001 3969 reipublicae,

563 3963 684 4054 immo
696 3971 859 4086 innunius
875 3970 1035 4056 hominis
1052 3972 1205 4058 insontis
1221 3972 1420 4087 perniciem
1437 4003 1448 4056 ε
1476 3997 1570 4056 tunc
1584 3971 1684 4058 enim
1717 3970 1778 4058 vel
1806 3971 2004 4056 scelestum

564 4085 760 4170 hominem
775 4119 798 4171 a
813 4115 859 4202 eo
889 4090 982 4175 irato
1008 4089 1148 4176 scelere
1158 4089 1386 4194 deterrebit,
1403 4089 1485 4194 vel,
1501 4090 1529 4174 si
1545 4087 1634 4173 nihil
1649 4088 1896 4175 dehortando
1912 4091 2003 4202 pro'·

563 4201 717 4310 fecerit,
746 4233 817 4289 nec
845 4119 913 4290 aila
940 4208 1083 4294 ratione
1108 4209 1265 4296 obviam
1286 4208 1328 4292 iri
1343 4203 1451 4324 posse
1467 4207 1594 4295 videat
1609 4205 1866 4325 ingruentibus
1882 4206 2003 4326 malis,

561 4321 702 4408 crimen
726 4324 776 4408 ad
806 4324 1037 4441 magistratus
1062 4327 1234 4431 deferet,
1259 4326 1287 4413 si
1314 4325 1436 4412 resita
1451 4326 1642 4440 postulet3
1670 4351 1740 4413 aut
1755 4353 1857 4411 eum
1870 4323 2007 4413 admo·

561 4442 690 4546 nebit,
704 4441 765 4525 cui
782 4442 921 4526 malum
945 4468 1096 4558 paratur
1113 4507 1126 4549 ,
1142 4445 1267 4530 habita
1280 4472 1410 4530 tamen
1426 4444 1644 4530 christianae
1664 4445 1831 4530 caritatis
1841 4441 2003 4528 ratione.

561 4557 733 4644 Alterum
755 4560 866 4674 quod
880 4560 929 4644 ab
944 4585 1098 4647 auctore
1127 4587 1259 4648 nostro
1288 4562 1545 4663 asseritur,id
1587 4591 1723 4676 nempe
1738 4588 1835 4670 este
1849 4629 1854 4636 .
1867 4577 2004 4644 contra

559 4669 775 4793 religionem
807 4706 884 4761 esse
910 4679 1062 4765 scienter
1095 4708 1227 4767 verum
1256 4707 1498 4799 quacumque
1527 4704 1606 4765 atre
1641 4681 1848 4767 verborum
1885 4676 2024 4821 judici.

552 4797 769 5002 plraeserrim
793 4786 976 4906 inficiari,¹
993 4797 1104 4920 etiam
1135 4797 1173 4882 in
1199 4815 1268 4884 suo
1287 4811 1407 4902 ,nbn'
1421 4813 1586 4900 tantum
1605 4799 1643 4884 in
1666 4799 1797 4884 alieno
1818 4793 2000 4918 periculo.

595 4913 660 5000 aec
678 4923 808 5000 'autem
825 4913 869 5002 ut
885 4907 1169 5032 prbbe't'aucior
1182 4979 1194 5026 ,
1208 4913 1457 5008 nihileoruru,
1470 4917 1652 5009 intactum
1674 4915 1881 5032 relinquit,
1902 4915 2002 5120 quas

1947 5063 1969 5122 a
