4326 5986
558 525 798 608 canorr
840 524 892 603 v.
935 523 1049 604 trs.
1104 527 1194 607 xv.
1529 513 1620 620 461.

211 723 388 832 rogatus
430 683 685 784 sententiam
729 680 854 820 plane
900 719 1088 780 assensus
1131 714 1194 779 est
1243 677 1474 786 Andreae.
1523 689 1663 808 Quod

211 873 317 933 vero
362 831 592 971 pertineret
634 826 690 924 ad
731 861 1036 941 commeatus,
1078 863 1121 921 se
1164 822 1445 924 confirmavit
1488 826 1533 926 iti
1577 831 1665 930 suis

212 972 395 1074 navibus
431 968 588 1073 habere
624 967 778 1066 molita
815 964 1022 1084 cibaria,
1058 975 1172 1105 quae
1216 968 1272 1064 ad
1314 967 1511 1070 alendam
1552 973 1664 1072 clas-

213 1157 304 1218 sem
352 1116 400 1215 in
442 1149 634 1213 mensem
678 1108 862 1246 amplius
905 1102 1175 1210 sufficerent.
1220 1110 1305 1208 His
1346 1110 1396 1209 in
1436 1146 1668 1254 utramque

213 1295 378 1400 partem
422 1254 690 1396 disputatis,
725 1251 946 1368 Carolus,
986 1251 1086 1349 licet
1120 1291 1194 1350 sua
1236 1289 1389 1391 sponte
1426 1290 1469 1354 et
1511 1259 1667 1358 animo

215 1401 353 1542 magis
388 1399 434 1498 in
472 1435 627 1498 eorum
663 1394 920 1495 sententiam
956 1392 1211 1512 inclinaret,
1239 1393 1398 1532 quibus
1426 1395 1666 1535 profectio·

213 1581 314 1642 nem
350 1541 515 1641 differri
550 1580 641 1640 non
677 1525 903 1677 placebat,
929 1570 1073 1636 tamen
1118 1539 1319 1636 Andreae
1367 1543 1660 1683 Berenguelli·

214 1724 300 1824 que
334 1674 587 1785 auctoritati
622 1716 665 1780 et
699 1679 934 1783 sententiae
969 1678 1299 1778 concedendum
1330 1684 1528 1819 putavit,
1551 1724 1667 1824 quae

216 1832 354 1926 tutior
389 1866 476 1926 esse
489 1901 503 1943 ,
523 1859 566 1923 et
600 1817 902 1959 providentiae
938 1821 1032 1956 plus
1068 1818 1224 1922 habere
1260 1820 1522 1934 videbatut3
1559 1866 1664 1926 con-

215 1968 410 2106 cilioque
446 1964 655 2080 dimisso,
675 1959 983 2059 denuntiatum
1020 1996 1093 2098 per
1129 1961 1317 2101 singulas
1353 2005 1480 2066 naves
1511 1969 1668 2090 mittit,

215 2144 265 2208 ue
301 2104 650 2222 commeatibus,
670 2102 816 2243 quoad
852 2099 948 2200 fieti
980 2137 1153 2240 posset,
1176 2095 1453 2243 parceretur,
1475 2110 1556 2248 qui
1580 2111 1667 2210 hoc

215 2248 506 2392 negligentius
546 2243 719 2346 fuerant
770 2254 945 2345 Genuae
987 2284 1012 2343 a
1048 2243 1263 2383 plerisque
1307 2249 1497 2386 provisi,
1543 2256 1668 2391 quod

217 2429 469 2534 persuasum
504 2387 748 2507 habebant,
781 2387 988 2487 Catulum
1025 2387 1080 2484 ad
1116 2387 1329 2488 Nicaeam
1349 2391 1562 2494 Alvarum
1591 2406 1669 2494 Ba-

217 2574 379 2636 zanum
416 2570 518 2633 curn
555 2528 800 2632 triremibus
837 2527 1125 2672 opperiendi,
1143 2565 1219 2630 aut
1254 2568 1365 2631 certe
1384 2535 1543 2633 milites
1577 2535 1667 2635 im·-

220 2675 417 2817 ponendi
453 2674 590 2816 gratia
624 2670 828 2774 nonnihil
864 2705 1265 2792 commoraturum,
1304 2711 1354 2774 ut
1389 2677 1578 2816 spatium
1607 2673 1670 2778 fo

220 2855 285 2918 tet
319 2819 558 2920 recentiora
593 2814 753 2917 cibaria
790 2808 1066 2916 conferendi.
1104 2825 1313 2918 Ceterum
1341 2821 1564 2939 Andreas,
1590 2817 1671 2920 flu·
1789 2823 1794 2830 ’

220 2995 371 3060 ctuans
413 2962 610 3079 animo,
650 2958 953 3098 invidiamque
1006 2991 1239 3081 metuens,
1282 2959 1318 3058 si
1361 3002 1412 3059 ex
1463 2963 1668 3061 diuturna

219 3138 346 3204 mora
380 3103 626 3243 quidquam
661 3100 810 3200 durius
846 3100 1104 3217 accidisset,
1128 3137 1366 3202 -euronoto
1401 3142 1495 3214 non
1529 3104 1670 3204 inter·-

219 3245 456 3362 mittente,
496 3244 652 3344 eodem
689 3243 761 3344 die
801 3242 971 3382 vesperi
1013 3275 1132 3340 extra
1173 3242 1370 3362 insulas,
1411 3246 1491 3383 qui
1540 3247 1670 3345 matis

221 3419 380 3486 statum
416 3385 761 3502 considerarent,
787 3384 962 3491 mittits
998 3422 1194 3523 eumque
1224 3385 1519 3485 renuntiatum
1563 3422 1671 3514 esset

222 3525 376 3628 fluctus
411 3525 606 3626 mitiores
642 3525 832 3643 evolvi,
869 3525 1027 3624 iterum
1071 3561 1171 3664 post
1209 3525 1315 3625 Solis
1357 3567 1557 3628 occasum
1595 3529 1670 3628 dat

221 3669 400 3811 signum
449 3664 770 3808 profectionis3
814 3699 857 3764 et
897 3664 1072 3768 sublatis
1114 3666 1312 3767 anchoris
1347 3669 1672 3810 imperatoriam
1734 3743 1737 3750 ι

222 3850 414 3935 navem,
451 3851 538 3952 qua
573 3809 797 3951 proximus
833 3845 930 3908 erata
959 3810 1123 3925 exitus,
1161 3809 1331 3916 educit3
1369 3812 1442 3910 sed
1478 3849 1570 3910 non
1610 3811 1672 3910 ita

221 3953 355 4095 longe
391 3991 612 4094 progressa
647 3953 807 4072 classe,
834 3951 1044 4050 fluentum
1077 3949 1382 4090 magnitudine
1409 3953 1671 4071 deterrente,

221 4133 397 4196 cursum
448 4092 637 4194 deflectit
686 4092 918 4194 contractis
966 4089 1108 4211 velis,
1148 4129 1405 4234 magnoque
1449 4093 1672 4235 remigum

220 4231 371 4336 labore
407 4234 454 4336 in
490 4237 690 4338 eamdem
725 4234 960 4334 stationem
993 4234 1249 4334 revertitur.

227 4417 232 4428 ·
291 4388 443 4478 XXV.
518 4377 729 4477 Postridie
765 4375 906 4516 prima
941 4375 1036 4474 luce
1070 4415 1173 4476 curn
1208 4374 1327 4479 idern
1368 4415 1519 4479 ventus
1558 4418 1670 4479 corr-

221 4514 408 4624 tineuter
443 4519 592 4641 flaret,
631 4516 769 4618 classis
805 4519 860 4616 ad
897 4517 1131 4657 imperium
1167 4519 1347 4637 Caroli,
1383 4558 1461 4620 nec
1497 4523 1672 4622 Andrea

220 4669 312 4786 jam
347 4661 516 4778 invite,
552 4663 703 4762 eadem
738 4696 861 4801 parte
896 4659 1043 4760 insulis
1080 4660 1333 4800 egreditur,
1373 4698 1417 4760 et
1464 4663 1523 4761 sic
1559 4701 1671 4802 pau·-

223 4798 347 4906 latim
381 4800 639 4943 provehitur
681 4803 729 4908 in
764 4803 943 4922 altum,
984 4837 1162 4903 utnon
1204 4838 1318 4902 tecta
1359 4805 1535 4946 regione
1577 4837 1671 4900 ten-
1735 4839 1740 4848 ·

1556 4997 1558 5002 ·
1591 4946 1673 5043 de-
