4326 5986
571 513 815 600 ennom
857 515 911 596 v.
946 517 1065 596 trs.
1111 519 1223 598 xm.
1506 529 1595 625 399

181 669 320 776 eriam
356 703 398 776 et
435 702 602 772 aestum
638 713 796 816 augere
839 669 1099 775 videbatur.

254 828 315 920 X.
391 813 701 938 Charadinus,
733 813 813 918 ubi
849 818 905 917 de
940 854 1197 921 nostrorum
1233 817 1424 922 adventu
1467 859 1642 968 eogno³

183 961 279 1082 vit,
307 957 441 1062 fretus
477 1002 653 1062 suarum
688 961 918 1099 copiarum
955 962 1263 1105 magnitudine
1299 1005 1391 1064 non
1419 966 1502 1067 sibi
1529 1010 1643 1076 cun-

187 1106 396 1208 ctandum
432 1143 582 1231 ratus,
618 1107 727 1247 quin
748 1106 825 1204 rei
862 1145 1076 1207 summam
1114 1107 1162 1208 in
1197 1108 1431 1208 discrimen
1460 1112 1646 1213 deduce·

184 1286 288 1370 ret,
330 1286 373 1349 ct
409 1288 596 1390 aequato
639 1251 742 1349 loco
784 1249 1050 1369 dimicaret,
1088 1249 1178 1390 ipse
1222 1292 1405 1394 quoque
1449 1294 1548 1354 suos
1592 1297 1645 1357 err

185 1393 296 1495 urbe
330 1393 544 1513 deduxit,
581 1428 624 1494 et
660 1429 848 1536 puteos,
889 1395 943 1496 ad
981 1434 1094 1534 quos
1136 1395 1318 1496 Carolus
1360 1399 1648 1502 castrametari

183 1535 501 1656 constituerat,
541 1537 622 1678 qui
662 1535 820 1638 absunt
863 1535 919 1637 ab
960 1538 1068 1640 urbe
1119 1573 1309 1677 quatuor
1357 1541 1496 1641 millia
1545 1581 1648 1682 pas-

185 1717 315 1780 suum
328 1757 345 1800 ,
382 1715 483 1821 post
517 1717 692 1822 tergum
727 1680 971 1824 reliquens,
1008 1682 1207 1785 constitit
1241 1718 1416 1822 patente
1450 1684 1580 1804 loen,
1602 1723 1647 1787 er
1739 1789 1745 1802 ,

186 1821 248 1922 sic
283 1823 431 1961 copias
466 1823 711 1942 instruxit,
747 1860 799 1923 ut
834 1823 1028 1963 primam
1064 1824 1204 1928 aciem
1240 1833 1413 1926 Turcae
1450 1862 1649 1930 tenerent

185 2005 376 2066 numero
413 1968 467 2066 ad
503 2004 608 2068 octo
644 1964 818 2090 millia,
854 1966 1085 2106 scloppetis
1121 1963 1212 2067 fere
1261 2004 1303 2069 et
1347 1967 1531 2072 arcubus
1574 2011 1649 2073 ar·-

187 2109 331 2232 mati,
370 2108 540 2250 reliquo
577 2108 776 2248 peditatu
811 2106 947 2208 latius
973 2145 1074 2250 post
1119 2148 1193 2209 eos
1230 2110 1482 2250 explicator
1522 2115 1649 2254 equi-

186 2285 301 2351 tatus
336 2290 476 2368 vero,
504 2252 584 2392 qui
620 2293 672 2352 ex
709 2250 829 2350 mille
863 2252 1041 2372 Turris,
1075 2285 1119 2351 et
1148 2256 1409 2354 Nomadum
1444 2292 1650 2395 quatuor·
1705 2367 1708 2382 ¹

189 2395 337 2496 decim
372 2393 568 2497 millibus
604 2392 862 2515 constabat,
903 2431 1023 2496 extra
1050 2397 1253 2498 ordinem
1278 2435 1355 2539 per
1382 2397 1544 2499 oliveta
1568 2438 1650 2500 va-

186 2575 386 2680 garetur.
429 2540 495 2640 Hi
533 2577 771 2681 postquam
807 2540 1017 2640 exercitus
1053 2539 1100 2638 in
1127 2575 1335 2640 mutuum
1362 2578 1650 2684 conspectum

188 2719 432 2803 venerunt,
467 2721 540 2825 per
576 2683 770 2803 oliveta,
808 2722 921 2823 quac
957 2717 1105 2824 patent
1132 2683 1364 2803 latissime,
1404 2685 1650 2787 discurram

190 2861 255 2927 tes
292 2863 439 2927 totum
472 2866 634 2968 agmen
669 2861 868 2926 nostrum
905 2863 1255 2967 praeterquama
1290 2828 1445 2968 palude
1465 2828 1651 2930 circum-

189 2963 277 3069 fusi
313 2969 661 3112 obequitabantt
702 2967 972 3070 Chatadinus
1010 2972 1099 3112 ipse
1133 3009 1247 3110 equa
1271 2970 1458 3070 insidens
1485 2972 1532 3069 in
1556 2971 1651 3070 acie

187 3113 337 3253 prima
372 3114 653 3237 versabatur,
682 3113 1024 3256 accedentesque
1052 3148 1220 3214 nostros
1248 3113 1465 3252 provectis
1497 3113 1652 3214 decern

188 3259 424 3357 tormentis
473 3259 674 3361 lacessere
725 3255 876 3400 coepit
905 3334 926 3378 ,‚
974 3297 1025 3358 ac
1081 3254 1327 3360 ditnicarrdi
1382 3291 1648 3397 potestatem

193 3394 333 3502 facit.

265 3553 344 3646 XI.
417 3552 523 3644 Hoc
558 3543 861 3648 animadverso
898 3546 1117 3668 Carolus,
1152 3541 1233 3688 qui
1268 3584 1435 3687 agmen·
1471 3581 1651 3687 praece»

194 3684 355 3804 debat,
389 3687 619 3790 exsultavit
654 3689 844 3809 laetitia,
875 3728 925 3792 ut
952 3690 1062 3794 nihil
1088 3690 1235 3790 minus
1262 3688 1488 3829 sperabat,
1514 3725 1654 3828 quarn

194 3869 321 3970 posse
356 3829 656 3934 Chatadinum
692 3832 749 3933 ad
785 3872 936 3974 parem
972 3832 1211 3976 pugnandi·
1234 3831 1540 3930 conditionem
1570 3831 1654 3928 de-

194 3973 330 4093 duci,
368 4014 505 4115 quern
540 3975 717 4076 utiliore
759 3978 945 4077 consilio
981 3978 1117 4076 muris
1159 4009 1422 4074 contentum
1471 3967 1655 4113 putabat

192 4114 349 4217 urbem
401 4112 725 4238 defensurum,
776 4157 820 4218 et
875 4116 1188 4259 eruptionibs·
1222 4118 1444 4218 dumtaxat
1485 4149 1656 4217 nostros

193 4295 489 4360 vexatorum.
525 4272 715 4402 ltaque,
750 4301 980 4363 conversus
1017 4263 1072 4364 ad
1109 4299 1248 4379 suos,
1277 4296 1320 4359 et
1356 4258 1570 4358 laetitiam
1605 4295 1657 4354 ac

195 4441 317 4540 spem
360 4401 602 4508 maximam
647 4404 857 4505 victoriae
899 4441 1029 4504 motu
1073 4441 1117 4504 et
1158 4401 1441 4503 concussione
1488 4398 1658 4500 brachii

190 4543 462 4687 significans:
500 4622 532 4666 „
546 4559 730 4668 Estote,
766 4553 937 4682 inquit,
978 4545 1103 4648 bono
1140 4546 1294 4645 animo
1330 4544 1526 4650 militesa
1569 4537 1658 4642 ho-

193 4723 348 4808 „stem
386 4725 554 4829 practer
599 4729 724 4831 spem
757 4689 877 4788 nacti
920 4727 1066 4790 sumus
1103 4728 1246 4827 aequo
1283 4688 1410 4803 loc03
1448 4684 1538 4784 scio
1577 4722 1657 4782 vos

190 4903 225 4954 „
242 4831 522 4935 tumultuaria
557 4872 609 4934 ac
646 4831 762 4936 bello
798 4831 971 4934 insueta
995 4830 1280 4933 multitudine
1307 4869 1397 4932 non
1428 4824 1656 4986 deterreri?¹

1576 5045 1607 5088 „
1617 5005 1654 5067 st
