4368 5984
650 390 770 460 VITA
795 391 860 459 ET
885 393 1099 463 SCRIPTA.
1477 397 1600 470 LXIX.

175 517 315 638 Regiae
344 519 456 636 buius
480 511 708 608 Academiae
733 514 957 602 bibliotheca
974 574 988 622 ,
1004 539 1044 602 et
1058 545 1080 600 a
1096 514 1204 604 nobis
1221 545 1292 604 suo
1320 505 1469 604 locoin
1498 520 1620 611 lucem
1725 627 1729 632 ¹

175 639 401 758 proferetur.
1033 697 1036 704 Δ

262 763 423 864 Canus,
450 757 588 876 igitur,
611 784 779 871 quocum
812 781 932 870 nuper
947 753 1159 868 Sepulveda
1183 752 1303 863 forte,
1319 785 1406 841 cum
1432 756 1469 840 in
1492 755 1619 843 hiber-

172 906 222 963 na
238 878 503 964 Cordubensis
521 936 533 980 ,
558 899 601 959 ut
626 873 829 992 quotannis
844 869 967 958 facere
990 901 1266 982 consueverat,
1283 899 1517 980 excurreret,
1535 877 1618 961 Sal-

171 996 356 1082 manticae
371 994 568 1080 amicitiam
583 1015 846 1097 contraxerat,
868 1019 911 1074 ac
926 993 1184 1107 quaestionem
1202 993 1300 1077 illam
1325 1019 1521 1107 tantopere
1549 1023 1617 1082 ex·

172 1113 352 1246 agitatam
374 1113 423 1199 de
443 1111 541 1222 justis
557 1111 642 1196 belli
664 1111 779 1196 causis
794 1110 1158 1217 communicaverat,
1174 1111 1269 1196 inter
1286 1112 1538 1197 adolescentes
1553 1143 1616 1204 au.

173 1233 314 1316 datores
339 1261 427 1318 suos
441 1229 591 1345 jactasse
606 1229 810 1334 dicebatur,
825 1228 1012 1344 quaedam
1029 1257 1067 1314 se
1083 1228 1122 1313 in
1138 1229 1293 1316 laudato
1308 1229 1403 1318 libro
1418 1255 1538 1314 errata
1555 1233 1616 1324 de,

172 1346 432 1462 prehendissel,
448 1375 546 1464 quae
561 1346 638 1461 pias
654 1374 759 1432 aures
785 1345 1019 1432 offenderent
1036 1373 1048 1449 ·,
1069 1345 1107 1432 id
1131 1375 1223 1432 vero
1248 1348 1472 1463 praecipue,
1495 1350 1606 1462 quod

173 1467 359 1553 Genesius
391 1467 439 1552 de
482 1465 601 1551 Paulo
634 1462 825 1580 Apostolo
853 1463 984 1549 litteris
1014 1462 1217 1570 mandarit,
1251 1465 1371 1579 ipsum
1409 1465 1617 1582 significans

173 1583 333 1670 miserias
361 1608 400 1670 et
421 1581 646 1670 calamitates
662 1644 674 1688 ,
690 1611 792 1698 quas
817 1605 861 1666 ut
891 1581 1045 1667 Christo
1071 1580 1185 1668 fidem
1209 1608 1248 1668 et
1273 1580 1438 1668 officium
1455 1611 1616 1698 praesta·

172 1728 257 1808 ret,
281 1703 448 1836 subivit,
470 1701 590 1788 invito
612 1727 650 1786 et
676 1699 880 1816 impatienti
908 1700 1035 1785 animo
1051 1701 1250 1813 pertulisse.
1281 1701 1522 1816 Sepulveda,
1547 1703 1615 1818 qui

176 1817 265 1905 nihil
290 1821 479 1936 antiqurus
493 1819 532 1903 in
555 1818 694 1934 scriptis
718 1818 788 1904 suis
810 1817 957 1904 videtur
982 1819 1179 1923 habuisse,
1213 1848 1331 1933 quam
1347 1842 1391 1907 ut
1406 1820 1613 1938 religiosam

174 1939 380 2052 quamdam
398 1936 622 2022 modestiam
651 1937 843 2050 animique
859 1936 1062 2021 candorem
1079 1933 1323 2045 ostenderet,
1353 1964 1431 2022 tam
1459 1969 1614 2054 gravem

173 2055 239 2140 sibi
266 2055 440 2168 injuriam
467 2052 583 2171 infligi
600 2054 751 2140 minime
782 2051 928 2160 ferens,
945 2051 1144 2167 suspicatus
1161 2083 1318 2170 quoque
1334 2059 1445 2142 Cano
1461 2083 1617 2144 auctore

173 2169 342 2258 libellum
363 2175 412 2260 de
439 2171 539 2259 bello
565 2173 757 2258 barbarico
778 2173 827 2256 ab
847 2172 1049 2260 Academia
1077 2171 1351 2258 Salmanticensi
1379 2203 1460 2259 non
1489 2177 1616 2290 aequis

174 2287 317 2400 judiciis
340 2288 448 2377 luisse
473 2314 701 2406 exceptum,
728 2290 913 2374 calamum
930 2289 1072 2375 strinxit
1103 2290 1204 2374 haud
1226 2291 1385 2407 segniter
1409 2291 1449 2375 in
1477 2294 1615 2379 advet-

175 2407 313 2494 sariram
342 2409 618 2510 validissimum.
660 2411 840 2494 Moverat
871 2432 971 2492 certe
1005 2431 1136 2494 nostro
1162 2406 1275 2496 bilem
1307 2469 1318 2513 ,
1347 2408 1455 2523 quod
1486 2414 1615 2497 Contu

175 2519 361 2613 fraternae
378 2525 617 2613 correctionis
646 2529 879 2612 aServatote
905 2523 1090 2630 indictae,
1107 2550 1149 2611 ut
1182 2526 1259 2640 ipse
1287 2525 1434 2639 conjicit
1452 2587 1464 2630 ,
1479 2529 1620 2614 oblitus

173 2670 342 2729 tumores
368 2644 407 2728 in
426 2673 516 2728 eum
543 2644 638 2728 inter
667 2673 754 2729 suos
777 2643 973 2756 discipulos
995 2669 1153 2729 sereret:
1199 2645 1333 2752 Quare
1358 2701 1372 2749 ,
1399 2645 1546 2759 inquit,
1579 2657 1616 2730 sa·

175 2775 244 2864 tn,
278 2770 344 2868 qai
373 2763 507 2845 libram
528 2769 776 2870 perlegerat,
804 2768 945 2871 lynceis
972 2767 1089 2844 oculis
1110 2777 1267 2870 praeter
1296 2776 1439 2847 ceteras·
1469 2769 1617 2870 aliquid

174 2884 361 2983 videras,
386 2885 483 2986 quad
499 2905 656 2964 censura
680 2883 831 2988 dignam
845 2883 1075 2983 videretur,
1102 2877 1226 2983 miiaii
1240 2885 1298 2962 lat·
1311 2894 1397 2962 aaa
1422 2907 1469 2966 aa
1487 2890 1615 2990 plata*

175 3003 229 3078 lis
244 3056 257 3100 ,
273 3012 316 3079 nt
327 3023 384 3080 nae
393 3017 575 3105 praesens
587 3012 821 3106 praesentem
837 3000 1049 3080 admoneres
1066 3057 1078 3100 ,
1095 3021 1139 3078 ne
1152 2999 1337 3080 salebram
1353 2999 1425 3080 riht
1451 3008 1516 3082 una·
1529 3002 1617 3082 'ana'-

175 3107 445 3220 nradversnm,
472 3118 525 3198 ad
543 3141 652 3221 qaam
675 3120 793 3198 reteri
821 3141 897 3199 men
917 3120 1085 3222 pericula
1107 3127 1259 3222 possent
1285 3113 1502 3221 offendere,
1533 3145 1616 3202 ma·

173 3236 272 3340 ligne
286 3259 343 3315 nte
366 3238 509 3316 celasse
532 3236 735 3316 uidereris.
766 3237 896 3346 ltaque
926 3233 1086 3347 primum
1108 3231 1288 3316 inficiatur
1315 3233 1353 3316 in
1380 3257 1467 3321 toto
1496 3265 1615 3352 opere

173 3348 322 3463 reperiri
345 3350 560 3438 convicium
589 3347 681 3444 illud
709 3349 749 3433 in
783 3348 978 3455 Paulum,
1008 3349 1117 3466 quod
1142 3349 1207 3434 sibi
1230 3350 1371 3436 crimini
1387 3353 1614 3440 vertebatur.

176 3469 279 3552 Nam
295 3493 447 3553 vetusto
464 3465 667 3553 doctorum
692 3492 731 3552 et
753 3467 1011 3552 modestorum
1038 3466 1238 3552 hominum
1264 3497 1371 3554 more
1394 3469 1528 3556 librum
1556 3501 1616 3556 su·

175 3575 240 3668 uin
264 3585 501 3671 eruditorum
530 3582 796 3700 theologorum
820 3583 957 3695 judicio
981 3583 1247 3700 subjiciendum
1270 3613 1465 3676 curaverat
1489 3649 1501 3693 ,
1537 3617 1616 3674 non

176 3703 372 3788 ambitiosa
393 3699 503 3788 falsae
524 3701 642 3787 laudis
665 3701 892 3817 cupiditate,
917 3703 981 3787 sed
998 3728 1041 3787 ut
1066 3703 1161 3816 justa
1187 3731 1371 3809 censura,
1400 3705 1428 3790 si
1443 3704 1538 3822 quid
1552 3735 1613 3791 es·

176 3845 230 3904 set
259 3821 380 3904 minus
402 3821 555 3906 scienter
579 3817 743 3933 positum
777 3876 792 3924 ‚
830 3843 918 3905 ante
951 3820 1153 3906 editionem
1186 3825 1460 3910 emendaretur.
1491 3824 1615 3919 Quod

176 3965 262 4021 orrn
286 3963 327 4023 et
357 3937 554 4051 Compluri
578 3961 616 4021 et
640 3936 883 4022 salmanticae
910 3937 947 4020 in
972 3963 1167 4026 conventu
1199 3940 1465 4055 theologorum
1492 3941 1616 4054 palam

178 4051 304 4140 fuisset
329 4053 537 4168 professus,
567 4082 680 4139 nemo
695 4079 822 4140 tamen
840 4051 939 4160 fuit,
972 4056 1039 4171 qui
1063 4080 1216 4168 excepta
1244 4083 1353 4140 causa
1370 4056 1455 4142 belli
1487 4060 1620 4144 barba·

182 4171 244 4254 rici
269 4174 373 4256 ineo
388 4172 481 4260 libro
507 4172 716 4288 quidquam
744 4173 1001 4285 improbaret,
1035 4173 1141 4256 multi
1170 4171 1235 4288 qui
1261 4173 1378 4261 multa
1398 4173 1617 4264 laudarent:

178 4288 330 4404 ipsaque
355 4291 646 4375 Salmanticensis
662 4289 866 4376 Academia
898 4288 978 4372 libri
1002 4287 1212 4376 doctrinam
1237 4317 1276 4377 ct
1297 4317 1490 4379 auctorem
1515 4318 1617 4381 extra

180 4433 328 4491 caumm
353 4408 517 4521 superius
541 4407 757 4522 explicatam
773 4435 846 4490 suo
876 4403 1120 4512 testimonio,
1147 4411 1254 4524 quod
1265 4400 1321 4496 ‘ad
1337 4411 1496 4528 Regium
1513 4415 1620 4498 Con·

179 4523 295 4608 silium
323 4525 506 4630 miserat,
539 4523 718 4612 laudavit.
747 4523 895 4610 Deinde
926 4526 1084 4613 candide
1101 4522 1238 4612 fatetur
1253 4527 1460 4642 Sepulvcda
1477 4591 1489 4636 ,
1506 4525 1615 4618 fuisse

179 4643 380 4754 quemdam
408 4641 716 4755 Complutensem
743 4643 939 4729 doctorem
966 4703 978 4747 ,
1005 4645 1065 4729 cui
1095 4644 1243 4729 minime
1268 4649 1488 4759 probaretur
1536 4675 1615 4736 no·

179 4783 256 4842 stro
271 4760 459 4874 scriptum,
486 4759 647 4844 Paulum
664 4769 787 4866 iniqua
802 4769 922 4843 anima
937 4760 1202 4848 contumeliam
1221 4761 1365 4848 tulisse:
1390 4769 1452 4849 cui
1478 4793 1613 4880 quam·

179 4904 295 4996 quam
312 4878 376 4989 ,vi
411 4876 571 4966 nominis
601 4877 795 4996 exposua,
824 4903 864 4966 et
880 4877 993 4967 latitta
1016 4877 1232 5004 politiorum
1255 4883 1524 4972 consuetudine
1536 4885 1611 5090 gig·
