4326 5986
601 525 839 607 cauom
882 525 935 606 v.
977 526 1207 606 arnxv.
1360 489 1362 494 ’
1529 527 1616 625 459

196 721 305 826 quae
341 691 467 784 Missa
503 679 702 801 dicitur,
736 682 785 780 in
820 678 1003 780 navibus
1048 681 1207 822 patrari
1242 713 1449 800 vetatur,
1483 683 1649 823 nequid

192 828 395 929 videlicet
446 826 665 928 sinistrum
714 823 762 926 in
811 829 1091 926 Sacramentum
1121 825 1342 965 ipsarum
1399 823 1647 928 mobilitate

193 971 387 1071 accidat.

261 1125 403 1215 XXII.
475 1110 706 1216 Sublatis
693 1113 828 1257 agitur
861 1113 1092 1233 anchoris,
1112 1119 1242 1216 naves
1278 1111 1440 1232 solvit,
1477 1147 1521 1213 et
1555 1123 1645 1216 Im

190 1258 489 1395 peratoriam,
528 1297 664 1398 quam
699 1296 866 1358 ceterae
910 1192 1234 1398 sequebintur,
1270 1256 1498 1357 contractis
1534 1257 1641 1356 velis

188 1401 359 1529 jubet
347 1439 393 1500 tn
429 1438 526 1499 eam
562 1437 732 1539 partem
765 1401 894 1502 remis
929 1400 1122 1540 impelli,
1155 1439 1267 1541 quae
1308 1400 1415 1499 inter
1447 1435 1641 1499 austrum

191 1577 234 1640 et
270 1580 536 1644 euronotum
570 1579 771 1684 spectats
815 1544 903 1645 hoc
938 1543 1159 1660 consilio,
1193 1578 1244 1640 ut
1279 1543 1316 1641 si
1361 1576 1511 1643 tumor
1557 1580 1640 1680 pa-

189 1687 316 1786 tentis
355 1687 526 1805 maris,
571 1686 694 1825 quod
738 1681 831 1786 fore
871 1725 963 1787 non
998 1620 1294 1802 dubitabatur,
1329 1685 1640 1824 enavigando

190 1825 455 1946 deterreret,
495 1823 629 1927 facilis
657 1862 778 1927 esset
823 1864 958 1926 vento
1001 1865 1093 1926 non
1132 1826 1399 1966 impediente
1452 1827 1508 1926 ad
1545 1867 1639 1926 eas

191 1969 292 2067 dem
326 1966 526 2068 insulas
516 2003 740 2106 receptus
784 1967 1000 2106 Superatis
1035 1966 1182 2065 insulis
1217 2006 1319 2064 curn
1356 1965 1494 2067 nihilo
1534 2003 1639 2072 tran

190 2108 395 2246 quilliora
438 2109 651 2272 opinione
699 2149 774 2210 sua
813 2110 1071 2251 reperisset,
1115 2140 1158 2206 ct
1193 2107 1431 2246 periculum
1475 2110 1637 2211 Carolo

95 2314 99 2322 ·
189 2285 321 2389 atque
357 2254 505 2356 ceteris
540 2287 820 2371 ostentasset,
858 2251 1033 2352 classem
1068 2250 1216 2390 coepit
1259 2250 1474 2390 explicato
1518 2253 1639 2352 velo·

189 2431 289 2493 turn
328 2395 519 2496 minimo
555 2429 841 2535 retorquere,
879 2429 922 2494 et
962 2396 1079 2493 unde
1119 2389 1259 2492 linerat
1294 2389 1528 2532 profecta,
1567 2434 1639 2494 re·

191 2536 341 2636 duxit
392 2540 531 2660 Quod
573 2533 740 2639 facturn
786 2536 1007 2654 Carolus,
1049 2535 1128 2696 qui
1171 2535 1217 2634 in
1263 2569 1384 2634 tanta
1430 2537 1637 2675 temporis

188 2676 421 2820 iniquitate
458 2680 624 2820 aliquid
659 2661 936 2798 audendum,
970 2713 1014 2777 et
1049 2678 1129 2814 opi
1158 2675 1332 2776 divinae
1359 2677 1638 2778 committen

188 2822 296 2922 dum
332 2822 560 2940 censebat,
591 2859 748 2962 parum
783 2860 927 2960 aequo
962 2820 1114 2920 animo
1147 2813 1287 2919 ferens
1327 2819 1451 2949 jubet
1486 2857 1638 2922 omnes

188 2964 371 3063 navium
421 2959 698 3105 praefectos,
744 3000 879 3103 atque
930 2961 1158 3123 magistros
1205 2960 1252 3060 in
1306 2961 1637 3122 Imperatoriam

187 3107 450 3226 convenire,
485 3142 529 3208 et
565 3145 715 3206 coram
757 3109 810 3206 de
847 3104 1112 3244 tempestatis
1158 3102 1538 3243 navigationisque
1572 3142 1637 3203 ra·

189 3249 310 3347 tione
346 3288 449 3346 cum
486 3249 663 3348 Andrea
697 3248 902 3348 disserere
937 3287 985 3346 ac
1021 3244 1284 3347 deliberare.
1321 3258 1491 3346 Coacro
1526 3284 1637 3344 con-

187 3387 292 3488 cilio
309 3390 557 3550 ,plerique
591 3391 904 3489 discedendum
941 3429 1025 3490 esse
1061 3387 1321 3502 censebant,
1338 3388 1634 3545 utendumque

186 3533 387 3632 euronoti
435 3533 625 3632 secundo
660 3531 799 3650 flatu,
843 3570 936 3632 non
977 3530 1101 3669 quod
1145 3563 1376 3696 tempestas
1412 3528 1632 3628 concitato
1722 3539 1724 3544 ’

187 3675 299 3774 mari
334 3710 439 3775 esset
472 3677 526 3775 ad
563 3607 858 3814 naviganditm
894 3672 1162 3812 peridonea,
1192 3672 1311 3771 sed
1301 3710 1407 3811 quta
1435 3708 1633 3768 commo-

185 3815 355 3917 diorem
405 3818 549 3919 multis
599 3817 749 3919 diebus
796 3852 894 3955 per
920 3816 1024 3915 anni
1066 3851 1236 3952 tempus
1284 3811 1631 3914 adversissimam

184 3996 351 4098 sperare
387 3999 478 4059 non
522 3959 695 4058 liceret
739 3969 891 4098 Itaque
924 3955 1034 4057 boni
1074 3952 1389 4054 consulendum
1429 3993 1560 4072 esse,
1596 3953 1633 4052 si

184 4101 296 4200 marl
336 4141 428 4200 110ss
469 4099 809 4200 concitattssimo
852 4129 1033 4197 Ventum
1077 4097 1194 4195 nacti
1236 4130 1369 4198 essent
1413 4094 1631 4198 lnstitutae
1773 4137 1777 4146 '

186 4243 458 4383 navigationi
487 4243 895 4361 accommodatum,
919 4239 1171 4380 praesertim
1196 4233 1554 4339 commeatibus
1541 4276 1631 4366 Jam

185 4419 363 4522 anguste
399 4383 759 4526 suppetentibus.
1462 4425 1465 4430 ’

254 4536 412 4634 XXIII.
484 4538 649 4628 Contra
684 4524 789 4626 haec
826 4525 1016 4626 Andreas
1053 4562 1203 4645 mare,
1243 4524 1366 4664 quod
1402 4559 1538 4662 prope
1565 4521 1631 4624 in

187 4667 294 4766 sulas
331 4668 462 4808 paulo
500 4669 749 4769 concitatius
784 4707 870 4767 esse
906 4669 1157 4786 videretur,
1180 4664 1304 4784 fore,
1323 4662 1633 4779 confirmabat,

187 4840 236 4904 ut
271 4808 523 4912 interiorem
559 4812 704 4913 sinum
738 4811 1063 4952 penetrantibus
1091 4808 1477 4928 concitatissimum
1512 4803 1632 4943 repe·

1014 4963 1205 5053 Mmmz
1581 4945 1635 5045 ri·
