4368 5984
341 625 345 636 .
419 449 1609 738 --mnotmartirtt10.·---
1675 589 1685 604 f

254 883 565 1084 Nonnulla
587 983 860 1118 JOANNIS
890 989 1120 1085 GENESII
1144 987 1533 1101 SEPULVEDAE
1555 1013 1711 1123 opera,

259 1157 375 1279 quae
410 1120 536 1224 variis
566 1122 681 1261 typis
716 1120 871 1262 pluries
905 1123 1107 1268 evulgata
1147 1129 1318 1236 assiduis
1355 1127 1588 1254 doctorum
1626 1122 1711 1225 ho·

257 1261 440 1364 minum
483 1263 686 1364 manibus
722 1301 798 1403 per
833 1261 939 1366 haec
983 1269 1075 1368 duo
1074 1306 1326 1431 postrema
1360 1267 1545 1370 saecula
1568 1301 1712 1371 versa-.-

257 1399 455 1522 bantut,
495 1401 804 1506 vehementem
830 1381 942 1508 adeo
980 1410 1089 1510 tanti
1123 1413 1205 1512 vrri
1240 1410 1634 1553 exspectationem,
1667 1445 1711 1514 et

259 1545 506 1680 doctrinae
528 1557 614 1707 ejus
651 1545 854 1709 plausum
887 1550 1264 1714 celebritatemque
1305 1554 1623 1670 excitaverant,
1663 1587 1713 1674 ut

260 1683 415 1850 ingens
459 1689 666 1792 omnium
699 1729 869 1791 ammos
913 1693 1227 1794 desiderium
1217 1731 1435 1820 incesseret
1474 1729 1713 1816 ceterarum
1808 1748 1810 1759 ·

257 1828 480 1934 clarissimi
511 1830 737 1994 Scriptoris
771 1831 1224 1962 elucubrationum,
1218 1877 1361 1997 quas
1399 1837 1597 1999 quidem
1620 1835 1714 1976 pari

258 1959 512 2138 eloquentia
546 2009 591 2074 et
629 1973 836 2098 industria
871 1953 1106 2083 elaboratas
1161 1979 1443 2080 Genesium
1432 2017 1577 2119 ipsum
1629 2011 1714 2242 EO}

257 2117 376 2223 stetis
401 2117 589 2220 edendas
615 2095 827 2258 reliquisse
853 2157 958 2220 cum
990 2161 1042 2244 ιιι
1064 2119 1241 2236 Nicolai
1269 2121 1454 2222 Antonii
1472 2119 1631 2226 Bibliot

256 2298 348 2377 ca,
381 2294 425 2362 er
459 2259 650 2394 ejusdem
672 2259 933 2401 Sepulvedae
960 2235 1139 2378 litteris,
1177 2231 1275 2364 tuni
1306 2263 1562 2424 praecipue
1555 2264 1619 2383 eri
1630 2297 1711 2392 ea,

271 2440 389 2544 quae
424 2403 481 2503 ad
508 2399 735 2564 Jacobum
770 2403 965 2540 Neylam
1007 2405 1162 2539 missal
1172 2403 1276 2514 huic
1312 2444 1457 2568 primo
1483 2371 1715 2532 volumini

259 2579 498 2686 tamquam
528 2545 702 2687 optima
734 2546 933 2650 Auctor'n
963 2549 1175 2650 Praefatio
1202 2547 1521 2711 praemittitur,
1556 2553 1714 2682 epistola
1771 2625 1776 2634 .

259 2686 500 2818 constabat.
542 2687 685 2792 Plures
731 2725 879 2792 tamen
916 2693 1180 2850 eaedemque
1217 2691 1523 2835 gravissimae
1529 2687 1714 2810 tationes

265 2813 548 2995 obstiterant,
582 2834 819 2972 quominus
844 2831 917 2934 illa
943 2870 1105 2995 scripta
1134 2871 1241 2952 vtvo
1268 2831 1420 2962 adhuc
1446 2832 1657 2968 Genesio
1653 2867 1714 2962 et

265 2972 418 3123 primis
461 2972 545 3078 illis
587 2972 886 3118 temporibus,
936 3010 1049 3117 quat
1094 2975 1260 3117 ipsius
1268 2944 1485 3106 obimm
1463 3011 1716 3148 comecutq

263 3153 403 3236 ιιιιιι,
441 3115 892 3263 praeterlabentibus
882 3153 936 3218 ιιι
973 3117 1129 3262 vulgus
1162 3122 1463 3235 emanarent,
1463 3119 1595 3220 uti
1606 3156 1715 3247 mee

264 3295 490 3362 moratam
536 3260 763 3403 epistolam
798 3259 1038 3402 legentibus
1077 3259 1311 3363 luculenter
1345 3235 1581 3419 apparebit.
1619 3269 1715 3360 He
1741 3281 1745 3288 “

266 3403 477 3529 redum
465 3439 653 3542 itaque,
698 3441 1076 3542 successorumque
1108 3401 1374 3544 Sepulvedae
1411 3374 1711 3546 negligentia,

267 3519 417 3676 aliisve
449 3544 661 3647 decausis
691 3551 855 3648 lactum
884 3551 1048 3671 luerat,
1080 3581 1129 3646 ut
1118 3543 1499 3712 exemplaribus
1494 3581 1716 3706 autpgra7

271 3666 371 3829 phis
417 3668 667 3809 distractis,
707 3727 783 3794 aut
825 3691 873 3792 in
919 3730 1074 3794 manus
1094 3690 1431 3795 incuriosomm
1477 3687 1716 3816 hominum

269 3826 551 3930 translatis
510 3868 585 3931 vix
631 3833 767 3936 tenuis
801 3833 857 3933 ad
894 3873 974 3934 nos
1009 3873 1162 3936 eorum
1198 3841 1317 3934 lama
1346 3833 1639 3992 pervenisset,
1672 3863 1717 3932 et
1822 3905 1827 3916 ·

267 3968 328 4072 de
359 3970 441 4074 illis
466 3969 703 4112 aliquando
737 3973 1023 4116 evulgandis,
1060 4017 1154 4081 non
1189 3977 1278 4078 sine
1312 3972 1584 4076 acerbissimo
1619 4008 1720 4070 eru

269 4111 470 4214 diturum
497 4114 703 4216 omnium
739 4155 937 4218 moerore
952 4159 1104 4278 paene
1140 4088 1412 4256 desperabam
1443 4149 1587 4246 essert
1612 4151 1718 4214 cum

269 4254 387 4358 felici
413 4255 557 4358 nescio
560 4295 683 4396 quo
719 4264 810 4360 lato
844 4260 1025 4417 evenit,
1059 4295 1108 4358 ut
1133 4267 1305 4401 joannes
1340 4270 1529 4382 Antonius
1564 4259 1635 4358 Χ
1619 4296 1718 4361 me
1792 4331 1798 4340 ,

267 4405 360 4502 nius
375 4401 574 4538 Alstttus,
599 4439 660 4500 ex
695 4437 848 4500 eorum
894 4399 1091 4502 virorum
1136 4441 1361 4520 numero,
1403 4360 1609 4540 quibus
1593 4432 1722 4500 vent-

271 4539 458 4672 stiorum
489 4535 860 4644 characterum
817 4576 908 4642 nte
937 4583 988 4644 ac
1019 4542 1213 4706 legitime
1250 4475 1536 4688 legcirdorum
1571 4576 1616 4641 et
1640 4580 1724 4642 no-

269 4655 454 4814 fioribus
492 4659 802 4812 lineorum
773 4684 949 4828 signis
935 4687 1327 4794 exscribendotum
1377 4723 1535 4790 munus
1578 4723 1605 4810 a
1650 4721 1720 4787 su-

274 4861 440 4972 P¹0m0
476 4801 685 4960 QStsllae
710 4839 867 4958 Senatu
893 4792 1215 4962 demandatum
1237 4869 1341 4961 est,
1378 4833 1425 4934 de
1460 4833 1591 4958 relus
1598 4836 1723 4970 gestis

1045 4986 1136 5125 ,u
1643 4975 1722 5076 ca-
