4294 5972
556 488 637 575 340
923 403 1024 559 itu
1057 475 1271 560 nauus
1299 473 1517 560 cusum

513 636 724 777 producta
760 666 1078 735 tormentorum
1109 628 1450 798 oppugnatione
1484 665 1527 728 et
1560 619 1681 730 bona
1706 661 1829 768 parte
1860 664 1957 732 mu

513 780 553 879 ri
589 773 874 899 labefactata,
909 815 1073 918 magno
1108 778 1278 919 impetu
1313 775 1600 936 irrumpentes
1635 775 1774 872 nostri
1810 775 1956 876 castel

514 921 609 1024 lum
653 923 868 1064 capiunt,
914 921 1247 1061 diripiuntque.
1283 929 1348 1019 Ex
1384 915 1621 1020 castellanis
1656 916 1855 1018 nonnulli
1888 959 1954 1019 ca

515 1065 583 1206 pti
625 1099 764 1187 sunt,
825 1066 1072 1205 complures
1119 1105 1204 1166 sese
1253 1062 1302 1162 in
1349 1101 1493 1165 arcem
1550 1095 1834 1201 receperunt,
1886 1063 1960 1162 sed

516 1207 623 1310 haec
658 1247 849 1374 prosus
887 1207 1132 1316 infirmitate
1184 1244 1413 1350 parumper
1456 1246 1530 1308 eos
1573 1240 1712 1306 tutata
1748 1240 1833 1308 est.
1876 1215 1960 1306 lta

517 1392 606 1492 que
642 1353 808 1471 nostri,
842 1350 1022 1452 brevi
1011 1352 1266 1495 interposita
1301 1391 1456 1472 mota,
1501 1347 1702 1452 certatim
1737 1347 1884 1450 adorti
1917 1384 1960 1450 et

517 1494 638 1595 scalis
645 1431 910 1639 applicatis
951 1535 1094 1598 arcem
1135 1535 1317 1638 quoque
1361 1532 1612 1641 expugnant
1647 1529 1690 1592 et
1724 1533 1879 1595 omnes
1913 1493 1960 1594 in

431 1675 433 1680 ’
516 1677 612 1744 arce
646 1677 833 1781 repertos
869 1643 925 1741 ad
961 1679 1097 1742 unum
1134 1637 1422 1740 obtruncant.
1461 1652 1525 1740 Ex
1550 1637 1705 1740 nostris
1728 1637 1777 1739 in
1802 1635 1961 1779 oppidi

519 1819 563 1884 et
588 1783 691 1886 arcis
722 1785 1043 1945 expugnatione
1067 1781 1186 1884 haud
1212 1782 1418 1923 plures
1377 1783 1542 1924 vrgintt
1527 1782 1814 1900 desiderati,
1833 1818 1961 1920 prae-

519 1961 580 2025 ter
616 1926 773 2025 milites
815 1925 1036 2066 triginta,
1077 1927 1156 2088 qui
1203 1965 1403 2067 proxima
1443 1962 1574 2026 nocte
1617 1965 1693 2026 sua
1725 1925 1959 2066 cupiditate

517 2068 767 2233 perierunt3
813 2107 916 2169 nam
962 2069 1111 2169 ceteris
1147 2068 1347 2231 direptis,
1370 2069 1475 2188 arcis
1505 2069 1733 2170 secretiora
1760 2067 1856 2168 loca
1881 2104 1962 2166 tu-

512 2212 698 2376 ‚pidius
686 2212 758 2314 rsti
797 2252 1048 2354 temereque
1072 2212 1255 2313 incensis
1279 2206 1445 2314 facibus
1468 2213 1635 2314 dum
1602 2247 1843 2330 rtmantut,
1876 2247 1964 2310 tot·

519 2357 751 2459 mentarius
789 2358 930 2498 pulvis
973 2393 1189 2497 concepto
1206 2357 1327 2518 igne
1371 2356 1552 2478 turrim,
1594 2351 1674 2454 ubi
1716 2352 1962 2454 asservaba-

519 2535 619 2620 tur,
655 2499 854 2631 disjecit,
894 2541 1007 2640 quae
1044 2541 1118 2598 sua
1153 2499 1278 2600 ruina
1313 2499 1474 2601 milites
1518 2501 1732 2618 eosdem,
1767 2495 1961 2638 siquibus

519 2644 695 2778 flamma
732 2679 1009 2783 pepercerat,
1046 2643 1282 2784 oppressit.
1376 2729 1379 2737 .

589 2795 802 2888 XXXIX.
877 2788 960 2887 His
996 2785 1122 2887 rebus
1159 2786 1289 2928 gestis
1324 2785 1490 2905 Dotia,
1527 2825 1668 2888 rursus
1694 2783 1834 2928 copiis
1856 2783 1964 2886 citra

522 2929 707 3045 Sinum,
743 2931 799 3030 de
848 2970 939 3070 quo
982 2930 1201 3050 diximus,
1244 2931 1429 3061 trajectis
1472 2930 1783 3070 reductisque,
1824 2928 2004 3071 pergit·

522 3072 642 3175 illam
680 3113 801 3174 oram
838 3071 1177 3176 incursionibus
1204 3110 1245 3176 et
1290 3073 1644 3216 populationibus
1685 3073 1819 3214 longe
1860 3073 1965 3172 late-

522 3256 609 3357 que
642 3250 833 3325 vastare3
876 3258 956 3317 nec
992 3217 1108 3357 prius
1149 3257 1175 3316 a
1220 3217 1522 3356 Peloponneso
1566 3217 1795 3379 ἀιιεειιιι,
1833 3255 1962 3358 quam

521 3359 627 3460 anni
661 3395 834 3500 tempus
869 3359 1105 3499 inciperet,
1129 3357 1327 3460 affecto
1313 3399 1403 3493 Jam
1430 3398 1682 3479 autumn0,
1721 3360 1975 3463 triremium

520 3503 849 3646 navigationem
883 3505 1141 3605 excludere:
1170 3509 1299 3605 Tunc
1336 3543 1440 3607 veto
1459 3507 1506 3607 in
1541 3437 1740 3668 ltaliain,
1761 3543 1854 3649 quo
1879 3515 1972 3642 jam

523 3649 708 3754 Carolus
743 3686 1025 3794 pervenerat,
1061 3687 1165 3757 cum
1201 3684 1296 3750 tota
1331 3648 1459 3756 classe
1492 3648 1743 3792 navigavit.
