4294 5984
543 469 629 556 108·
931 453 1013 562 uu
1058 478 1260 560 nesus
1309 473 1529 558 cussis
1641 513 1644 518 =

498 653 622 779 cujus
657 633 967 782 pontificatum
1001 632 1202 735 animum
1237 633 1506 751 intenderat,
1538 627 1594 730 ad
1631 623 1963 770 oppidanorum

501 789 672 892 animos
709 793 873 916 majore
910 776 1057 882 furore
1093 777 1380 882 concitandos
1408 774 1662 918 pervenit,
1705 775 1783 915 qui
1824 777 1965 879 Tole-

501 970 718 1035 tanorum
750 924 927 1068 segnitie
969 923 1204 1064 castigata,
1285 923 1378 1024 uod
1418 919 1669 1022 Antonium
1709 920 1964 1066 Zugnigam

503 1078 706 1220 equiturn
741 1069 886 1174 Sancti
929 1069 1114 1208 Joannis
1148 963 1444 1210 praelectum,
1480 1068 1660 1166 Priorem
1706 1062 1845 1206 vulgo
1892 1066 1963 1167 di-

501 1259 655 1340 ctum,
690 1217 870 1360 impune
904 1211 1088 1356 vagati,
1121 1249 1166 1311 et
1201 1210 1370 1312 vicinos
1398 1245 1442 1308 et
1472 1207 1637 1310 amicos
1673 1207 1863 1350 populos
1900 1249 1968 1320 ex<

504 1405 529 1467 a
566 1365 668 1466 itare
706 1398 749 1462 et
793 1359 938 1461 invitis
980 1355 1094 1500 leges
1136 1355 1366 1497 imponere
1409 1386 1692 1495 paterentur,
1731 1353 1966 1496 negotium

504 1405 589 1610 silvi
627 1505 822 1648 deposcit
857 1501 969 1602 illius
1004 1536 1185 1602 conatus
1221 1495 1485 1606 cohibendir
1505 1496 1774 1637 civitateque
1808 1496 1968 1629 juben·

507 1690 586 1773 te,
624 1691 729 1754 cum
765 1648 1086 1748 Toletanorum
1130 1681 1264 1743 manu
1308 1654 1426 1784 lepes
1468 1641 1723 1783 oppidum,
1760 1643 1877 1742 unde
1912 1643 1966 1744 il-

506 1797 600 1898 lurn
647 1791 881 1896 lacessendi
920 1788 1274 1933 reprimendique
1325 1781 1501 1888 facultas
1552 1780 1649 1888 fore
1697 1781 1965 1909 videbatur,

505 1938 759 2040 contendit.

599 2093 675 2184 XI.
766 2074 987 2180 Antonius
1029 2073 1151 2176 enim
1192 2072 1395 2218 Zugniga
1443 2072 1575 2177 initio
1621 2075 1678 2177 ad
1722 2115 1766 2174 se
1802 2113 1966 2217 suaque

508 2227 758 2342 tuendum,
785 2259 828 2323 et
862 2221 1068 2339 clientes,
1090 2259 1202 2359 quos
1239 2258 1333 2320 non
1367 2255 1530 2360 paucos
1565 2214 1758 2321 habebat
1791 2218 1840 2320 in
1868 2232 1967 2322 Car·

508 2375 715 2513 petania,
750 2367 796 2466 in
832 2357 986 2465 officio
1030 2363 1353 2483 continendos,
1397 2363 1615 2505 praesidio
1663 2399 1817 2466 coacto
1863 2401 1970 2464 cum

391 2554 397 2561 ·
510 2511 744 2628 finitimis,
781 2507 862 2647 qui
897 2519 1163 2648 Ocagnam,
1197 2507 1460 2625 Romerale,
1496 2506 1736 2610 Guatdiam
1774 2540 1818 2604 et
1856 2544 1968 2648 pro-

510 2657 628 2756 xima
669 2653 765 2752 loca
808 2685 990 2769 tenent,
1039 2646 1399 2750 tumultuantibus
1448 2646 1614 2751 bellurn
1662 2682 1883 2793 gesserat,
1925 2685 2009 2754 et·

390 2801 391 2805 '
510 2796 658 2897 multis
715 2790 970 2933 magnisque
1029 2792 1326 2893 incommodis
1385 2789 1631 2903 affeceratr
1685 2794 1853 2936 quippe
1914 2833 1968 2893 eo

512 2975 713 3079 tempore
747 2944 938 3054 Motae,
975 2935 1053 3075 qui
1087 2935 1207 3037 vicus
1243 2975 1427 3080 magnus
1468 2973 1563 3058 est,
1599 2973 1644 3037 et
1685 2975 1782 3038 arce
1824 2934 1971 3038 muni-

511 3121 581 3182 tus
627 3083 675 3181 in
715 3117 823 3220 agro
867 3078 1123 3198 Toletano,
1167 3120 1287 3180 casus
1327 3078 1579 3180 miserabilis
1619 3080 1808 3182 accidit.
1845 3087 1969 3179 Nam

512 3265 618 3326 curn
653 3232 877 3324 Morenses
918 3221 1049 3321 initio
1090 3222 1405 3324 dissensionum
1447 3221 1678 3325 consilium
1720 3223 1964 3325 Toletano-

512 3406 612 3469 rum
647 3360 916 3507 probarent,
953 3403 1353 3508 sequerenturque,
1389 3403 1538 3468 tamen
1573 3365 1754 3508 periculi
1797 3368 1970 3468 denun-

513 3510 698 3610 tiatione
740 3545 784 3608 et
829 3509 1018 3610 Antonii
1058 3513 1125 3609 Zu
1190 3511 1316 3652 ‘guae
1357 3511 1613 3611 auctoritate
1653 3510 1876 3649 permoti,
1924 3511 1972 3610 in

514 3689 744 3798 procerum
792 3652 1072 3793 Regiumque
1145 3655 1280 3775 dem,
1326 3655 1430 3756 dato
1478 3655 1798 3786 jurejurand0,
1851 3653 1971 3754 redi-

513 3833 561 3896 re
596 3795 739 3897 coacti
773 3830 903 3904 sunt3
941 3798 1014 3894 sed
1048 3829 1335 3938 posteaquam
1370 3797 1486 3939 ipsos
1528 3835 1609 3900 nec
1651 3798 1839 3940 partium
1882 3835 1968 3899 stu-

514 3940 677 4059 dium,
712 3977 792 4040 nec
826 3939 1106 4071 jurisjurandi
1146 3941 1301 4084 religio
1343 3942 1441 4042 satis
1483 3940 1530 4042 in
1572 3937 1724 4044 officio
1767 3941 1970 4045 contine·

514 4080 622 4203 bat,
668 4082 796 4181 missa
844 4082 890 4180 in
943 4123 1015 4183 eos
1066 4117 1127 4184 est
1166 4124 1321 4187 manus
1374 4083 1611 4208 militariS,
1667 4127 1780 4230 quae
1822 4124 1969 4228 oppu-

512 4229 723 4367 gnando,
767 4224 837 4326 vel
877 4226 1150 4351 territando,
1193 4225 1378 4332 furentes
1419 4231 1475 4332 ad
1517 4232 1743 4334 sanitatem
1785 4221 1966 4332 revoca-

511 4407 604 4469 ret.
645 4379 791 4498 Hujus
835 4371 1027 4473 adventu
1072 4375 1292 4516 cognito,
1334 4385 1559 4478 Morenses
1601 4375 1887 4493 mulieribus,
1923 4407 1966 4474 et

511 4508 741 4610 inutilibus
770 4551 845 4650 per
881 4551 1067 4616 aetatem
1102 4519 1158 4619 ad
1193 4557 1388 4660 pugnam
1426 4520 1528 4622 viris
1571 4561 1675 4622 curn
1716 4521 1852 4624 multa
1887 4555 1968 4618 ve·-

509 4685 572 4751 ste
615 4693 665 4752 ac
707 4653 967 4796 supellectile
1018 4657 1065 4756 in
1111 4654 1266 4760 fanum
1317 4663 1564 4798 conjectis,
1606 4668 1769 4789 ceteri,
1820 4660 1971 4767 sumtis

508 4796 669 4919 armis,
695 4799 751 4901 ad
777 4793 944 4924 fossas,
981 4840 1090 4945 quas
1127 4840 1374 4918 transversas
1411 4811 1467 4916 ad
1502 4811 1646 4953 capita
1683 4812 1857 4920 viarum
1893 4811 1973 4912 du-

1890 4993 1973 5064 XC‘
