4294 5984
575 467 817 552 cauom
866 471 918 550 V.
970 470 1199 552 LIB.1V.
1343 563 1345 568 ,
1494 489 1577 580 129

149 668 192 736 et
220 627 482 736 Placentiam
501 628 716 733 Ecclesiae
750 627 1012 760 restituunt,
1042 666 1085 731 et
1117 627 1269 732 ceteris
1303 630 1444 774 copiis
1472 636 1616 736 dimis-

147 780 234 899 sis,
271 780 492 920 Hispanos
533 785 892 915 Germanosque,
935 810 1102 914 practer
1138 776 1297 878 horum
1342 779 1431 878 duo
1480 781 1615 882 millia

146 922 343 1064 Principi
386 929 635 1023 Mantuano
679 920 736 1022 ad
784 918 1029 1020 Placentiae
1072 921 1334 1062 praesidium
1376 921 1611 1044 attributa,

144 1067 281 1172 iniis
332 1065 545 1208 oppidis,
595 1105 710 1208 quae
758 1059 969 1164 Abduam
1021 1063 1186 1167 flumen
1229 1065 1481 1207 attingunt,
1523 1067 1611 1204 hy-

145 1210 389 1313 bernorum
425 1251 552 1313 causa
596 1211 870 1351 disponunts
911 1243 1050 1350 utque
1091 1209 1256 1331 Gallis,
1300 1211 1381 1351 qui
1423 1223 1612 1313 Cremo-

140 1396 222 1456 nae
255 1353 619 1473 continebantur,
654 1392 680 1450 a
708 1350 1005 1469 Mediolano,
1041 1355 1186 1495 siquid
1223 1355 1488 1475 movissent,
1527 1359 1610 1458 ob-

142 1501 369 1618 sisterent,
407 1535 480 1617 et,
523 1495 745 1638 stipendio
784 1531 882 1636 post
918 1497 1077 1598 Leonis
1117 1499 1295 1602 obitum
1339 1539 1462 1640 parce
1504 1539 1610 1642 sup-

141 1680 350 1785 petente,
396 1642 604 1785 impensis
639 1638 971 1782 oppidanorum
1007 1642 1174 1779 partitis
1210 1644 1418 1745 domibus
1453 1644 1610 1744 aleren-

139 1825 242 1896 turs
277 1789 400 1930 quod
437 1825 708 1929 quamquam
745 1783 934 1927 graviter
970 1779 1167 1887 ferebant
1211 1789 1475 1928 populares,
1523 1785 1609 1892 hoc
1673 1819 1675 1824 ’

140 1966 289 2032 tamen
325 1933 602 2072 dispendium
638 1965 771 2070 atque
817 1927 1065 2058 molestiam
1109 1970 1160 2030 ea
1205 1969 1280 2071 spe
1322 1931 1607 2054 solabantur,

139 2069 237 2177 fore
271 2111 323 2176 ut
359 2075 483 2178 brevi
519 2073 651 2214 pulsis
687 2069 875 2170 omnino
912 2070 1081 2187 Gallis,
1119 2111 1232 2210 quos
1275 2115 1453 2178 summo
1496 2079 1607 2177 odio

137 2216 205 2320 ob
242 2219 478 2359 superbum
513 2216 830 2332 dominatum,
869 2248 913 2312 et
954 2211 1126 2314 acerbas
1172 2255 1461 2318 nummorum
1505 2261 1608 2319 exa-

139 2362 310 2463 ctiones
359 2400 486 2501 prose
520 2359 772 2476 uebantur,
823 2355 1062 2456 Franciscus
1113 2351 1271 2457 Sfortia
1322 2362 1606 2481 succederet,

139 2506 209 2606 vir
244 2507 298 2604 de
333 2513 451 2636 cujus
489 2403 804 2622 claumanitate,
855 2498 1173 2640 temperantia,
1216 2539 1259 2602 et
1300 2500 1464 2635 justitia
1508 2540 1607 2602 ma-

139 2687 230 2788 gna
265 2681 354 2745 erat
390 2643 629 2748 hominum
664 2643 846 2785 opinio,
880 2681 925 2744 et
958 2654 1082 2778 cujus
1108 2638 1259 2764 frater,
1288 2680 1524 2786 paterque,
1561 2685 1606 2749 et

141 2827 250 2889 avus
286 2787 688 2892 Mediolanensium
722 2785 958 2929 imperium
993 2787 1299 2891 obtinuerant.

192 2940 431 3034 XXXVII.
484 2944 581 3036 Rex
615 2931 889 3051 Franciscus,
927 2967 978 3033 ut
1012 2928 1178 3034 bellum
1212 2971 1469 3052 renovaret,
1507 2971 1605 3036 ma-

139 3113 285 3218 gnum
322 3077 563 3216 peditatum
598 3119 651 3177 ex
691 3074 906 3176 Helvetiis
939 3076 1211 3178 conductum
1250 3078 1296 3178 in
1330 3077 1606 3219 supplemen-

140 3255 244 3322 tum
293 3217 478 3321 Odetho
525 3230 735 3325 Lautreco
778 3217 950 3338 mittit,
990 3221 1073 3361 qui
1121 3220 1326 3363 singulari
1368 3221 1513 3321 studio
1560 3245 1625 3321 et'

141 3363 378 3505 diligentia
413 3401 510 3483 res,
555 3405 668 3503 quae
711 3361 829 3463 bello
870 3363 969 3463 usui
1009 3357 1192 3485 forent,
1235 3367 1291 3466 ad
1333 3377 1604 3468 Cremonam
1720 3445 1724 3451 ·

140 3503 460 3647 comparabats
495 3505 778 3648 vicissimque
806 3506 988 3608 Carolus
1025 3510 1255 3648 peridem
1290 3545 1461 3651 tempus
1496 3518 1604 3608 Ger·-

141 3690 384 3755 manorum
436 3689 621 3753 manum
662 3648 825 3751 auxilio
869 3661 1081 3792 Prospero
1104 3652 1367 3755 Columnae
1412 3649 1605 3753 submit-

139 3795 232 3915 tit,
270 3795 355 3938 qui
386 3796 443 3896 ad
467 3793 778 3896 Mediolanum
813 3793 1081 3896 munitiones
1115 3793 1367 3896 reficiendas
1401 3790 1606 3915 curabat,

142 3975 189 4035 et
224 3937 451 4077 duplicem
483 3932 645 4040 fossam
686 3936 996 4080 duplicemque
1043 3938 1244 4054 vallum,
1287 3973 1424 4078 parvo
1466 3936 1605 4036 inter-

141 4076 265 4180 vallo
299 4081 484 4197 relicto,
520 4123 570 4183 ea
604 4083 769 4185 ratione
814 4082 970 4198 duxit,
1009 4115 1058 4179 ut
1107 4084 1223 4179 intus
1269 4079 1517 4220 eruptiones
1553 4117 1605 4180 cx

145 4261 248 4324 arce
283 4221 616 4344 cohiberentur,
649 4218 754 4324 foris
790 4259 1001 4325 arceretur
1043 4220 1210 4343 hostis,
1251 4221 1288 4324 si
1333 4223 1426 4322 vim
1467 4217 1606 4322 facere

144 4401 224 4468 aut
270 4401 406 4506 opem
461 4365 640 4468 obsessis
681 4360 791 4466 ferre
832 4399 1085 4468 conaretur.
1137 4365 1376 4468 Franciscus
1423 4403 1607 4506 quoque

148 4505 360 4627 Sfortia,
405 4547 540 4651 quem
589 4519 911 4610 Germanorum
957 4549 1029 4612 sex
1080 4509 1217 4610 millia
1268 4507 1608 4652 sequebantur,

148 4651 463 4758 Mediolanum
522 4653 760 4800 pervenit,
815 4652 1025 4797 singulari
1081 4653 1269 4757 civitatis
1322 4651 1609 4796 gratulatione

152 4831 366 4936 {eceptust
929 4853 957 4862 ··

233 4939 342 5042 Tum.
373 4951 409 5045 I.
1166 4955 1212 5050 R
1486 4940 1581 5083 lgi-
