4368 5984
697 425 816 494 VITA
841 425 906 494 ET
925 425 1146 499 SCRIPTA.
1555 453 1594 518 15

260 557 472 670 Aggressus
491 570 553 632 est
589 543 761 630 laborem
775 544 882 628 hunc
911 570 989 628 tam
1014 546 1176 632 arduum
1210 608 1222 653 ,
1256 568 1316 632 tot
1342 543 1620 638 difficultatibus

175 673 392 788 implicitum
426 690 522 751 nutu
547 689 667 778 atque
696 663 860 777 auspiciis
886 662 977 779 Julii
1001 665 1170 750 Medicis
1200 727 1213 770 ,
1245 694 1335 750 eum
1367 669 1540 755 nondum
1572 675 1623 759 ad

174 789 341 908 supremi
361 783 603 872 Pontificatus
636 777 822 898 fastigium
853 781 1077 896 peruenisset
1104 846 1120 889 p,
1166 784 1281 869 ascito
1312 785 1386 880 „sibi
1419 788 1622 876 Clementis

173 914 255 996 Vll.
287 906 467 993 nomine.
502 907 606 985 Nam
638 929 726 986 cunr
751 930 918 986 summus
942 900 1000 986 ille
1027 901 1083 989 vir
1099 933 1170 1018 pro
1204 902 1314 988 insito
1347 907 1545 993 Mediceae
1565 906 1622 994 fa-

175 1029 298 1114 miliae
325 1027 366 1110 in
397 1021 534 1107 litteras
566 1048 695 1104 amore
721 1018 794 1130 jam
823 1044 906 1104 turn
945 1022 1135 1134 quosdam
1175 1021 1331 1108 haberet
1363 1020 1620 1141 faveretque,

177 1147 242 1264 qui
268 1174 359 1231 suae
390 1139 521 1226 aetatis
547 1167 606 1223 res
636 1163 757 1251 gestas
774 1162 950 1222 accurate
973 1167 1023 1224 ac
1049 1139 1244 1256 diligenter
1277 1144 1481 1228 memoriae
1516 1177 1621 1230 man-

176 1267 345 1368 darent,
368 1261 465 1344 alios
494 1257 564 1372 qui
593 1255 866 1361 Medicorum,
890 1255 989 1341 alios
1024 1260 1095 1374 qui
1123 1258 1442 1373 Philosophorum
1459 1268 1623 1350 Graeco·

175 1415 262 1470 rum
275 1377 550 1468 conunenraria
570 1373 775 1460 latinitate
792 1376 1015 1482 donarent,
1031 1401 1230 1491 postremo
1242 1376 1336 1462 huic
1374 1383 1518 1466 muneri
1547 1385 1622 1467 ob·

175 1503 310 1589 eundo
337 1495 589 1613 Sepulvedam
616 1523 745 1607 parem
756 1493 1006 1580 existimavit.
1043 1500 1175 1611 ltaque
1205 1496 1354 1611 optimo
1382 1500 1535 1585 consilio
1551 1527 1621 1588 sta·

178 1623 282 1724 tuit,
303 1643 349 1704 ut
378 1618 427 1702 ab
442 1615 493 1701 eis
524 1611 757 1728 potissimum
777 1613 1268 1730 „commentariiscapetetur
1298 1618 1522 1724 exordium,
1540 1622 1623 1736 qui·

179 1743 248 1826 bus
264 1736 478 1824 Alexander
506 1731 845 1846 Aphrodisieusnsi
868 1735 973 1834 μετὰ
992 1740 1047 1818 τὰ
1064 1740 1200 1843 paciani
1236 1735 1450 1844 ‚Aristotelis
1476 1767 1623 1824 enarra·

179 1859 241 1946 vit.
268 1873 281 1912 ¹
301 1853 422 1968 Cujus
454 1852 660 1965 interpretis
683 1876 796 1936 tanta
814 1846 890 1935 fuit
916 1874 1006 1934 tum
1030 1853 1141 1965 apud
1166 1855 1370 1958 Graecos,
1402 1880 1485 1941 turn
1518 1861 1621 1970 apud

175 1977 332 2062 latinos
357 1971 585 2074 auctoritas,
615 1993 708 2054 runc
732 1999 820 2053 curn
852 1969 973 2054 studia
1013 1971 1339 2084 Peripateticorum
1370 1975 1430 2062 uel
1461 1976 1620 2062 maxime

176 2093 394 2198 florerent,
422 2115 470 2176 ut
502 2117 623 2173 nemo
656 2087 925 2205 Peripateticus
949 2087 1181 2196 haberetur,
1215 2092 1282 2208 qui
1315 2122 1396 2177 non
1407 2120 1505 2179 esset
1521 2095 1620 2180 idem

179 2212 453 2300 Alexandreus.
829 2312 836 2324 .
901 2233 904 2240 ⁴

271 2333 472 2424 Quantum
501 2324 720 2428 molestiae,
741 2347 1013 2438 -quanrumque
1037 2323 1179 2411 laboris
1205 2325 1249 2410 ¹in
1265 2326 1337 2410 hac
1352 2328 1627 2444 interpretatio·
1672 2329 1680 2344 '

177 2475 230 2534 ne
266 2446 488 2532 adornanda
514 2443 682 2528 Genesin
711 2436 821 2527 fuerit
863 2443 1103 2530 subeundum
1125 2503 1144 2548 .,
1178 2469 1339 2558 praestat
1382 2445 1458 2555 ejus
1506 2477 1623 2562 quarn

175 2565 313 2652 nostris
325 2563 450 2650 uerbis
465 2562 681 2676 exprimere.
707 2559 764 2644 Sic
782 2560 936 2645 enimse
953 2561 1116 2646 habent:
1135 2579 1152 2618 ²
1189 2565 1258 2644 Aa
1271 2564 1474 2672 decipiar
1497 2595 1626 2649 munus

175 2688 400 2787 obeundum,
421 2709 510 2764 cum
524 2683 597 2764 tibi
623 2705 697 2762 non
713 2687 833 2762 aliena
855 2707 1017 2762 menum
1045 2687 1250 2764 studiorum
1274 2690 1446 2789 ‚opinione
1469 2703 1626 2791 proece-

172 2819 276 2912 ptu,
301 2829 365 2884 me
392 2807 639 2882 ministranti
659 2803 897 2906 placuisset,
934 2804 1158 2882 volantatem
1183 2815 1291 2882 tuum
1306 2818 1463 2884 ,secutus
1489 2805 1626 2884 libenti

176 2937 215 3003 et
238 2915 770 3030 gratulanimadifficillimam
798 2923 1037 3025 prouinciam
1052 2926 1231 3027 suscepi,
1252 2925 1403 3001 inviam
1412 2925 1565 3002 ,scilicet
1588 2936 1627 3003 et

181 3047 390 3122 inaccesam
409 3053 472 3142 ,er
487 3063 594 3143 quam
613 3043 686 3118 nisi
702 3039 832 3118 ,lotoe
850 3035 1036 3118 Herculea
1052 3039 1189 3120 abiisse
1205 3061 1272 3120 non
1291 3043 1428 3122 licuit.
1447 3039 1573 3146 Quasi
1590 3066 1628 3122 e·

182 3164 260 3240 nim
277 3177 417 3266 parum
432 3173 530 3239 esset
547 3154 1188 3263 inipsoaperescaenarumquad
1200 3163 1281 3236 sine
1301 3165 1559 3239 controversia
1574 3172 1628 3242 to·

179 3284 259 3360 tius
286 3276 550 3384 Philosophiae
567 3277 870 3356 obscurissimum
887 3288 946 3353 est
965 3330 980 3376 ,
999 3288 1041 3354 ct
1058 3276 1154 3380 quod
1178 3280 1342 3376 nemini,
1362 3277 1567 3380 ‚quamlibet
1589 3283 1630 3357 in

181 3401 269 3503 ipsa
282 3401 600 3495 exercitato,.non
617 3396 707 3473 sdico
721 3409 812 3498 apte
827 3411 1044 3474 conuertere
1063 3451 1078 3496 ,
1097 3395 1172 3474 sed
1195 3417 1239 3473 ne
1262 3398 1467 3502 intelligere
1483 3398 1629 3498 uiridem

183 3517 297 3595 liceat
312 3515 451 3618 absque
463 3519 655 3618 pertinaci
663 3515 794 3592 studio
812 3525 881 3614 ,ct
893 3520 1090 3618 perpetuis
1107 3512 1447 3595 lucubrationibus:
1464 3521 1630 3595 innume-

183 3657 229 3714 ra
239 3633 654 3732 librariorumerrato,
673 3653 766 3734 quae
776 3635 923 3738 passim
940 3629 1166 3733 accubant,
1181 3631 1631 3739 quntunenernplarr'bns

183 3745 418 3852 confitendis
438 3766 513 3855 per
527 3749 758 3829 intonsum
793 3773 948 3829 examen
965 3749 1056 3829 mihi
1077 3745 1242 3854 fuerunt
1271 3754 1525 3859 castiganda,
1551 3763 1630 3829 lusu

183 3872 300 3948 multa
313 3869 557 3974 exprimenda
587 3865 755 3967 Latine,
776 3890 870 3971 quae
902 3891 1033 3950 cuma
1064 3865 1243 3950 Romanis
1269 3893 1461 3973 numquam
1477 3863 1633 3970 fuerint

183 3997 384 4087 tractata,
411 3983 566 4066 Latinis
578 3987 773 4068 uocabulis
801 3991 947 4069 omnmo
974 4001 1139 4091 curent,
1161 4001 1331 4104 prorsus
1354 3999 1403 4067 ut
1431 3990 1498 4067 uel
1522 3992 1633 4069 novis

1532 4101 1635 4210 ,fne-

228 4268 244 4308 ι
285 4251 367 4310 Inter
379 4267 480 4308 omnes
494 4249 662 4309 Aristotelis
676 4265 863 4311 *enarratores
877 4253 982 4310 merito
1003 4249 1136 4324 princeps
1159 4249 1237 4310 locus
1257 4247 1425 4308 Alexandro
1441 4247 1635 4324 Aphrodisieo

184 4331 345 4404 tribuitur,
368 4333 500 4406 quamvis
521 4351 586 4389 eum
615 4337 699 4404 paulo
723 4334 893 4404 iniquiorem
920 4333 951 4387 in
977 4329 1130 4386 Platonem
1149 4329 1257 4405 judicet
1286 4331 1451 4404 Simplicius
1474 4329 1524 4384 lib.
1551 4344 1580 4383 a.
1598 4327 1635 4384 de

182 4409 274 4470 caelo.
297 4412 471 4470 Posteriores
484 4413 522 4467 ad
541 4431 628 4469 unum
648 4429 749 4469 ornnes
778 4412 973 4468 Alexandrum
996 4411 1311 4484 libentersequuntur,
1332 4429 1390 4467 non
1413 4407 1520 4466 Graeci
1536 4407 1635 4480 modo,

183 4505 216 4548 ut
238 4490 435 4566 Themistius,
448 4493 628 4549 Ammonius
649 4533 658 4563 ,
680 4491 856 4564 Philoponus
875 4531 886 4563 ,
903 4491 1157 4568 olympiodorus,
1177 4491 1361 4566 Simplicius,
1383 4489 1513 4548 Michail
1534 4488 1636 4560 Epho-

182 4571 262 4644 siuss
276 4587 307 4630 et
319 4573 420 4630 Latini
434 4617 445 4650 ,
459 4586 491 4628 ut
512 4575 648 4630 Boethius
658 4595 669 4650 3
679 4573 729 4631 sed
743 4572 855 4630 Arabes
871 4589 980 4646 quoque
992 4612 1004 4647 ,
1019 4584 1053 4630 ut
1068 4571 1232 4630 Avcrrois.
1248 4571 1331 4630 Hinc
1349 4577 1412 4628 κατ’
1424 4568 1513 4642 linxit
1527 4568 1634 4631 abillis

183 4665 305 4709 vocatur
320 4653 438 4726 «furvi.-
454 4653 675 4728 ,explanator,
691 4672 739 4711 seu
755 4653 933 4728 quadomnes
953 4649 1175 4714 Aristotelicas
1193 4649 1289 4708 libros
1301 4649 1487 4724 exposuerit,
1501 4663 1550 4704 sea
1564 4645 1639 4720 quad

183 4731 454 4805 excellentissime,
469 4734 605 4806 reuqaod
624 4750 794 4806 utrumme,
814 4747 844 4789 ut
861 4731 1006 4792 Francisci
1027 4731 1143 4788 Parritii
1158 4731 1253 4788 verbis
1273 4743 1387 4787 utamur
1408 4743 1430 4785 t.
1449 4745 1473 4784 r.
1498 4728 1636 4784 Discors.

184 4811 352 4884 Peripatet.
376 4831 440 4888 pag.
455 4813 518 4888 rgt.
543 4814 619 4870 Vide
638 4817 728 4876 etiam
742 4815 890 4892 egregium
906 4815 943 4874 de
957 4815 1014 4874 hoc
1029 4829 1117 4888 opere
1134 4810 1314 4890 sunnone
1328 4809 1528 4869 testimonium
1552 4807 1637 4882 epist.

182 4907 232 4968 23.
251 4896 288 4950 ad
302 4893 480 4950 Rodcricunr
500 4893 675 4957 Mauricum.
1132 4965 1147 4975 ..
1205 4937 1209 4946 .

222 4991 241 5034 a
283 4975 321 5034 ln
338 4975 456 5034 laudata
478 4975 611 5050 epistola.
999 4971 1003 4980 '
