4294 5972
560 400 646 512 336
952 407 1036 488 os:
1083 403 1283 484 nasus
1332 401 1548 485 unstrs

512 584 614 677 Hac
659 567 779 671 enim
827 566 932 668 navi
976 565 1062 667 tela
1106 599 1480 706 conspectumque
1521 559 1718 665 hostium
1763 603 1846 706 pro
1894 612 1972 675 sua

512 715 817 859 magnitudine
853 752 946 814 non
983 708 1266 810 mediocriter
1300 744 1549 827 avertente,
1584 749 1636 806 ex
1670 706 1754 809 hac
1790 746 1834 809 et
1862 749 1967 816 cere·

509 861 568 960 ris
603 857 787 958 navibus
823 854 989 996 scaphis
1025 853 1223 955 deductis
1273 853 1408 952 tutius
1431 853 1501 952 ad
1535 891 1711 954 murum
1753 893 1856 954 cum
1878 899 1964 958 sca-

510 1002 561 1102 lis
597 1001 831 1104 accedendi
865 999 1024 1099 nostris
1058 993 1239 1098 facultas
1275 996 1409 1114 data,
1443 996 1524 1136 qui
1559 1032 1636 1134 per
1671 1037 1769 1098 saxa
1803 997 1964 1099 cohae-

509 1146 649 1245 rentia
684 1145 870 1245 nitentes
907 1178 951 1241 et
994 1177 1120 1280 super
1161 1138 1245 1237 his*
1276 1139 1405 1238 scalas
1449 1137 1711 1277 applicantes
1771 1138 1963 1244 subeun-

510 1321 664 1426 tesque
710 1325 887 1388 murum
931 1283 1122 1384 celeriter
1169 1279 1328 1422 oppidi
1377 1281 1569 1420 priorem
1610 1318 1778 1422 partem
1829 1324 1965 1386 occu-

511 1465 704 1571 parunt,
740 1431 867 1530 hoste
902 1427 950 1528 in
985 1424 1262 1543 interiorem,
1304 1461 1419 1565 quae
1460 1422 1597 1523 altero
1638 1461 1769 1526 muro
1817 1428 1963 1531 cincta

512 1609 606 1672 etat
624 1651 638 1692 ,
658 1576 848 1711 repulso.

584 1727 802 1817 XXXIV.
875 1710 1045 1816 Deinde
1080 1707 1218 1812 tribus
1254 1707 1405 1816 diebus
1440 1708 1704 1843 interjectis,
1738 1711 1848 1814 dum
1883 1755 1964 1856 op-

514 1857 672 1996 pidum
709 1892 814 1958 terra
871 1856 1072 1993 marique
1117 1858 1274 1952 arctius
1327 1850 1581 1973 obsidetur,
1628 1887 1672 1953 et
1709 1892 1817 1994 quae
1861 1855 1962 1958 usui

511 2035 619 2096 mox
654 1993 802 2098 forent
836 1997 894 2096 ad
929 1996 1306 2137 oppugnationem
1342 1998 1663 2115 renovandam,
1699 2035 1963 2136 comparan-

511 2174 603 2245 tur3
627 2141 824 2280 equites,
860 2141 915 2239 de
951 2138 1113 2279 quibus
1147 2176 1276 2277 supra
1311 2139 1662 2239 demonstratum
1697 2175 1787 2257 est,
1806 2141 1962 2242 adsunt

511 2281 681 2381 nullum
701 2284 942 2422 periculum
959 2357 974 2401 ,
990 2283 1101 2384 dum
1120 2281 1205 2380 suis
1236 2275 1538 2382 laborantibus
1571 2279 1873 2401 subvenirent,
1897 2322 1961 2382 re-

512 2425 694 2524 cusaturi
709 2503 731 2543 ,q
759 2462 978 2563 castraque
1013 2461 1158 2523 nostra
1193 2456 1311 2520 extra
1346 2423 1421 2523 teli
1455 2433 1621 2553 jactum
1656 2423 1956 2564 obequitando

510 2568 810 2707 praetergressi
844 2567 894 2664 in
931 2566 1150 2706 oppidum
1187 2564 1325 2664 citatis
1354 2566 1490 2706 equis
1516 2605 1588 2706 per
1624 2567 1744 2668 viam
1780 2603 1952 2668 conten-

511 2708 647 2825 dunt,
667 2748 780 2848 quae
805 2707 905 2808 hinc
937 2708 1039 2807 inde
1072 2708 1296 2808 altioribus
1323 2708 1644 2849 crepidinibus,
1667 2748 1803 2848 quam
1828 2746 1877 2810 ut
1906 2751 1959 2810 se-

509 2829 594 2948 mel
618 2849 815 2991 ingressis
841 2849 964 2990 equis
991 2851 1160 2951 daretur
1196 2850 1244 2950 in
1274 2853 1470 2952 dextram
1493 2851 1563 2950 vel
1600 2851 1820 2951 sinistram
1855 2891 1960 2951 eva-

511 2990 632 3109 dere,
653 2992 981 3102 continebatur.
1017 2993 1141 3092 Huic
1176 2992 1273 3092 viae
1308 2993 1465 3112 nostri,
1502 3034 1555 3095 ne
1589 2994 1731 3094 aditus
1762 3034 1955 3136 peream

512 3135 698 3234 exitusve
736 3135 931 3236 hostibus
967 3171 1155 3276 pateret,
1195 3129 1354 3236 fossam
1391 3158 1674 3237 transversam
1710 3176 1804 3237 non
1849 3177 1950 3279 pro-

512 3276 581 3374 cul
615 3279 785 3417 oppido
822 3278 1136 3417 perduxerant3
1171 3275 1284 3378 hanc
1328 3277 1463 3418 igitur
1508 3277 1628 3380 viam
1670 3280 1839 3418 equites
1880 3281 1954 3379 in-

510 3456 675 3557 gressos
709 3421 948 3559 conspicati
980 3421 1144 3540 nostri,
1171 3419 1397 3520 arboribus
1433 3461 1459 3520 a
1500 3456 1626 3562 tergo
1661 3422 1833 3520 succisis
1882 3461 1959 3522 eos

511 3561 836 3664 intercludunt.
885 3574 947 3661 lta
982 3563 1045 3662 illi
1088 3602 1113 3661 a
1148 3557 1263 3661 fossa
1305 3564 1561 3680 redeuntes,
1606 3560 1686 3662 ubi
1731 3604 1783 3664 ex
1828 3561 1964 3667 altera

512 3742 692 3844 quoque
741 3739 862 3846 parte
909 3704 1029 3804 viam
1078 3705 1365 3846 interruptam
1414 3743 1457 3806 et
1509 3703 1732 3845 equitibus
1786 3706 1962 3847 penitus

512 3846 727 3946 obsessam
762 3849 1199 3966 animadverterunt,
1240 3849 1364 3987 equis
1407 3847 1592 3948 dimissis
1635 3848 1799 3987 pedites
1844 3847 1966 3949 effu-

514 4026 617 4129 gere
652 3990 881 4091 nituntur.
920 4002 1129 4090 Ceterum
1165 3992 1470 4131 expeditorum
1511 3989 1691 4091 cohorte
1735 4031 1760 4089 a
1802 3983 1966 4093 nostris

513 4130 739 4252 immissa,
774 4173 927 4233 omnes
964 4135 1019 4232 ad
1054 4171 1194 4234 unum
1235 4134 1554 4235 conciduntur.
1600 4141 1706 4232 Hoc
1745 4135 1963 4273 oppidani

512 4274 696 4414 cognito
739 4311 782 4375 et
822 4274 986 4375 auxilio
1035 4273 1249 4416 rebusque
1295 4276 1549 4418 desperatis,
1595 4317 1644 4376 ea
1686 4277 1783 4420 lege
1827 4278 1956 4375 dedi-

511 4415 680 4512 tionem
704 4411 898 4536 faciunt,
927 4453 977 4517 ut
1009 4419 1188 4554 Judaeis
1223 4421 1439 4559 exceptis,
1459 4418 1645 4520 liberum
1677 4418 1737 4518 eis
1766 4417 1836 4537 sit,
1866 4457 1953 4557 quo

513 4565 721 4696 cujusque
756 4552 864 4656 ferat
898 4561 1097 4674 animus,
1133 4560 1351 4659 discedere
1386 4599 1430 4660 et
1465 4564 1592 4664 vestis
1628 4601 1679 4660 ac
1715 4559 1995 4701 supellecti-·

514 4698 604 4824 lis,
642 4736 857 4840 quantum
899 4699 1085 4842 quisque
1127 4738 1273 4802 secum
1329 4701 1606 4847 humerisque
1646 4700 1755 4803 ferre
1796 4701 1960 4846 possit,

1894 4885 1963 4943 23.
