4298 5980
538 463 780 551 cauom
820 464 875 549 v.
916 465 1026 548 Lus.
1068 465 1207 551 utu.
1485 457 1578 566 “255

7 681 9 702 .
156 616 295 711 terem
318 592 563 704 'Gallorum
601 595 845 698 amicitiam
884 595 1228 741 societatemque
1272 635 1453 745 recepto
1490 607 1623 708 Prin-4

154 752 302 895 cipatu
328 743 520 866 redivit,
548 783 723 889 proque
746 739 850 886 ipsis
871 744 1078 847 adversus
1107 746 1331 889 Hispanos
1359 787 1480 850 arma
1509 791 1623 856 sum·

152 898 238 1006 sits
273 933 386 1037 quae
420 929 547 992 causa
581 885 701 1013 fuit,
733 921 783 990 ut
817 889 1002 992 devictis
1037 887 1127 992 hoc
1162 930 1350 1034 quoque
1373 891 1492 996 bello
1521 899 1624 1000 Gal-

153 1043 224 1144 lis'
259 1036 565 1180 Principatum
611 1036 878 1156 amitteret,
927 1072 974 1138 et
1029 1036 1160 1138 rebus
1208 1038 1440 1178 desperatis
1489 1079 1533 1140 se
1578 1043 1625 1144 in

150 1183 347 1288 ¹Galliam
382 1182 614 1324 primum,
650 1181 812 1284 deinde
846 1181 906 1281 ad
938 1187 1190 1284 Turcarum
1226 1183 1479 1324 Principem
1518 1224 1627 1285 con·

152 1327 316 1433 ferret.
360 1338 514 1470 Itaque
563 1324 738 1429 abunde
781 1364 947 1468 poenas
991 1326 1114 1428 dedit
1153 1325 1341 1430 levitatis
1379 1364 1423 1432 et
1465 1327 1626 1432 incon÷

153 1475 372 1592 stantiae,
417 1510 533 1614 quae
575 1509 750 1615 semper
788 1465 1063 1593 infamiam,
1097 1511 1231 1620 saepe
1271 1471 1406 1574 etiarn
1449 1473 1625 1578 amico-

152 1657 253 1722 rum
288 1616 493 1758 inopiam
528 1652 573 1719 et
608 1612 885 1718 fortunarum
918 1625 1139 1749 jacturam
1171 1615 1317 1758 parit.

202 1773 311 1866 XV.
367 1762 565 1905 Reliquo
601 1755 689 1863 fere
724 1774 889 1906 Regno
924 1758 975 1863 in
1009 1761 1231 1865 ditionem
1269 1761 1474 1882 redact0,
1509 1773 1626 1868 Lau-

156 1945 298 2010 trecus
339 1907 583 2009 exercitum
625 1946 789 2050 magna
829 1909 935 2007 cum
969 1905 1230 2008 auctoritate
1264 1907 1529 2047 magnisque
1572 1949 1625 2012 ex

156 2051 257 2193 ipso
306 2063 473 2194 Regno
505 2050 666 2196 copiis
713 2048 932 2182 adjunctis
977 2049 1221 2190 Neapolim
1264 2049 1477 2171 inducit,
1520 2089 1624 2192 pro-

154 2237 246 2340 que
281 2191 391 2297 urbc
428 2229 561 2297 castra
596 2193 728 2336 ponit
760 2193 809 2294 in
845 2191 994 2311 colle,
1023 2191 1104 2331 qui
1139 2194 1295 2292 estad
1331 2192 1625 2334 praetorium,

155 2341 287 2482 quod
324 2337 464 2481 'vulgo
499 2342 669 2475 Pogium
710 2337 861 2474 Regale
893 2334 1088 2437 dicitur,
1130 2346 1182 2435 In
1217 2335 1446 2436 Gallorum
1479 2374 1626 2437 acces-

155 2525 208 2585 su
246 2484 489 2584 Femandus
525 2493 736 2622 Gonzaga
772 2519 876 2580 cum
915 2475 1136 2620 equitibus
1173 2477 1347 2581 levioris
1382 2480 1625 2585 armaturae

155 2626 443 2768 octingentos
500 2623 795 2768 cataphractos
843 2624 991 2726 Gallos
1051 2621 1319 2725 contemtim
1375 2623 1624 2728 incedentes

152 2773 379 2889 adortus,
427 2768 579 2871 ceteris
622 2764 728 2870 fusis
771 2801 846 2870 aut
889 2763 1172 2888 interfectis,
1215 2771 1428 2870 ducentos
1470 2770 1626 2910 cepit,

153 2915 447 3056 captivosque
501 2913 619 3015 intra
670 2911 827 3016 urbem
881 2911 1100 3030 induxit,
1145 2912 1398 3014 colliculum
1443 2953 1626 3057 quoque

155 3093 315 3203 portae
351 3067 489 3160 Sancti
525 3063 690 3158 Canarii
740 3055 1085 3198 cognominatae
1139 3055 1501 3177 imminentem,
1543 3058 1625 3200 qui

152 3236 274 3340 caput
319 3213 456 3304 montis
506 3203 909 3343 Neapolitanorum
957 3201 1273 3305 consuetudine
1327 3201 1625 3323 nominatur,

152 3384 258 3492 post
294 3348 478 3489 longam
514 3346 875 3448 deliberationem
919 3387 946 3448 a
982 3345 1252 3450 Caesarianis
1288 3348 1501 3451 omissum
1548 3385 1624 3448 oc·

152 3531 366 3632 cupavere
401 3491 548 3612 Galli,
585 3491 890 3633 perductisque
931 3531 957 3592 a
997 3489 1241 3624 majoribus
1285 3494 1429 3594 castris
1471 3491 1621 3593 muni-

152 3635 355 3739 tionibus
397 3634 470 3738 hic
513 3636 689 3738 minora
735 3630 960 3758 fecerunt,
997 3641 1041 3737 ct
1078 3672 1275 3777 quatuor
1313 3638 1505 3738 millium
1547 3672 1620 3734 ar-

151 3817 379 3886 matontm
415 3779 636 3925 praesidio
687 3820 740 3882 ac
775 3779 938 3924 viginti
978 3778 1221 3918 majoribus
1268 3779 1498 3883 tormentis
1539 3775 1622 3880 fir-

151 3958 362 4028 marunt.

226 4079 352 4172 XVI.
427 4083 554 4172 Dum
588 4074 646 4171 ad
687 4068 806 4172 hunc
845 4072 1037 4172 modum
1080 4064 1326 4171 Caesariani
1361 4063 1659 4210 obsidereng

152 4245 266 4332 tur,
302 4211 461 4316 crebris
509 4247 655 4315 tamen
699 4213 1006 4356 eruptionibus
1053 4214 1167 4318 levia
1208 4212 1365 4355 praelia
1404 4211 1532 4314 vario
1572 4253 1618 4316 e·

152 4391 292 4462 ‚ventu
327 4351 574 4459 faciebant.
602 4354 940 4460 ‘Obsidebantur
977 4393 1128 4462 autem
1164 4397 1258 4461 non
1294 4357 1439 4460 solum
1480 4391 1619 4475 terra,

149 4502 230 4603 sed
279 4502 412 4604 ctiam
454 4500 595 4605 mari.
622 4501 853 4627 Quoniam
899 4501 1174 4647 Philippinus
1210 4502 1351 4606 Doria
1392 4502 1617 4604 Andraeae

148 4644 367 4788 praefecti¹
401 4691 453 4750 ex
480 4643 612 4780 fratre
635 4649 807 4793 nepos,
829 4688 931 4753 cum
958 4686 1062 4753 octo
1090 4648 1370 4768 triremibus,
1399 4688 1456 4748 ne
1492 4647 1618 4791 quod

154 4795 291 4938 paulo
327 4803 470 4930 majus
510 4796 739 4940 navigium
776 4797 1019 4939 Neapolim
1058 4794 1221 4940 appelli
1260 4827 1427 4937 posset,
1450 4791 1618 4937 prohi—
1688 4865 1695 4872 -

1534 4935 1616 5044 be-
