4294 5972
603 381 1269 501 cauott'v.n1n.v111.
1538 429 1625 520 275

195 579 281 684 dio
315 573 509 722 recepit.
554 576 744 718 Hispani
785 574 946 680 milites
988 573 1150 713 injussu
1190 573 1420 684 Philiberti
1454 591 1660 724 praedan-

185 726 243 826 di
279 765 405 828 causa
440 725 623 868 digressi
663 733 843 826 Somam
879 756 1051 826 vastato
1088 763 1197 868 agro
1230 727 1542 870 diripuerunt3
1581 739 1656 838 sed

181 870 332 974 iidem
367 869 502 1012 paulo
536 901 638 1013 post
674 902 840 972 tentata
875 869 996 972 Nola
1045 911 1071 971 a
1123 870 1302 974 Valerio
1340 874 1534 994 Ursino,
1573 880 1653 1019 qui

183 1013 304 1120 hanc
340 1014 497 1120 urbem
538 1053 769 1158 arcemque
811 1052 916 1118 cum
958 1013 1179 1156 praesidio
1222 1050 1525 1119 sexcentorum
1570 1020 1653 1126 ho

183 1159 367 1263 minum
402 1157 655 1283 obtinebat,
680 1161 861 1294 rejecti.
899 1173 1007 1286 Quo
1043 1199 1238 1264 successu
1273 1161 1448 1305 magnis
1484 1163 1648 1304 spiriti

185 1302 273 1406 bus
314 1306 468 1410 sumtis
517 1305 714 1410 Valerius
758 1302 945 1410 ducibus
985 1305 1211 1409 Gallorum
1252 1307 1440 1428 scribit,
1477 1343 1526 1409 ut
1561 1308 1647 1414 sibi

180 1449 339 1590 primo
373 1488 557 1593 quoque
593 1487 798 1594 tempore
830 1450 1086 1582 jaculatores
1122 1450 1268 1571 mille,
1295 1453 1461 1593 equites
1484 1453 1648 1557 ducen-

184 1594 226 1694 ti
262 1594 605 1704 submittentem
630 1591 750 1714 fore,
779 1629 830 1696 ut
865 1629 1017 1696 auctus
1054 1635 1104 1696 ea
1136 1634 1273 1698 manu
1306 1597 1532 1700 Gallorum
1557 1611 1647 1702 Re-

184 1775 296 1879 gem
332 1735 660 1883 exercitumque
705 1775 810 1839 curn
852 1738 1015 1882 insigni
1058 1740 1419 1844 Caesarianorum
1464 1741 1646 1846 calami-

181 1914 274 1981 tate
308 1885 480 2027 magnis
516 1879 676 1984 officiis
712 1919 1026 2023 prosequatur.
1063 1891 1195 1985 Hanc
1232 1885 1464 2024 epistolam
1503 1881 1645 2026 perfe-

181 2025 371 2128 rendam
407 2026 702 2130 scelestissimo
737 2062 788 2124 ac
823 2022 996 2167 perfido
1032 2019 1208 2126 homini
1242 2028 1384 2147 dedit,
1406 2028 1485 2169 qui
1521 2069 1647 2132 com«

182 2171 333 2270 munis
369 2207 461 2272 etat
496 2170 722 2272 Gallorum
759 2205 803 2268 et
838 2166 1202 2272 Caesarianorum
1237 2170 1523 2309 explorator,
1566 2215 1646 2316 ge«

182 2348 269 2413 nus
303 2314 542 2417 hominum
576 2314 669 2416 sine
704 2311 822 2431 fide,
842 2311 934 2413 sine
948 2335 955 2343 ’
969 2311 1204 2453 religione,
1234 2313 1324 2412 sine
1361 2311 1645 2438 humanitate,

181 2455 454 2582 diversarum
489 2458 684 2600 partium
718 2455 948 2558 intestinus
984 2455 1122 2556 hostis
1158 2495 1209 2558 ac
1253 2453 1418 2596 pestis,
1455 2470 1556 2560 Deo
1600 2497 1643 2562 ct

183 2597 444 2707 hominibus
480 2603 702 2704 invisum.
740 2600 832 2701 Hic
868 2637 1091 2742 acceptam
1126 2641 1152 2702 a
1188 2599 1367 2702 Valerio
1410 2601 1644 2741 epistolam

181 2747 242 2843 ad
278 2748 507 2848 Gallorum
542 2749 672 2848 duces
707 2743 913 2887 scriptam
957 2744 1115 2846 detulit
1148 2743 1205 2846 ad
1241 2747 1468 2879 Joannem
1510 2745 1644 2847 Urbi-

180 2925 316 2992 nam.
355 2901 421 3013 Is,
441 2882 552 2993 lecta
589 2889 775 3034 epistola
810 2925 853 2990 et
888 2889 1073 2994 consilio
1109 2929 1213 2990 curn
1248 2885 1490 2992 Philiberto
1527 2927 1643 2992 conr·

178 3036 443 3155 municato,
470 3036 673 3139 eamdem
697 3032 964 3177 exploratori
987 3031 1156 3154 reddit,
1181 3069 1223 3137 et
1251 3032 1454 3174 praemiis
1479 3068 1528 3133 ac
1556 3032 1644 3174 pol·

176 3177 315 3278 licitis
352 3217 584 3284 oneratum
619 3217 799 3325 pergere
837 3216 973 3320 porro
1007 3176 1158 3311 jubet,
1186 3215 1228 3280 et
1259 3177 1420 3308 litteras
1459 3177 1642 3279 ducibus

184 3323 419 3426 Gallorum
453 3328 664 3447 reddere,
704 3361 747 3426 et
789 3323 899 3448 sibi,
938 3321 1049 3465 quid
1084 3322 1141 3425 ab
1179 3321 1238 3424 eis
1274 3317 1444 3424 consilii
1479 3320 1644 3425 initum

185 3460 352 3591 fuerit,
396 3472 670 3574 renuntiare.
715 3475 759 3570 A
801 3509 896 3613 quo
939 3507 1043 3570 cum
1083 3465 1381 3570 renuntiatum
1423 3499 1529 3564 esset
1576 3505 1644 3564 se-

183 3611 440 3753 ptingentos
492 3613 808 3758 seloppetarios
858 3647 902 3715 et
956 3611 1124 3755 equites
1178 3611 1351 3714 levioris
1404 3643 1643 3708 armaturae

130 3835 140 3850 .
185 3791 402 3878 centum,
430 3759 729 3901 cataphractos
763 3759 1090 3902 quinquaginta
1113 3757 1291 3860 Valerio
1324 3751 1552 3870 submitti,
1588 3751 1643 3852 ad

188 3933 263 3995 eos
300 3909 624 4046 oppugnandos
659 3908 905 4008 Fernandus
948 3916 1163 4044 Gonzaga
1203 3935 1305 3999 curn
1349 3894 1550 3997 trecentis
1594 3936 1644 3994 e·

188 4040 380 4179 quiribus
417 4082 459 4150 et
496 4050 792 4190 scloppetariis
820 4047 1077 4190 quingentis
1107 4044 1281 4163 missus,
1302 4040 1383 4185 qui
1421 4080 1495 4140 eos
1531 4035 1644 4140 circa

189 4184 361 4286 Nolam
396 4228 651 4292 consecutus
689 4193 928 4295 commisso
964 4187 1161 4330 praelio,
1187 4226 1350 4332 magna
1403 4221 1527 4326 parte
1568 4218 1645 4284 oc-

191 4326 277 4428 cisa
315 4367 567 4476 captaque,
603 4327 744 4437 fudit.

258 4482 472 4576 XXXIX.
548 4479 632 4582 His
669 4475 798 4582 rebus
834 4474 993 4626 gestis,
1014 4519 1116 4583 cum
1152 4481 1242 4616 jam
1278 4467 1554 4590 frumentum
1586 4507 1651 4576 eta

175 4615 285 4754 iam
303 4659 428 4766 'esset
456 4662 739 4730 consumtum
755 4620 775 4747 ,⁶
788 4665 892 4730 nam
928 4629 1054 4768 quod
1090 4629 1348 4728 extrinsecus
1386 4659 1463 4764 per
1499 4624 1650 4722 incur*

174 4758 331 4864 'siones
367 4769 732 4906 supportabatur,
769 4804 911 4872 tantae
945 4770 1224 4870 multitudini
1261 4804 1353 4870 non
1388 4759 1651 4871 sufficiebam
1726 4849 1731 4860 .

263 4943 266 4952 ’
1125 4919 1268 5014 Mma
1576 4945 1656 5006 co·
