4368 5984
586 541 589 548 ¹
630 472 637 486 ·
692 449 810 524 vnn
832 452 898 525 ar
922 451 1135 528 sensura.
1435 456 1600 526 rnatu:

173 604 362 670 memorat
385 577 462 694 ipse
488 573 698 692 Sepulveda
719 608 732 686 3
756 604 856 694 quae
872 575 999 694 legisse
1021 605 1101 664 non
1130 573 1348 690 poenitebit.
1378 575 1528 670 Quibus
1556 605 1611 661 re·

175 701 246 784 bus
266 701 454 787 adductus
476 697 717 810 pronuntiare
735 726 815 780 non
837 697 982 784 dubitat
1012 723 1204 810 perperam
1228 691 1336 780 fuisse
1349 720 1483 778 coorta
1499 725 1621 787 suum.

175 816 341 900 libellum
365 816 582 929 judicatum.
612 813 778 898 Primum
808 815 896 927 quia
922 813 1155 927 Sepulvedae
1181 813 1360 899 sententia
1382 809 1621 928 Evangelio„

172 959 469 1047 sanctorumque
485 937 640 1018 Parrum
656 959 700 1014 ac
718 935 978 1016 Romanorum
994 929 1217 1016 Pontificum
1250 929 1387 1044 placitis
1411 925 1618 1024 fulciretur‚‚

177 1051 329 1136 Deinde
344 1051 434 1165 quia
448 1078 551 1164 quae
575 1049 625 1132 ab
652 1047 864 1134 adversariis
880 1047 1175 1155 objiciebantur,
1207 1077 1329 1132 merae
1346 1071 1452 1134 etant
1483 1047 1617 1140 haere·⁴

173 1166 336 1252 uicorum
350 1166 600 1252 cavillationes
624 1192 668 1248 ac
694 1166 900 1278 strophae,
923 1165 1057 1280 quibus
1083 1165 1131 1251 illi
1153 1165 1328 1254 adversus
1347 1166 1447 1278 piam
1477 1193 1521 1248 ac
1548 1163 1615 1276 ju·

177 1283 371 1370 maumam
399 1284 475 1374 vim
494 1283 544 1367 ab
566 1281 725 1366 Ecclesia
752 1283 939 1368 haereticis
970 1308 1009 1368 et
1038 1282 1189 1400 paganis
1216 1283 1354 1368 illatam
1385 1282 1619 1388 utebanturt

176 1401 307 1505 Turn,
327 1401 478 1516 inquit,
496 1407 584 1508 quia
600 1426 731 1506 nemu,
756 1409 821 1514 qui
836 1406 902 1482 vet
915 1417 1001 1484 aute
1014 1407 1081 1484 vei
1098 1418 1188 1510 post
1216 1401 1415 1501 mirificum
1441 1415 1617 1484 vestrum.

168 1520 357 1629 judicium
378 1545 434 1602 rae
458 1521 505 1602 de
529 1525 581 1600 iis
604 1519 715 1606 rebus
744 1523 994 1625 disputantem
1009 1522 1205 1624 audierit,
1230 1535 1297 1602 aut
1312 1544 1488 1602 summan
1502 1543 1613 1625 quaen

178 1644 357 1721 stiunisa
383 1663 438 1718 me
467 1634 672 1739 confectam
688 1641 923 1743 perlegerit,
948 1661 1063 1718 mam
1080 1643 1297 1723 sententiam
1328 1661 1397 1721 nan
1420 1639 1610 1746 probabit.

185 1752 390 1870 Theologis
421 1751 531 1838 libelli
558 1751 859 1856 laudatoribus,
882 1783 981 1866 quos
1012 1753 1189 1866 superiori
1213 1753 1368 1868 epistola
1381 1782 1614 1840 commemo·

179 1871 304 1975 ravit,
336 1898 472 1984 nempe
495 1870 669 1956 Castrum
685 1929 698 1972 ,
715 1955 717 1960 ,
734 1872 957 1954 Moscosum
985 1895 1024 1955 et
1052 1869 1293 1976 Hortalum,
1323 1869 1492 1988 adjungit
1519 1871 1616 1968 vau

177 1987 378 2072 dolirenses
408 2015 540 2070 omnes
568 1985 738 2071 onmium
774 1985 951 2070 ordinum
988 1985 1218 2102 theologos,
1251 2019 1358 2092 uno,
1392 2013 1459 2074 aut
1496 1987 1618 2086 alteru

176 2133 278 2218 quos
299 2104 345 2188 :in
377 2106 493 2190 verba
524 2102 687 2220 registri
712 2101 845 2216 jurasse
877 2103 928 2190 ait
958 2165 969 2208 ,
999 2109 1234 2220 exceptis1·‚
1263 2105 1470 2214 Toletanos
1497 2107 1616 2211 item,

174 2222 451 2308 -Cordubenses
476 2245 516 2306 et
546 2220 812 2334 Hipalens'es3
838 2251 892 2306 en¹
914 2221 1248 2308 Dominicanorum
1265 2222 1437 2310 sodalitio
1463 2224 1618 2310 Petrum

184 2343 354 2442 Sotum,
380 2335 579 2424 Alfonsum
610 2343 826 2441 ferretum,
854 2339 1011 2424 Dictum
1042 2340 1280 2442 Victoriam,
1305 2341 1460 2426 Petrum
1489 2346 1618 2426 Petro·

179 2456 401 2560 chiensem,
424 2480 464 2540 et
481 2455 735 2572 Augustinum
751 2453 985 2568 Sbamyam,
1016 2457 1225 2544 Matrinum
1240 2457 1474 2542 Mendozam
1498 2517 1512 2562 ,
1543 2457 1620 2542 Mi·

176 2572 352 2656 chailem
365 2570 1198 2675 Arcum,.etDominicumSanota·Crucium3
1228 2603 1274 2662 ex
1289 2573 1623 2662 franciscanisLue

184 2690 364 2776 doricum
380 2688 618 2804 Carvajalum
634 2750 646 2794 ‚
663 2689 850 2800 Joannem
871 2689 1070 2804 Aegidium
1088 2753 1100 2795 ,
1118 2717 1156 2776 et
1171 2695 1322 2776 Petrum
1339 2691 1533 2778 Ortisium.
1562 2696 1625 2780 En

185 2805 270 2920 juris
299 2804 475 2920 pontificii
499 2807 620 2922 peritis
650 2835 767 2892 nemo
792 2835 890 2892 unus
913 2803 1012 2909 fuit,
1043 2809 1110 2922 qui
1136 2837 1246 2910 causa
1271 2809 1424 2926 cognita
1442 2834 1486 2912 et
1514 2808 1625 2910 ratio·

183 2924 293 3012 nibus
319 2923 515 3038 perspectis
538 2923 696 3010 auctoris
717 2923 937 3008 sententiam
962 2953 1042 3010 non
1078 2926 1254 3039 probarit.
1286 2929 1467 3011 Ceterum
1482 2927 1623 3012 Valde·

188 3040 227 3124 sii
256 3040 511 3140 testimonium
525 3047 541 3146 ',
566 3041 634 3126 viri
657 3041 826 3125 doctrina
842 3065 880 3126 et
895 3041 1115 3126 auctoritate
1131 3041 1265 3154 summi
1283 3105 1294 3147 ‚
1312 3043 1388 3128 aliis
1402 3043 1516 3160 longe
1528 3045 1624 3128 emi-

187 3183 264 3242 net:
283 3155 343 3239 hic
358 3155 457 3242 enim
473 3217 484 3260 ,
502 3182 545 3242 ut
559 3153 673 3244 fertur
689 3218 702 3264 ,
717 3155 754 3242 in
768 3157 1065 3274 gravissimorum
1080 3163 1118 3244 et
1135 3151 1431 3246 doctissimonan'r
1456 3153 1627 3278 virorum,

182 3303 385 3379 consessu,
400 3303 487 3358 cum
500 3304 600 3390 opus
612 3275 820 3392 impugnari
836 3304 948 3390 aegre
963 3271 1073 3361 ferret
1088 3309 1096 3362 :
1114 3275 1318 3384 Prasiana,
1339 3278 1460 3397 inquit
1475 3339 1487 3385 ,
1512 3287 1626 3366 multo

186 3420 236 3474 est
266 3389 395 3495 mucra
412 3391 621 3497 fluerent,
654 3400 718 3498 qui
735 3397 928 3474 editionem
953 3395 1062 3501 hujus
1076 3398 1168 3478 libri
1189 3399 1394 3504 impediunt
1408 3459 1420 3502 ‚
1435 3404 1473 3478 si
1488 3401 1627 3480 darent

186 3517 312 3616 tnagis
326 3528 491 3615 operam,
505 3526 546 3592 ut
555 3512 821 3618 grandioribus
835 3515 975 3596 litteris
989 3539 1151 3596 excusus
1168 3541 1218 3598 eu
1224 3519 1388 3624 pulpitis
1398 3534 1473 3626 per
1484 3539 1621 3608 ornnem

191 3628 423 3736 Hispaniam
446 3629 747 3734 praedicaretur.

279 3744 488 3856 Postquam
518 3745 613 3828 serio
650 3743 700 3830 ad
722 3743 819 3828 Cani
842 3768 1062 3859 argumenta
1088 3746 1278 3861 respondit
1308 3747 1549 3861 Sepulveda‚
1573 3773 1628 3832 ne

188 3855 314 3976 frango
346 3859 523 3954 videatur,
559 3885 626 3946 aut
647 3859 681 3944 la
710 3861 769 3948 ide
802 3861 1013 3974 stupidior,
1042 3865 1201 3949 verbum
1230 3863 1333 3951 addit
1382 3863 1430 3947 de
1463 3863 1595 3949 salibus
1611 3891 1629 3970 ‚·

188 3977 330 4090 quibus
359 4006 447 4062 eum
462 3981 590 4063 Canus
607 3893 856 4090 perliicuerar.
891 3979 952 4064 Ad
973 4004 1178 4066 extremum
1204 4007 1328 4064 sancte
1362 3975 1522 4068 affirmat
1546 3977 1632 4067 non*

189 4095 286 4204 haec
311 4092 561 4206 calumniandi
584 4095 743 4200 animo,
765 4095 830 4179 sed
846 4096 1060 4182 asserendae
1083 4097 1243 4182 veritatis
1264 4096 1382 4212 gratia
1405 4098 1627 4213 conscripta.

193 4214 339 4296 Interea
371 4237 577 4324 temperare
603 4213 724 4300 ,nobis
767 4240 848 4296 non
901 4242 1134 4324 possumus,
1182 4212 1273 4328 quin
1316 4208 1479 4300 extrema
1516 4224 1634 4303 durae.

194 4327 305 4438 hujus
335 4326 512 4440 epistolae
539 4328 652 4411 verba
678 4327 716 4411 in
744 4329 906 4414 medium
928 4321 1185 4438 proferamus,
1217 4359 1261 4416 ex
1293 4331 1429 4444 quibus
1454 4330 1636 4445 Sepulve·
1757 4369 1760 4372 ·

194 4445 267 4528 dae
294 4443 516 4528 modestiam
541 4436 728 4560 animique
756 4443 1053 4542 moderationem
1090 4445 1173 4531 licet
1213 4473 1437 4579 agnoscere:
1470 4486 1497 4530 n
1509 4445 1638 4552 Quod

195 4560 349 4676 „igitur
382 4559 496 4644 laesus
526 4589 637 4666 sum,
666 4561 857 4666 necubi,
892 4589 961 4646 nec
991 4564 1161 4670 omnium
1195 4591 1372 4676 cuiquam
1399 4591 1604 4652 succenseo
1614 4618 1637 4672 ,;

201 4713 229 4760 n
242 4683 321 4766 'uno
357 4703 513 4795 excepto
538 4679 670 4768 turbae
691 4676 813 4764 omnis
834 4703 989 4766 auctore
1018 4703 1057 4765 et
1088 4674 1289 4768 architecto
1322 4677 1638 4796 (Bartholomaeo

202 4829 208 4838 ·
1525 4801 1642 4884 „Ca-s

204 4901 263 4992 *s
303 4917 913 5012 Libitneome'normanum.·
1001 4925 1003 4932 ’
1193 4939 1222 4946 ’“
1403 4971 1405 4974 -
1461 4945 1464 4952 ·
1637 4915 1641 4948 ³

268 5013 374 5102 Tana.
388 5019 421 5107 l.
985 5017 1035 5112 K?
