4292 5984
771 523 774 530 *
1219 519 1222 530 ψ
1272 521 1276 530 «
1578 489 1602 554 ι

277 679 398 838 ιο
454 685 841 896 ernusti
903 609 1522 872 sururvrunn
1603 685 1627 778 ·.

445 976 576 1088 DE
629 973 932 1144 aanor
985 969 1336 1082 oasrrs
1625 906 1628 916 ’

266 1211 1630 1498 CAROLIQUINTl

331 1543 746 1630 {Mrunaronrs
780 1543 862 1626 ET
898 1547 1078 1625 REGIS
1128 1549 1463 1628 HISPANIAE

613 1883 827 1998 LIBER
883 1884 1187 2000 PRIMUS.

199 2129 233 2224 1
277 2049 547 2232 CAROLI
584 2122 737 2282 Regis
755 2119 1028 2264 Hispaniae,
1063 2159 1144 2262 qur
1128 2117 1260 2222 fuit
1294 2121 1418 2230 idem
1447 2127 1627 2224 Roma-
1717 2184 1720 2192 ·

159 2303 326 2367 norum
363 2277 639 2408 Imperator,
676 2263 1069 2404 Hispanorumque
1103 2301 1168 2362 res
1201 2263 1283 2364 bac
1322 2301 1458 2364 aetate
1479 2283 1625 2406 gestas

159 2408 398 2566 scripturus
431 2445 557 2522 sum,
597 2443 710 2544 quae
739 2400 918 2504 fuerunt
951 2405 1202 2534 ejusmodi,
1235 2441 1286 2502 ut
1319 2407 1626 2544 magnitudine

9 2535 10 2630 l
160 2583 206 2644 ιι
255 2545 550 2650 admiratione
590 2535 922 2646 celeberrimam
959 2583 1186 2686 quamque
1223 2547 1487 2646 memoriam
1524 2582 1625 2691 post
1770 2597 1775 2604 ·

160 2683 382 2790 homines
400 2724 524 2792 natos
557 2727 756 2833 superare
793 2688 906 2790 mibi
944 2689 1210 2808 videantur,
1245 2689 1281 2790 si
1319 2691 1374 2788 ad
1409 2687 1627 2830 praeclara

163 2831 341 2934 virtutis
360 2823 477 2975 apud
494 2873 574 2936 nos
609 2835 727 2936 edita
764 2832 963 2974 exempla
998 2871 1144 2934 rerum
1181 2833 1428 2934 novitatem
1463 2833 1626 2962 adjun-

165 2975 305 3096 xeris,
338 2977 531 3118 quaein
568 2989 753 3080 Oceano
781 3017 994 3118 novoque
1012 2974 1138 3078 Orbe
1173 3013 1366 3118 repertae
1394 3017 1445 3078 ac
1480 3013 1626 3118 gestae

163 3153 289 3280 sunt,
317 3153 361 3220 et
393 3121 597 3260 quotidie
661 3159 862 3222 eruntur.
899 3121 980 3220 Sed
997 3153 1235 3262 antequam
1265 3120 1482 3263 propositi
1502 3159 1626 3260 prm

164 3261 336 3426 cipiunt
363 3261 574 3404 expedio,
609 3160 731 3364 altius
770 3261 990 3406 quaedam
1023 3261 1137 3364 mibi
1171 3299 1271 3366 sunt
1292 3264 1551 3406 repetenda,
1576 3299 1626 3366 ut

165 3407 360 3568 exposita
379 3405 581 3512 locorum
615 3407 816 3530 ratione,
848 3441 894 3508 et
926 3407 1204 3547 superiorum
1232 3440 1488 3550 temporum
1516 3449 1626 3511 sum

166 3588 254 3651 mts
287 3589 434 3652 terum
462 3548 779 3652 mutationibus
815 3549 1055 3690 explicatis,
1088 3593 1202 3694 quae
1222 3593 1348 3696 saepe
1369 3590 1412 3655 et
1440 3552 1629 3654 multum
1745 3609 1747 3616 ¹
1779 3681 1782 3690 Δ

168 3691 435 3837 Hispaniam
472 3694 775 3842 exagitantur,
813 3695 964 3802 omnia
994 3695 1078 3803 sint
1111 3699 1168 3802 ad
1198 3693 1629 3848 cognoscendumil-

167 3837 394 3945 lustriora.
983 3897 988 3906 ¹
1621 3889 1626 3899 ·

162 4059 168 4070 -
192 3991 292 4088 ΙΙ.
368 3987 660 4133 Hispaniam,
691 4033 827 4140 quam
860 3997 1007 4100 ceteris
1040 3995 1237 4135 undique
1278 3987 1489 4150 partibus
1509 3983 1631 4129 pela-
1758 4125 1763 4133 .

169 4163 235 4270 go
268 4127 458 4238 cinctam
491 4145 730 4303 Pyrenaeus
763 4141 891 4244 salms
923 4139 1098 4240 abortu
1132 4131 1489 4298 aequinoctiali
1479 4171 1526 4234 m
1549 4169 1632 4230 oc-

169 4310 320 4377 casum
339 4278 553 4380 aestivum
589 4283 834 4404 immissus,
855 4284 984 4384 latere
1004 4281 1346 4422 septemtrionali
1379 4287 1514 4441 quarn
1531 4315 1633 4376 aus

170 4410 271 4514 rrali
306 4414 557 4521 breviorem
591 4419 722 4542 facit,
764 4461 807 4524 et
830 4463 931 4586 qua
965 4458 1026 4524 est
1062 4423 1331 4542 arctissima,
1369 4417 1571 4522 dsscermt
1606 4459 1633 4520 a

171 4556 343 4678 Gallia,
371 4598 568 4670 veterum
598 4565 844 4734 gravissimi
877 4602 1076 4668 auctores
1114 4568 1163 4669 in
1190 4603 1270 4667 tres
1302 4602 1443 4710 partes
1475 4563 1634 4666 divise

173 4728 307 4802 tunt:
346 4703 724 4831 Tarraconensem
721 4727 870 4852 quam
900 4714 1112 4812 eamdem
1151 4711 1414 4814 Citeriorem
1451 4747 1635 4850 quoque

172 4846 491 5014 nominarunts
527 4859 755 4976 baeticam,
782 4892 824 4958 et
843 4864 1115 4976 Lusitaniam,
1150 4855 1311 4998 quibus
1338 4893 1509 4996 summa
1529 4891 1637 4952 con-

198 4991 418 5096 'Toni
1213 5005 1264 5146 A·
1583 4991 1642 5165 ti-
