4368 5984
709 419 828 490 VITA
852 419 920 491 ET
943 421 1159 494 SCRIPTA.
1219 431 1223 436 '
1540 429 1621 500 VII.

278 541 385 628 Cum
406 565 515 630 tanta
546 546 591 630 sit
611 546 735 662 operis
771 545 882 658 hujus
907 547 1132 662 praestantia
1164 608 1178 653 ,
1215 568 1323 634 tanta
1357 574 1511 654 rerum,
1544 578 1647 667 quae

194 663 227 746 in
250 689 300 747 co
323 687 559 771 tractantur,
590 665 750 784 dignitas
777 690 894 781 atque
924 666 1122 779 majestas,
1153 665 1289 752 mirum
1311 693 1498 772 nonest,
1532 668 1559 752 si
1593 671 1644 758 ad

187 779 267 892 ejus
297 781 645 898 interpretationem
679 787 717 868 in
742 783 889 902 linguas
920 785 1137 873 vernaculas
1169 786 1378 900 Hupanam
1413 811 1453 872 et
1480 785 1645 877 Italicam

189 899 452 986 adornandam
483 903 552 992 viri
584 905 687 992 docti
710 932 754 988 ac
775 904 1022 990 Bononiensis
1053 903 1213 1022 Collegii
1237 903 1381 989 alumni
1409 929 1545 1020 sponte
1575 937 1646 994 sua

189 1019 469 1127 excitarentur,
490 1049 592 1138 ‘quo
621 1047 748 1110 tantus
783 1025 982 1109 thesaurus
1010 1024 1187 1108 omnibus
1217 1047 1385 1136 pateret.
1419 1030 1552 1141 ltaque
1564 1029 1647 1112 An·

190 1139 317 1223 tonius
334 1140 384 1224 de
398 1141 607 1228 Lantadilla
624 1169 663 1229 et
687 1141 783 1227 Vela
808 1142 1020 1256 Sepulveda
1043 1144 1275 1257 approbante
1304 1141 1515 1228 versionem
1537 1175 1646 1234 suam

190 1257 318 1344 Toleti
342 1259 381 1342 in
396 1258 519 1346 lucem
535 1262 656 1347 emisit
678 1288 764 1346 ann.
793 1263 918 1369 1566.
941 1262 1045 1375 apud
1077 1263 1142 1374 Jo.
1159 1261 1208 1346 de
1224 1260 1331 1372 Ajala
1348 1263 1522 1377 octuplici
1537 1264 1646 1350 chat·

187 1399 239 1461 ta.
266 1394 279 1434 ¹
318 1377 504 1464 Eamdern
519 1407 677 1501 quoque
703 1378 934 1496 provinciam
959 1381 1116 1497 suscepit
1138 1385 1253 1467 Doct.
1280 1381 1490 1466 Franciscus
1514 1385 1646 1470 Anto·

1559 1532 1645 1590 mus

189 1611 285 1686 operis
305 1627 349 1670 est
370 1611 553 1690 injicienda,
575 1615 687 1692 juvabit
711 1617 837 1689 aliquam
858 1616 918 1693 ejus
938 1617 1075 1674 notitiam
1094 1617 1142 1673 hic
1166 1617 1371 1692 praemittere.
1407 1615 1552 1692 Inscripta
1580 1633 1644 1680 estt

188 1693 241 1768 3⁰·
261 1691 401 1768 Genesis,
415 1697 469 1754 &a
495 1697 630 1771 Sequitur
643 1697 734 1772 Mylii
752 1699 885 1772 Epistola
899 1699 936 1756 ad
952 1698 1085 1755 Marcum
1098 1697 1252 1754 Velserum
1268 1697 1306 1754 11.
1318 1697 1412 1752 virum
1427 1697 1643 1773 Augustanunr,

190 1771 339 1831 Elencbus
360 1791 475 1850 operum
492 1779 617 1836 auctoris
628 1818 638 1850 ,
659 1793 689 1834 et
703 1779 949 1835 lucubratiuncula
968 1779 1004 1837 tle
1030 1779 1099 1835 vita
1119 1779 1301 1854 scriptisque
1320 1778 1370 1853 Jo.
1395 1773 1431 1836 G.
1457 1779 1643 1852 Sepuloeoae

190 1849 379 1913 Cordubensis
395 1858 551 1932 ascriptis
573 1860 635 1928 ejus
657 1869 688 1916 et
700 1857 838 1933 epistolis
855 1858 981 1917 collecta
991 1898 1003 1932 ,
1023 1859 1069 1916 cui
1088 1859 1165 1916 inter
1184 1859 1279 1934 elogia
1299 1859 1426 1916 auctoris
1441 1862 1538 1917 locum
1559 1862 1647 1920 dabi-

188 1947 248 1990 mus
257 1973 268 2007 ,
293 1953 431 1994 unacum
447 1938 538 2076 Miyffi
555 1941 686 2014 epistola.
709 1941 855 1998 Elenchus
869 1955 987 2014 operum
1001 1938 1141 2014 ejusmodi
1163 1953 1224 1997 est:
1650 1930 1656 1941 ’

244 2016 296 2073 De
308 2018 377 2074 uita
391 2027 422 2076 et
438 2035 472 2077 re
490 2037 523 2076 us
536 2021 635 2100 gestis
655 2017 789 2100 Aegiali
802 2018 980 2078 Albornotii
992 2059 1003 2092 ,
1024 2017 1146 2078 Cardin.
1161 2019 1238 2079 libri
1254 2029 1339 2095 tres,
1361 2035 1425 2096 pag.
1444 2037 1470 2079 1.

244 2095 424 2170 Descriptio
441 2096 575 2180 Collegii
591 2099 789 2174 Hispanorum
806 2101 1020 2172 Bononiensis,
1044 2118 1109 2177 pag.
1125 2103 1174 2177 63.

243 2175 295 2234 De
315 2177 420 2313 Regno
434 2190 466 2240 et
481 2181 581 2260 Regis
596 2177 702 2258 afficio
722 2179 798 2240 libri
819 2190 883 2242 tres
902 2221 913 2255 ,
935 2199 1000 2258 pag.
1019 2197 1067 2260 71.

245 2253 360 2330 Epirto
376 2276 454 2317 orum
476 2261 554 2319 libri
570 2271 704 2336 septem,
726 2279 791 2337 pag.
809 2277 874 2336 119.

248 2337 299 2394 De
321 2342 500 2400 correctione
519 2345 588 2400 anni
605 2352 636 2402 et
652 2344 785 2400 mensium
806 2343 1020 2416 Rornanorum,
1035 2359 1099 2417 pag.
1116 2341 1183 2418 289.

247 2416 400 2498 Dialogus
420 2421 455 2479 de
472 2425 632 2498 appetendo
645 2420 772 2503 gloria,
793 2425 844 2498 qui
859 2423 1037 2482 inscribitur
1058 2421 1204 2481 Gonsalus
1214 2463 1225 2496 ,
1246 2439 1310 2497 pag.
1325 2438 1392 2498 gro.

245 2496 296 2554 De
309 2498 458 2560 honestate
475 2505 524 2562 rei
538 2503 710 2576 militaris,
729 2505 780 2580 qui
793 2504 971 2562 inscribitur
990 2504 1201 2574 Democrates,
1221 2501 1300 2560 libri
1313 2513 1394 2574 tres,
1417 2519 1481 2578 pag.
1495 2519 1562 2579 339.

243 2575 400 2659 Apologia
417 2596 473 2660 pro
487 2582 566 2643 libro
580 2585 615 2644 de
624 2585 717 2656 justis
730 2582 804 2643 belli
827 2587 926 2642 causis
948 2587 1077 2659 suscepti
1098 2593 1200 2642 eontra
1216 2584 1305 2642 lndos
1314 2622 1325 2653 ,
1352 2600 1417 2658 pag.
1428 2599 1497 2658 423.

243 2653 351 2716 &otia
370 2662 410 2717 ad
428 2661 564 2722 Carolum
578 2666 620 2723 V.
641 2675 673 2722 ut
694 2663 799 2724 bellam
821 2665 965 2738 suscipiat
984 2666 1015 2723 in
1037 2665 1152 2723 Turcas
1161 2704 1173 2736 ,
1187 2681 1249 2738 pag.
1261 2665 1328 2736 446.

243 2737 395 2820 Dialogus
408 2744 443 2800 de
458 2747 576 2804 ratione
594 2745 711 2805 dicendi
732 2747 924 2806 testimenium
944 2746 975 2802 in
994 2747 1092 2804 causis
1121 2743 1296 2804 occultarum
1316 2743 1468 2802 criminum
1486 2782 1499 2816 ,
1521 2743 1572 2819 qui
1589 2743 1640 2802 in·

182 2815 330 2876 ambitur
351 2821 549 2901 Theophilus,
561 2844 626 2902 pag.
639 2829 708 2900 460.

244 2898 294 2958 De
315 2912 381 2960 ratu
397 2907 563 2980 meptiarum
574 2919 604 2967 et
618 2906 832 2983 dispensatione
848 2904 925 2965 libri
943 2915 1031 2979 tres,
1045 2922 1110 2981 pag.
1125 2922 1194 2980 492·

242 2979 292 3038 De
304 2978 383 3056 fato
403 2996 436 3044 et
449 2985 545 3047 libero
561 2987 692 3047 arbitrio
710 2998 812 3046 contra
828 2987 985 3046 manaan
1000 3029 1010 3060 ,
1031 2986 1108 3044 libri
1123 2996 1210 3058 tres,
1225 3001 1289 3059 pag.
1308 2983 1377 3060 336.

243 3057 449 3146 Antapologia
462 3081 520 3142 pro
538 3067 670 3129 Alberta
689 3069 747 3126 Pio
764 3066 875 3127 Comite
891 3067 1035 3142 Carpenri
1052 3069 1083 3123 in
1104 3066 1261 3126 Erasmurn
1276 3103 1286 3136 ,
1301 3082 1364 3139 pag.
1382 3077 1447 3138 594.

236 3155 251 3194 1
307 3143 429 3220 Integra
438 3150 578 3208 versionis
592 3149 750 3226 epigraphe
766 3147 928 3224 hujusmodi
941 3161 986 3206 est
1004 3166 1011 3206 ε
1034 3147 1197 3222 „Historia
1214 3147 1250 3204 de
1264 3150 1307 3204 los
1323 3146 1430 3202 hechos
1451 3145 1498 3201 del
1505 3145 1637 3206 ilustris-

179 3216 289 3291 estimo
309 3222 402 3284 Sefior
416 3226 563 3288 Cardenal
586 3230 627 3289 D.
642 3229 693 3287 Gil
710 3230 747 3287 de
767 3229 917 3286 Alburnoa
938 3229 1100 3302 Arcobispo
1116 3227 1153 3284 de
1169 3227 1293 3284 Tuledo.
1316 3227 1354 3284 El
1367 3229 1432 3298 qual
1457 3241 1527 3298 puso
1543 3244 1580 3284 en
1598 3231 1636 3284 li-

176 3331 203 3369 „
218 3297 319 3359 bertari
341 3322 359 3362 a
378 3307 490 3382 ltalia,
509 3327 611 3385 opresa
629 3311 688 3368 casi
702 3311 771 3368 toda
785 3327 820 3366 en
842 3311 965 3368 tiraniea
981 3307 1199 3381 servidumbre,
1219 3311 1284 3382 yla
1302 3301 1449 3383 restituyti
1467 3323 1485 3363 a
1505 3309 1534 3363 la
1555 3309 1637 3382 lgle·

177 3415 202 3449 υ
214 3379 276 3454 sia,
296 3385 434 3458 yrolviti
457 3407 474 3446 a
493 3391 589 3462 Roma
608 3395 651 3449 los
667 3388 825 3448 Pontifices
845 3408 900 3464 que
922 3392 1042 3448 estaban
1064 3407 1150 3448 como
1162 3389 1343 3446 destettados
1361 3405 1397 3444 en
1410 3388 1553 3466 erinon.
1576 3389 1637 3446 Es·

176 3461 310 3537 „cripta
330 3483 367 3524 en
389 3469 464 3528 latin
485 3489 537 3545 por
552 3476 579 3530 el
596 3472 764 3530 doctissimo
783 3471 861 3546 Juan
886 3469 1015 3530 Genesio
1037 3471 1074 3529 de
1099 3469 1262 3544 Sepulveda
1280 3466 1450 3542 Cordoves,
1478 3467 1635 3528 Coronista

176 3575 200 3610 ,‚
213 3539 261 3598 del
274 3542 470 3608 invictissimo
480 3553 660 3627 Emperador
674 3551 778 3610 Caelos
796 3553 834 3610 V.
852 3554 999 3610 traducida
1015 3569 1053 3610 en
1075 3549 1245 3610 Castellano
1264 3567 1317 3624 por
1336 3553 1364 3606 el
1380 3549 1512 3607 Maestro
1534 3550 1637 3608 Anto-

175 3655 200 3690 „
213 3620 265 3680 nio
281 3625 360 3684 Vela
372 3646 429 3688 cora
447 3635 475 3690 el
490 3645 667 3692 testamento
679 3633 727 3690 del
739 3631 825 3690 dicho
843 3632 934 3690 Sefior
949 3632 1095 3691 Cardenal
1109 3671 1120 3706 ,
1135 3636 1201 3707 yla
1217 3631 1395 3688 instruction
1411 3631 1490 3688 delo
1508 3646 1562 3702 que
1575 3631 1636 3688 han

176 3734 202 3770 ss
215 3701 252 3758 de
271 3703 360 3764 haser
373 3713 417 3768 los
432 3729 487 3782 que
510 3716 713 3788 pretendieren
736 3714 863 3787 colegiar
879 3731 917 3771 en
929 3733 961 3772 su
982 3712 1106 3788 Colegio
1128 3730 1165 3770 en
1184 3713 1308 3769 Boionia
1328 3750 1338 3782 ,
1360 3711 1513 3785 corregida
1532 3727 1584 3783 por
1607 3713 1636 3767 el

176 3815 199 3870 ,3
212 3796 324 3843 mesmo
344 3789 423 3864 Juan
437 3789 567 3852 Genesio
587 3795 623 3853 de
638 3793 837 3869 Sepulreda.“
859 3795 883 3851 1.
898 3797 957 3852 vol.
979 3794 1015 3852 80
1045 3795 1137 3853 Vides
1150 3793 1218 3866 hic,
1237 3792 1272 3849 L.
1293 3791 1326 3848 B.
1348 3791 1512 3848 Antonium
1527 3790 1635 3848 Velam

176 3863 274 3932 operis
297 3868 487 3945 interpretem
509 3875 625 3934 disertis
654 3875 749 3932 verbis
775 3875 981 3948 pronuntiarit
1010 3888 1139 3933 ceterum
1162 3871 1236 3930 folio
1263 3874 1394 3945 sequenti
1422 3871 1560 3943 legimus:
1594 3871 1636 3928 Yo

173 3935 257 4012 Juan
278 3947 452 4012 Fernandee
472 3955 507 4014 de
529 3955 692 4026 Herrero,
717 3953 893 4016 Secretario
912 3953 962 4014 del
974 3953 1094 4027 Consejo
1109 3956 1144 4013 de
1167 3952 1212 4015 Su
1226 3953 1414 4032 Magneta,
1428 3951 1481 4026 day
1496 3947 1539 4025 fe
1548 3988 1559 4022 ,
1579 3967 1634 4026 que

173 4017 353 4112 hauriendam
370 4034 450 4090 visto
473 4047 531 4109 por
546 4033 592 4096 los
604 4033 632 4096 S
631 4037 732 4096 eiores
753 4033 801 4094 dil
823 4055 858 4092 un
870 4035 949 4095 libro
969 4053 1022 4112 que
1042 4038 1143 4116 Diego
1160 4035 1305 4107 Vas-quea
1318 4032 1353 4089 de
1366 4028 1550 4105 Concretas,
1565 4029 1633 4090 ua-

174 4115 292 4192 ctvtero
312 4127 349 4169 en
369 4110 401 4172 la
420 4112 517 4174 Santo
531 4115 648 4197 lglesia
661 4118 696 4175 de
708 4114 839 4189 Teleda,
858 4118 1000 4174 tranacta
1010 4118 1047 4176 sle
1063 4114 1170 4194 lengun
1191 4111 1302 4168 Latina
1315 4127 1349 4168 en
1369 4107 1564 4183 Castellnna,
1583 4112 1634 4168 in-

174 4181 300 4246 tstulada
315 4209 324 4250 s
345 4192 391 4252 La
410 4195 532 4256 historia
547 4197 594 4259 del
612 4195 756 4255 Cardenal
774 4197 815 4254 D.
830 4195 883 4254 Gil
894 4199 930 4255 de
943 4198 1116 4264 Alburnus,
1137 4189 1309 4266 Araohispo
1325 4187 1446 4267 quefui
1461 4192 1495 4250 de
1509 4190 1634 4282 Taladog

174 4275 209 4317 re
220 4259 251 4320 le
266 4267 319 4326 dio
328 4271 456 4334 licencia
465 4289 545 4351 para
558 4276 587 4335 lo
602 4279 694 4350 pader
713 4277 883 4351 imprimit,
905 4276 935 4335 el
949 4273 1018 4351 qual
1037 4272 1068 4331 lo
1080 4283 1168 4331 truso
1192 4272 1343 4346 impreco,
1363 4273 1417 4330 iac.
1445 4271 1522 4328 Eine
1541 4271 1632 4328 alium

171 4337 311 4406 historiae
331 4352 513 4429 Aegidianae
535 4358 724 4430 interpretem
742 4353 831 4413 fuisse
845 4357 949 4416 merito
963 4355 1026 4428 quis
1039 4366 1141 4431 arguet
1154 4391 1165 4425 ,
1176 4352 1322 4410 Didacum
1338 4369 1442 4425 nempe
1454 4351 1632 4425 Vaaquium,

167 4426 302 4486 eumdem
322 4430 447 4494 fortasse
466 4475 478 4510 ,
500 4439 548 4510 qui
576 4437 642 4496 Nic.
663 4435 736 4494 Ant.
758 4449 835 4495 teste
854 4439 912 4492 vol.
930 4453 956 4494 1.
983 4435 1018 4495 B.
1032 4435 1072 4494 N.
1108 4434 1267 4509 Hispanice
1291 4433 1369 4489 vetit
1389 4448 1474 4506 prosa
1494 4431 1632 4490 oratione

167 4499 198 4557 el
214 4502 477 4590 Orlandofurioso
499 4518 572 4577 Lud.
588 4517 712 4576 Ariosti.
734 4517 845 4575 Verum
859 4518 937 4576 enim
957 4533 1027 4574 vero
1040 4533 1106 4574 cum
1120 4515 1215 4588 Regia
1235 4511 1376 4571 facultate
1399 4513 1436 4569 ad
1455 4529 1526 4585 opus
1546 4513 1628 4587 typis

166 4583 331 4652 eudeadum
347 4599 484 4672 legatur:
506 4599 569 4656 Por
588 4608 693 4674 quam
703 4609 760 4670 por
778 4608 868 4672 parte
883 4599 919 4658 de
941 4614 995 4656 oos
1015 4597 1116 4676 Diego
1133 4595 1281 4669 Vaeqnez
1301 4593 1336 4652 de
1353 4590 1537 4664 Concretas,
1561 4591 1630 4650 Ra-

167 4663 285 4729 tionero
298 4693 333 4732 en
344 4675 375 4734 la
391 4677 487 4737 Santra
501 4677 617 4757 Iglesia
636 4680 672 4737 de
686 4676 795 4738 Tuledo
805 4715 816 4752 ,
828 4698 849 4756 y
863 4672 1004 4754 Capellae
1023 4678 1059 4736 de
1078 4684 1195 4734 mustra
1210 4671 1330 4748 Capilla
1351 4671 1430 4731 Reol
1449 4673 1484 4730 de
1497 4670 1542 4729 los
1563 4673 1630 4732 lte-

163 4759 217 4814 Μ
230 4769 340 4814 meone
348 4797 361 4830 ,
381 4775 435 4833 que
450 4758 518 4817 esto
538 4776 572 4816 en
587 4758 619 4816 lo
636 4759 724 4818 dicba
740 4758 837 4821 Senta
855 4757 997 4839 Iglesio,
1013 4774 1064 4816 nos
1078 4757 1116 4814 bu
1130 4751 1299 4831 sidofecha
1318 4750 1452 4812 reloclon
1471 4791 1482 4825 ,
1506 4771 1559 4828 que
1572 4771 1627 4812 vos

167 4819 312 4894 bustam
325 4837 416 4902 hecha
428 4839 565 4900 escreoir
581 4857 604 4916 y
617 4841 755 4898 traducis
767 4857 801 4899 en
816 4836 922 4919 lengun
939 4835 1107 4898 Castellono
1120 4834 1152 4892 la
1172 4835 1302 4892 historio
1324 4831 1374 4891 del
1396 4831 1543 4892 Cardenal
1557 4835 1627 4891 Dan

163 4898 224 4963 Cil
235 4912 271 4972 de
287 4917 469 4992 Albornoz,
489 4917 663 4994 Arrabispa
677 4937 730 4995 que
765 4919 799 4976 ub
815 4920 850 4978 de
863 4917 998 4993 Tuledo,
1044 4935 1077 4978 ue
1097 4927 1200 4978 estona
1215 4915 1349 4987 escripta
1371 4931 1405 4973 en
1418 4915 1509 4972 Latin
1526 4911 1627 4986 porei

169 4985 289 5060 Doctor
300 4999 382 5078 Juan
398 4998 490 5065 Ginos
503 5002 539 5066 de
552 4998 744 5082 Sepuluedo,
761 4999 915 5066 Caranirto
936 5015 991 5080 que
1081 4996 1130 5081 del
1141 4995 1330 5074 Enpoaaor
1350 5013 1374 5076 y
1391 4993 1455 5074 Ray
1469 4993 1509 5054 mi
1526 4990 1627 5155 Sti&
