4294 5972
625 486 863 570 CAROLI
910 489 984 572 V..
1008 487 1122 568 LIB.
1164 491 1235 570 XI.
1533 493 1618 582 355

193 643 359 792 viginti
395 680 477 748 tres
504 644 723 747 vectoriae
750 682 911 763 naves,
930 678 1014 743 tres
1039 643 1291 784 graviores,
1322 639 1541 748 ethanim
1566 687 1651 758 una

190 832 244 893 ex
278 788 379 916 his,
431 829 544 932 quos
586 795 769 893 Galeones
804 824 1000 908 vocant,
1041 786 1235 930 reliquae
1278 787 1440 930 viginti
1484 797 1648 935 generis

188 944 312 1068 ejus,
346 938 474 1080 quod
508 941 704 1038 (annelat
740 933 894 1036 dicunt
906 1011 921 1054 ,
958 931 1066 1035 velis
1101 931 1273 1078 magis,
1310 935 1383 1037 sed
1417 973 1512 1038 non
1537 937 1647 1042 nihil

189 1081 324 1181 etiam
357 1080 484 1182 remis
520 1116 721 1196 utentes,
751 1085 905 1182 omnes
940 1077 1103 1198 armis,
1138 1077 1389 1199 tormentis,
1418 1115 1553 1220 atque
1584 1083 1646 1186 vi-

185 1225 244 1324 ris
271 1225 652 1328 instructissimae.
691 1224 886 1325 Andreas
921 1261 1104 1366 quoque
1131 1223 1293 1343 Doria,
1322 1221 1542 1328 beneficio
1558 1239 1644 1328 Ca-

184 1369 273 1470 roli
318 1369 512 1474 Caesaris
553 1365 842 1512 Melphorum
878 1369 1113 1510 Princeps,
1150 1403 1193 1470 et
1230 1407 1367 1510 quem
1402 1368 1523 1470 idem
1556 1370 1641 1474 toti

185 1507 338 1614 officio
372 1514 598 1616 maritimo
637 1553 823 1656 praeesse
856 1511 1030 1633 voluit,
1076 1512 1224 1612 aderat
1259 1553 1370 1615 cum.
1402 1513 1641 1615 munitissi-

183 1657 269 1758 mis
313 1658 399 1758 suis
436 1658 653 1762 sexdecim
695 1654 974 1758 triremibus.
1022 1656 1176 1762 Paucis
1218 1654 1373 1758 diebus
1418 1695 1548 1760 naves
1589 1699 1641 1760 er

186 1799 391 1905 omnibus
431 1801 675 1944 Hispaniae
718 1797 807 1900 oris
845 1799 1173 1919 Barcinonem,
1218 1837 1270 1900 ut
1312 1838 1404 1904 erat
1446 1801 1640 1941 impera-

183 1978 310 2056 tum,
346 1983 451 2046 cum
486 1945 820 2063 convenissent,
856 1982 950 2044 non
984 1943 1189 2083 expositis
1210 1939 1439 2080 ‚militibus
1476 1945 1524 2044 in
1559 1985 1640 2046 an-

181 2085 325 2188 choris
361 2086 679 2198 consistebant3
722 2120 882 2190 ceteras
918 2124 1025 2188 vero
1060 2085 1240 2228 copias,
1283 2126 1399 2228 quae
1436 2126 1511 2228 per
1551 2125 1636 2192 ter*

183 2268 281 2336 ram
315 2267 658 2355 concurrerant,
700 2231 885 2336 Carolus
917 2227 1043 2363 jubet
1077 2269 1206 2330 naves
1241 2229 1289 2332 in
1323 2229 1510 2332 statione
1556 2272 1639 2372 pa·

188 2410 299 2476 ratas
334 2377 648 2479 conscendere.
686 2376 796 2478 Illud
830 2411 1007 2494 autem,
1040 2408 1092 2474 ut
1128 2373 1269 2514 plures
1305 2373 1464 2475 milites
1500 2374 1639 2518 impo

181 2518 232 2619 ni
268 2555 472 2664 possent,
507 2520 733 2624 interdixit
768 2519 987 2661 imprimis
1032 2516 1179 2619 edicto
1216 2515 1434 2659 publico,
1460 2533 1519 2617 ‘ut
1557 2558 1637 2620 nec

181 2672 376 2795 jumenta
422 2664 700 2783 sarcinaria,
758 2702 868 2766 neve
928 2659 1175 2806 impuberes
1222 2698 1299 2763 aut
1348 2661 1549 2763 mulieres
1588 2663 1637 2765 in

182 2845 314 2908 naves
351 2806 673 2949 reciperentur,
708 2847 759 2910 ac
795 2847 851 2909 ne
885 2803 1103 2908 Monachi
1138 2804 1352 2947 quidem,
1384 2839 1460 2906 aut
1492 2817 1636 2940 Sacer·

181 2952 334 3070 dotes,
357 2988 536 3092 ‚praeter
570 2945 733 3093 paucos
774 2991 857 3095 pro
892 2949 1095 3053 curandis
1117 2949 1294 3070 sacris,
1336 2984 1381 3049 et
1415 2944 1637 3052 faciendae

178 3096 242 3194 rei
277 3095 466 3197 Divinae
508 3097 776 3201 nominatim
814 3096 1092 3204 destinatosa
1129 3134 1223 3237 quo
1258 3087 1426 3194 factum
1462 3128 1553 3214 est,
1588 3129 1637 3195 ut

178 3233 307 3370 hujus
360 3240 526 3381 generis
573 3238 814 3344 hominum
856 3259 1062 3342 numerus
1113 3239 1263 3341 minor
1304 3236 1635 3379 imponereturt

179 3415 231 3480 ut
276 3381 396 3500 enim
443 3382 572 3522 plane
608 3385 845 3486 interdicto
881 3419 1131 3526 pareretur,
1156 3381 1205 3484 id
1240 3380 1393 3527 perfici
1416 3383 1533 3485 nulla
1565 3420 1635 3483 ra-

179 3560 304 3624 trone
340 3559 516 3665 potuit.

249 3675 392 3770 XVII.
468 3669 554 3770 His
589 3666 717 3772 rebus
752 3670 995 3815 expeditis,
1021 3707 1066 3773 et
1089 3669 1213 3813 equis
1240 3669 1488 3813 impositis,
1517 3706 1634 3809 quo·

177 3849 278 3914 rum
313 3810 476 3912 multos
511 3813 757 3958 relinquere
799 3817 981 3920 navium
1017 3815 1172 3957 inopia
1205 3815 1387 3957 coagit,
1425 3815 1518 3954 ipse
1551 3811 1634 3912 rite

109 4019 110 4022 κ
177 3957 370 4086 consessus
407 3958 494 4093 (ur
528 3954 779 4101 frequenter
814 4001 898 4103 pro
935 3958 1145 4101 singulari
1186 3998 1262 4058 sua
1301 3956 1515 4098 religione
1557 3994 1633 4054 so-

178 4095 332 4236 lebat)
375 4099 693 4204 Eucharistiae-
713 4104 870 4208 divino
914 4103 1020 4204 cibo
1062 4099 1282 4210 relicuum
1326 4136 1371 4200 et
1414 4098 1549 4203 Sacris
1584 4097 1633 4197 in

178 4237 287 4344 fano
323 4242 466 4346 Divae
501 4247 706 4370 Mariae,
745 4251 872 4389 quod
909 4249 965 4348 ad
1000 4255 1113 4348 Mare
1148 4244 1516 4388 cognominatur,
1536 4279 1631 4384 per-

177 4386 286 4489 actis
329 4389 652 4529 quadriremem
708 4389 1004 4511 conscendit,
1052 4389 1339 4491 Praetoriam-
1363 4427 1511 4489 earum
1554 4424 1634 4486 na-

179 4531 340 4653 vium,
380 4570 487 4675 quas
523 4575 618 4639 suas
652 4533 841 4639 ducebat
876 4534 1049 4643 Dorias
1074 4533 1229 4677 ibique
1264 4575 1319 4636 eo
1352 4533 1425 4635 die
1460 4571 1510 4633 ac
1545 4569 1634 4630 no-

182 4711 250 4777 cte
285 4676 334 4779 in
359 4679 592 4802 anchoris,
612 4683 721 4784 dum
757 4723 910 4784 omnes
948 4681 1324 4801 conscendissent,
1344 4673 1631 4820 exspectavit.

182 4824 400 4949 Postero,
443 4825 525 4970 qui
562 4820 649 4930 fuit
693 4826 836 4972 pridie
877 4827 1094 4930 Kalendas
1139 4824 1269 4960 Junii
1309 4861 1425 4930 anno
1471 4815 1637 4928 Christi

1118 4977 1230 5108 Yya
1493 5025 1516 5040 ·—
1558 5001 1639 5064 na-
