4368 5984
703 389 819 464 VITA
848 391 912 463 ET
936 390 1149 466 SCRIPTA.
1448 393 1624 464 CLXXXI.

191 519 250 605 ab
267 517 446 636 Hrmanis
467 514 693 634 qmbusdam
721 543 786 630 per
811 546 995 604 summam
1022 516 1211 604 avaritiam
1241 547 1287 604 ac
1303 502 1491 606 libidinem
1516 517 1553 602 in
1580 513 1644 604 illis

198 663 386 726 terrarum
403 637 580 723 tractibus
595 636 915 748 perpetrabantur.
933 643 1110 750 Longum
1127 661 1220 722 esser
1237 633 1392 742 referre,
1408 637 1555 752 quoties
1567 637 1645 720 Oc·

193 784 362 842 ceanum
378 758 492 840 Casas
517 752 872 868 praeternavigarit,
904 781 1000 868 quot
1022 753 1215 839 exantlarit
1239 754 1409 858 labores,
1428 779 1525 870 quor
1551 783 1641 840 con·

192 869 328 959 fecerit
356 890 369 929 ¹
393 873 525 986 scripta
552 899 622 984 pro
654 871 847 956 asserenda
858 871 1043 956 Indorum
1065 871 1351 986 libertare,quo
1367 873 1478 957 animi
1494 874 1641 978 ardore,

189 1019 276 1103 qna
295 991 430 1095 pietate
443 990 481 1073 in
497 987 733 1103 procuranda
748 988 895 1076 illorum
915 990 1030 1076 salure
1055 1018 1119 1102 per
1145 990 1266 1102 plures
1290 1019 1410 1076 annos
1434 991 1634 1078 desudarit.

192 1108 330 1202 Quare
346 1107 483 1224 dignus
512 1131 568 1191 est
597 1102 743 1190 habitus
765 1105 830 1220 qui
845 1107 1059 1220 Chiapensis
1085 1109 1256 1192 ecclesiae
1278 1107 1422 1221 praesul
1438 1134 1637 1212 crearetur,

192 1254 316 1338 quem
347 1226 535 1311 honorem
562 1250 673 1338 aegre
699 1223 844 1310 admisit
860 1282 874 1328 ,
890 1252 977 1310 cum
1003 1249 1112 1309 antea
1129 1224 1279 1310 minime
1291 1226 1428 1314 adduci
1443 1226 1637 1341 potuisset,

190 1369 236 1428 ut
264 1342 449 1428 Cuzcensi
476 1340 648 1427 ecelesiae
675 1341 777 1455 apud
797 1345 986 1426 Peruanos
1011 1339 1282 1456 praeficeretur.

188 1491 194 1564 '.
281 1459 358 1546 Sed
380 1463 501 1544 Casae
531 1458 701 1544 doctrina
724 1458 915 1574 animique
939 1459 1146 1544 constantia
1175 1484 1256 1545 turn
1282 1461 1441 1546 maxime
1472 1463 1634 1570 enituit,

194 1605 289 1663 cum
305 1577 466 1662 Carolus
480 1578 532 1661 V.
558 1577 654 1689 Opt.
671 1578 777 1662 Max.
805 1578 942 1681 rebus,
964 1606 1064 1691 quae
1088 1577 1191 1690 apud
1220 1579 1362 1684 lndos,
1392 1609 1415 1662 a
1448 1580 1636 1666 nonnullis

195 1722 287 1780 cum
314 1697 505 1780 bonorum
521 1693 692 1778 omnium
722 1691 977 1812 indignatione
1000 1696 1329 1808 perpetrabantur,
1347 1723 1537 1808 pennotus
1556 1699 1637 1804 ,in-

191 1839 424 1928 gentemque
439 1813 538 1896 illam
553 1834 632 1896 tam
650 1812 762 1927 longe
780 1812 976 1926 propagati
992 1811 1133 1926 imperii
1148 1811 1303 1929 gloriam
1323 1810 1634 1900 maleleriatorum

192 1930 451 2046 quonumdam
479 1929 679 2014 hominum
701 1929 862 2042 nequitia
885 1929 1072 2014 obscurari
1104 1930 1235 2014 dolens
1266 1930 1389 2016 multis
1413 1960 1489 2045 qua
1507 1933 1635 2019 Theo·

190 2045 346 2164 logiae,
370 2077 449 2163 qua
465 2045 564 2158 Juris
591 2046 781 2160 utriusque
806 2047 1073 2160 praestantibus
1097 2048 1305 2134 eruditione
1338 2048 1454 2154 viris,
1478 2074 1518 2136 et
1548 2081 1635 2166 pru-

191 2164 322 2250 dentia
345 2163 519 2281 singulari
542 2165 747 2276 conspicuis
775 2163 1009 2250 Valdolitum
1038 2165 1228 2268 evocatis,
1257 2193 1335 2248 rem
1366 2169 1460 2252 serio
1487 2171 1630 2255 exami-

190 2282 361 2370 nandam
383 2283 574 2396 totiusque
613 2280 854 2394 expeditionis
886 2281 1033 2368 Indicae
1061 2279 1140 2390 iura
1166 2281 1401 2396 disquirenda
1430 2287 1628 2373 commisit.

284 2403 446 2486 Causam
460 2397 517 2484 his
539 2397 697 2486 comitiis
727 2398 928 2484 evocandis
959 2398 1178 2485 dederant²
1210 2397 1441 2514 Sepulvedae
1457 2428 1496 2488 et
1512 2406 1632 2490 Casae

1522 2523 1633 2636 scrip-

187 2674 277 2732 „que
297 2658 326 2714 lo
346 2654 408 2716 seri
428 2657 544 2734 major,
559 2673 615 2730 que
628 2655 744 2730 capitan
763 2671 800 2714 en
819 2653 960 2714 Cumana.
979 2654 1074 2713 Dieen
1087 2671 1141 2728 que
1154 2653 1182 2713 dl
1198 2653 1307 2714 ascribe
1317 2671 1369 2728 por
1387 2673 1419 2712 su
1435 2657 1629 2731 passatiempo

187 2755 259 2812 „en
277 2751 356 2796 estas
371 2755 451 2795 cosas
470 2740 506 2794 de
521 2739 637 2795 indias:
652 2753 726 2810 yen
736 2741 765 2792 la
777 2737 890 2792 calidad
903 2737 939 2793 de
952 2739 996 2792 ins
1020 2737 1118 2793 ludios
1137 2736 1208 2810 yde
1225 2740 1268 2793 ios
1283 2735 1488 2808 Christianos,
1509 2753 1563 2809 que
1579 2755 1631 2812 por

188 2831 306 2890 „estas
317 2833 413 2891 partes
431 2819 527 2873 andan
540 2835 562 2891 y
577 2818 664 2872 niven
675 2856 685 2889 ,
698 2833 720 2891 y
734 2817 808 2872 seria
827 2818 893 2873 bien
915 2833 970 2888 qne
991 2833 1027 2872 en
1048 2833 1079 2871 su
1100 2816 1209 2889 tiernpo
1221 2834 1251 2874 se
1268 2829 1439 2887 mostrasse,
1465 2832 1571 2890 parque
1587 2821 1632 2875 los

188 2915 274 2971 „que
289 2914 343 2954 son
359 2899 479 2971 testigos
492 2898 528 2952 de
542 2897 617 2952 vista
636 2899 665 2952 io
678 2895 870 2970 aprobassen,
883 2911 902 2951 o
915 2896 1130 2968 respondiessen
1145 2909 1197 2968 por
1209 2891 1245 2953 si.
1257 2896 1337 2953 &c.“

234 2995 246 3032 r
292 2975 403 3036 Omnia
420 2974 516 3033 Casae
532 2993 619 3050 opera
635 2993 707 3047 quae
728 2973 977 3046 circunferuntur,
995 2987 1025 3030 et
1044 2975 1080 3030 ab
1100 2974 1233 3030 Antonio
1247 2976 1277 3031 in
1300 2993 1351 3032 sua
1373 2974 1560 3034 Bibliotheca
1582 2994 1631 3033 re-

193 3071 367 3128 censentur,
380 3073 416 3113 eo
430 3056 561 3130 precipue
577 3055 755 3126 collineant,
770 3067 801 3110 ut
814 3055 1073 3111 indorumcausanr
1090 3067 1232 3110 tueantur.
1247 3054 1303 3112 Sed
1320 3056 1402 3127 iliud,
1416 3057 1510 3126 inquo
1522 3055 1631 3128 Hispa·-

190 3152 293 3193 norum
310 3137 511 3194 crudelitatem
525 3135 594 3191 atris
608 3135 737 3208 depingit
751 3134 913 3206 coloribus,
926 3149 1035 3207 quoque
1051 3147 1199 3206 tamquam
1218 3135 1397 3191 validissimo
1417 3135 1448 3190 in
1464 3134 1627 3208 Hispanam

189 3231 311 3290 gentem
331 3216 496 3272 universam
518 3229 688 3288 argumento
704 3215 829 3288 plerique
841 3215 932 3270 exteri
947 3227 1065 3270 utuntur
1077 3252 1088 3284 ‚
1101 3230 1151 3270 seu
1166 3214 1258 3287 potius
1272 3216 1450 3284 abutuntur,
1465 3215 1631 3288 prudentis-

188 3297 253 3352 simi
270 3287 435 3369 Scriptores
450 3309 511 3351 tnm
526 3294 645 3368 Hispani
658 3331 669 3364 ,
683 3307 745 3351 tum
758 3295 879 3350 aliarum
889 3294 1040 3367 gentium,
1055 3293 1131 3350 inter
1144 3309 1213 3366 quos
1226 3294 1435 3365 Sandovalius,
1450 3294 1584 3374 solisius,
1598 3309 1629 3353 et

190 3375 416 3433 Charlevoixius
435 3375 575 3431 recenseri
589 3387 734 3431 merentur
742 3413 752 3446 ,
766 3391 796 3428 se
809 3373 995 3430 vehementer
1013 3373 1113 3429 mirari
1126 3385 1261 3429 testatum
1277 3373 1452 3445 reliquerunt
1464 3373 1501 3429 ab
1513 3374 1629 3432 homine

188 3457 274 3512 saeris
300 3455 416 3511 addicto
428 3452 517 3509 effudi
543 3454 677 3526 potuisse.
692 3454 838 3509 Indiarum
854 3453 986 3525 historia,
1002 3453 1090 3526 ipsius
1107 3455 1230 3510 auctoris
1254 3470 1339 3508 manu
1354 3464 1482 3524 exarata,
1497 3453 1629 3510 valliso-

187 3537 240 3592 leti
256 3537 288 3590 in
312 3533 451 3590 coenobio
467 3533 506 3589 D.
518 3529 653 3606 Gregorii
671 3532 892 3605 asservabatur,
917 3533 967 3589 sed
991 3549 1094 3605 paucos
1108 3543 1176 3588 anre
1190 3547 1303 3588 menses
1316 3533 1404 3606 Regis
1420 3531 1495 3605 jussu
1509 3533 1540 3587 in
1553 3533 1629 3590 banc

189 3616 289 3671 urbem
305 3631 372 3670 enm
388 3614 453 3669 aliis
469 3611 595 3688 ejusdem
616 3610 710 3669 Casae
726 3611 982 3668 lucrubrationibus
995 3623 1141 3684 asportata
1154 3625 1284 3668 servatur
1297 3612 1329 3666 in
1344 3613 1423 3686 regio
1437 3628 1530 3668 rerum
1544 3611 1627 3667 Indi·-

189 3711 288 3752 carum
307 3692 457 3749 tabulario.
481 3691 539 3748 Sub
558 3692 672 3748 initium
692 3705 760 3747 nota
773 3704 835 3747 erat
855 3689 988 3765 adjecta,
1003 3707 1058 3762 qna
1076 3690 1254 3763 cavebatur,
1275 3709 1311 3748 ne
1330 3692 1375 3747 cui
1391 3707 1461 3765 opus
1482 3693 1627 3764 perlegere

189 3773 235 3830 fas
253 3787 333 3830 esset
347 3813 358 3844 ‚
377 3772 431 3829 nisi
453 3785 515 3846 post
530 3771 594 3826 XL.
609 3788 721 3842 annos,
734 3787 789 3844 quo
806 3771 943 3842 temporis
956 3771 1051 3844 spatio
1063 3773 1183 3843 elapso,
1198 3772 1222 3826 si
1235 3772 1354 3844 dignum
1371 3771 1470 3826 aviris
1489 3770 1581 3825 doctis
1594 3783 1626 3826 et

165 3919 170 3934 1
189 3853 378 3928 prudentibus
395 3853 564 3924 haberetur,
579 3851 652 3923 quod
668 3851 697 3906 in
714 3854 806 3908 iucem
828 3851 978 3924 prodiret,
992 3851 1072 3926 typis
1086 3851 1285 3908 mandaretur:
1299 3850 1344 3908 sin
1364 3849 1476 3920 minus,
1490 3849 1567 3904 intra
1580 3849 1628 3905 bi-

190 3935 356 3992 bliothecae
368 3935 511 3988 cancellos
524 3931 729 3987 contineretur.

230 4030 247 4069 a
292 4011 396 4068 Exstat
413 4009 494 4084 hujus
508 4011 708 4082 disputationis
723 4008 834 4065 libellus
843 4010 920 4066 inter
934 4005 1027 4066 Casae
1039 4011 1174 4082 opuscula
1186 4008 1238 4065 sub
1251 4009 1303 4064 hae
1319 4006 1524 4080 Inscriptione:
1541 4003 1634 4084 Aqui

191 4109 222 4151 re
236 4092 368 4149 centiens
388 4107 442 4145 ona
456 4090 571 4162 disputa
582 4128 592 4161 ,
612 4105 628 4145 o
649 4089 850 4146 controversia
875 4097 959 4146 entre
980 4087 1010 4144 el
1030 4085 1137 4160 Obispo
1156 4089 1209 4142 don
1222 4085 1301 4163 froy
1322 4086 1508 4144 Bartholome
1525 4087 1560 4144 de
1576 4090 1625 4144 ier

190 4169 304 4242 Coros,
324 4187 340 4224 α
360 4165 467 4227 Coenos
476 4208 486 4240 ‚
509 4165 616 4240 Obispo
631 4185 684 4241 que
697 4165 757 4242 fue
771 4169 805 4224 de
826 4166 858 4222 Ια
880 4167 993 4225 Ciudod
1007 4164 1085 4224 Reol
1098 4168 1134 4223 de
1152 4163 1264 4238 Ceiapa
1283 4183 1335 4239 que
1355 4183 1386 4223 er
1404 4183 1438 4225 en
1451 4164 1495 4222 ios
1508 4167 1624 4238 Indiae,

191 4261 279 4324 porte
297 4251 333 4308 de
354 4247 385 4304 ln
404 4265 495 4305 ααααα
514 4245 635 4320 Esporio
644 4286 655 4318 ,
673 4265 695 4322 y
716 4247 745 4304 el
763 4248 865 4302 doctor
879 4245 970 4305 Gines
983 4246 1020 4302 de
1029 4243 1195 4317 depravatu
1210 4241 1360 4302 Coronisro
1377 4245 1425 4303 del
1440 4243 1627 4319 Emperodor·

192 4339 308 4386 nuestro
326 4327 439 4399 Serior,
453 4325 536 4383 sobre
552 4343 604 4400 que
619 4325 648 4383 el
668 4327 768 4382 doctor
781 4326 947 4394 conrardio,
966 4340 1018 4397 que
1039 4322 1086 4379 los
1099 4325 1263 4398 conquirier
1280 4325 1316 4382 de
1337 4324 1384 4382 los
1405 4327 1507 4383 Indiae
1519 4336 1622 4382 contro

190 4407 237 4466 ior
250 4409 351 4467 ludios
371 4422 442 4464 eron
453 4405 578 4476 licitas,
594 4423 616 4480 y
632 4404 661 4462 ei
677 4402 784 4475 obispo
801 4418 857 4477 por
876 4402 905 4460 el
919 4404 1067 4459 contrario
1085 4399 1253 4480 dffendr'ey
1269 4402 1369 4476 nfirma
1382 4423 1456 4462 aver
1468 4405 1532 4462 rr'do
1540 4423 1562 4480 y
1574 4422 1625 4463 ser

189 4485 343 4560 imporible
366 4503 399 4542 no
414 4485 490 4543 serlo
506 4503 513 4540 r
534 4485 694 4559 tyronicas,
709 4483 859 4553 injuriose
872 4483 994 4556 iniquas.
1014 4483 1058 4540 La
1078 4482 1146 4556 qual
1165 4486 1293 4558 question
1305 4500 1336 4540 se
1355 4483 1494 4543 ventilon
1509 4485 1625 4558 disputo

191 4583 226 4626 en
239 4567 393 4641 presencia
404 4566 439 4622 de
461 4564 574 4620 mochus
586 4563 717 4621 letrador
738 4561 916 4642 theologos-e
931 4563 1081 4632 inritant,
1098 4579 1132 4618 en
1150 4579 1204 4618 uno
1225 4567 1436 4642 congregacion
1455 4580 1508 4638 que
1526 4567 1626 4622 mondo

191 4665 223 4704 so
234 4645 388 4724 magatrod
397 4645 498 4712 joam
507 4643 536 4699 ei
549 4643 602 4700 orio
616 4644 650 4700 de
664 4640 739 4718 miiy
762 4643 921 4716 quintenros
924 4661 946 4718 y
965 4643 1113 4700 cinerente
1132 4659 1167 4699 en
1186 4641 1217 4697 la
1230 4643 1307 4699 villa
1323 4647 1358 4700 da
1371 4641 1549 4700 Vollodolid
1572 4646 1627 4702 orio

194 4741 282 4798 1552.
299 4725 357 4781 Sub
379 4722 466 4781 finem
482 4725 602 4796 legitur:
621 4721 659 4778 A
673 4721 737 4779 ioor
749 4741 770 4798 y
783 4721 888 4799 glorio
906 4723 940 4778 de
953 4731 1069 4778 noestro
1081 4723 1166 4777 seiior
1178 4721 1252 4795 Jeso
1267 4719 1418 4797 Chrirroy
1434 4723 1468 4780 de
1481 4723 1511 4778 lo
1522 4741 1628 4779 ααανα-

194 4806 312 4861 rirrr'ma
335 4803 442 4882 virgeo
461 4811 561 4858 toarcio
577 4801 681 4857 Mario
694 4819 727 4858 so
743 4804 849 4858 madre.
869 4801 933 4858 Fue
947 4798 1133 4874 impraescio
1145 4811 1277 4872 prorem
1290 4799 1360 4856 ohrn
1375 4818 1410 4858 en
1425 4799 1455 4856 io
1470 4819 1530 4878 nroy
1545 4801 1628 4859 noble

195 4899 288 4960 crouy
298 4881 359 4940 leel
372 4882 478 4940 medad
492 4882 527 4943 de
545 4879 667 4943 devilia
674 4919 686 4958 ,
704 4897 738 4942 en
750 4897 819 4941 cota
838 4881 872 4939 de
881 4878 1039 4939 Sebosrion
1048 4877 1188 4959 Trogillo
1202 4881 1358 4954 impressor
1372 4881 1406 4940 de
1420 4878 1629 4958 libroe‚fron-

257 4964 411 5050 Tomi.
873 4967 905 5047 L
1580 4966 1613 5004 ‘⁶'
