4294 5984
593 463 837 544 CAROLI
875 465 926 542 V.
972 466 1094 541 LIB.
1132 465 1185 544 V.
1508 475 1589 566 145

172 621 269 768 cipe
305 621 606 737 adolescente,
634 620 714 759 qui
749 615 1172 759 praeeratHispano
1209 613 1444 758 peditatui,
1475 657 1519 720 et
1545 635 1632 726 Ro

168 763 406 888 candulfo,
443 767 525 908 qui
553 773 878 863 Germanorum
913 799 1095 861 manum
1132 763 1300 864 circiter
1336 807 1406 864 sex
1443 760 1656 872 millium¹

165 912 386 1021 ducebat's
424 907 561 1010 ambo
597 907 716 1008 enim
751 905 968 1006 Carolum
1003 899 1173 1008 fuerant
1209 907 1257 1005 in
1284 908 1544 1047 Hispaniam
1582 913 1635 1013 er

163 1061 317 1200 Belgio
362 1055 716 1198 proficiscentem
759 1051 919 1150 secuti.
969 1048 1178 1152 Inethum
1221 1090 1357 1191 porro
1401 1053 1633 1157 Velascum

165 1202 374 1304 Castellae
405 1199 751 1303 Comestabilem
761 1272 775 1315 ,
804 1194 970 1294 tradita
991 1195 1167 1338 imperii
1204 1234 1395 1316 summa,
1428 1200 1483 1297 ad
1521 1239 1634 1300 exer-

165 1347 306 1449 citum
341 1381 454 1445 trans
496 1353 770 1478 Pyrenaeum
814 1377 1049 1480 properare
1091 1341 1249 1473 jubet,
1293 1376 1335 1439 et
1379 1340 1489 1482 quid
1534 1341 1632 1444 fieri

165 1492 288 1613 velit,
318 1487 536 1591 ostendit.
571 1486 675 1605 Ille,
709 1493 931 1620 Pyrenaeo
968 1483 1077 1583 saltu
1112 1523 1206 1584 non
1241 1483 1332 1586 sine
1369 1525 1535 1628 magno
1572 1487 1634 1588 la-

165 1632 277 1737 bore
322 1670 503 1776 propter
539 1667 722 1772 magnas
755 1627 876 1728 nives
908 1628 1190 1750 decidentes,
1231 1665 1275 1729 et
1305 1630 1511 1731 itinerum
1543 1627 1633 1732 dif-

166 1779 412 1878 ficultatem
453 1809 690 1916 superato,
739 1772 1016 1912 collectoque
1070 1775 1298 1893 exercitu,
1341 1776 1635 1878 Monleonem

155 1924 365 2062 ,primum
407 1958 561 2020 natura
604 1916 911 2056 praesidioque
952 1918 1178 2020 munitum
1220 1918 1443 2020 castellum
1494 1961 1636 2062 expu-

167 2066 354 2206 gnavit3
399 2063 559 2164 deinde
601 2059 885 2162 Salvaterram
922 2066 1062 2190 majus
1099 2061 1349 2200 oppidum,
1392 2066 1517 2204 quod
1558 2104 1638 2164 ca⁴

169 2243 251 2345 put
299 2241 387 2320 erat
424 2202 685 2305 Lebritensis
729 2201 1038 2343 Principatus,
1086 2237 1130 2301 et
1170 2200 1365 2303 firmiore
1416 2208 1635 2344 praesidio

171 2349 429 2467 tenebatur,
471 2344 698 2446 tormentis
740 2381 950 2484 quatere,
992 2383 1337 2488 oppugnareque
1377 2386 1637 2489 aggressus,

171 2492 231 2590 ad
268 2491 542 2590 deditionem
577 2487 823 2628 compulit,
858 2529 910 2589 ac
952 2522 1093 2588 totam
1134 2490 1426 2630 Aquitaniam
1468 2531 1637 2634 magno

174 2669 337 2733 terrore
380 2633 619 2734 concussit.
665 2643 878 2736 Ceterum
918 2628 1241 2773 praefectorum
1280 2672 1437 2734 coacto
1480 2636 1635 2736 conci·
1678 2720 1687 2746 ,

173 2775 268 2895 lio,
305 2814 409 2876 cum
446 2780 501 2877 de
537 2776 703 2876 ratione
739 2777 846 2878 belli
880 2778 1062 2919 gerendi
1098 2778 1327 2878 sententias
1363 2778 1636 2919 exquireret,

175 2917 384 3020 omnibus
421 2922 566 3019 visum
602 2958 694 3040 est,
729 2959 821 3020 non
858 2961 982 3062 posse
1019 2918 1179 3062 absque
1214 2961 1380 3062 magno
1422 2923 1636 3023 exercitus

173 3064 423 3164 discrimine
458 3098 548 3164 tam
582 3065 725 3164 alieno
762 3065 869 3164 anni
905 3101 1136 3204 tempore,
1172 3063 1399 3165 itineribus
1440 3066 1637 3206 impedi«.

172 3208 255 3328 tia,
294 3208 342 3306 in
377 3206 567 3306 Galliam
600 3201 860 3310 interiorem
894 3245 939 3308 et
973 3207 1219 3328 Tolosam,
1255 3243 1306 3309 ut
1328 3207 1493 3310 ¹rumor
1535 3203 1637 3309 fue⁴

172 3387 245 3451 rat
286 3349 553 3490 dissipatus,
599 3353 806 3493 procedi3
848 3353 1127 3453 commodius
1164 3393 1250 3452 esse
1286 3352 1367 3454 iter
1407 3364 1635 3455 Oceanum

171 3534 322 3596 versus
360 3528 642 3636 retorquere,
684 3534 728 3596 et
770 3497 1067 3599 Fonterabiam
1112 3494 1271 3596 urbem
1311 3497 1545 3600 littoralem
1588 3498 1634 3600 in

174 3637 276 3781 ipso
319 3637 560 3780 Hispaniae
604 3639 858 3780 Galliaeque
901 3639 1133 3761 confini0,
1176 3640 1212 3740 si
1254 3642 1416 3742 Carolo
1461 3639 1638 3741 Caesari

177 3783 240 3882 sic
272 3781 536 3924 placuisset,
573 3822 861 3928 oppugnares
897 3825 984 3927 qua
1020 3785 1226 3885 sententia
1251 3782 1415 3883 Carolo
1449 3782 1636 3918 perlata,

176 3960 310 4062 atque
348 3924 561 4064 probata,
605 3926 915 4030 Comestabilis
957 3971 984 4029 a
1027 3928 1256 4030 Salvaterra
1296 3963 1511 4043 movens,
1554 3967 1636 4026 co-

178 4067 275 4208 pias
303 4068 606 4172 Fonterabiam
632 4110 778 4172 versus
809 4072 1012 4186 deducit,
1048 4108 1213 4211 magno
1236 4077 1532 4201 jumentorum
1556 4107 1637 4168 nu·

177 4246 335 4327 mero,
388 4253 499 4353 quae
538 4208 811 4316 frumentum
850 4212 1227 4353 comportabant,
1280 4211 1370 4314 sine
1421 4211 1637 4352 praesidio

178 4351 504 4495 subsequente,
540 4396 653 4498 quae
688 4357 839 4458 omnia
874 4352 1048 4456 fuerunt
1081 4402 1108 4461 a
1140 4357 1273 4458 Gallis
1307 4357 1572 4497 intercepta,
1593 4390 1637 4458 et

177 4498 284 4600 inde
324 4535 484 4641 magna
523 4538 670 4604 rerum
712 4500 1041 4607 necessariarum
1080 4503 1234 4646 inopia
1275 4501 1323 4603 in
1364 4501 1518 4604 nostris
1559 4539 1638 4604 ca«.

182 4677 279 4744 strrs
317 4680 578 4745 consecuta.

269 4795 383 4888 VIII.
476 4789 681 4893 Kalendis
723 4789 921 4932 Januarii
960 4788 1225 4934 insequentis
1261 4783 1394 4914 anni,
1436 4787 1514 4939 qui
1555 4783 1640 4888 fuit

181 5009 190 5028 s
258 4930 369 5034 Tum.
389 4939 427 5040 1.
754 4933 758 4940 ’
1145 4943 1191 5045 'E
1513 4927 1653 5038 Chri--

1511 5311 1523 5350 0
