4368 5984
599 419 754 490 LXXIV.
971 425 1107 514 Jonu.
1125 427 1239 500 GEN.
1267 427 1513 500 SEPULVED
1527 431 1589 501 Aa

578 549 727 646 ssCasa)
742 609 754 651 ,
770 547 836 663 qui
857 545 1015 636 militum
1034 551 1292 665 Hispanorum
1322 551 1583 639 crudelitatem
1596 579 1636 638 et
1656 551 1850 640 avaritiam
1872 555 1909 641 in
1927 555 2021 648 bello

577 697 605 743 ss
616 663 809 752 barbarico
843 698 909 782 per
936 699 1125 756 summunt
1157 669 1381 776 artificium,
1416 671 1525 784 quod
1560 699 1679 755 unum
1716 671 1865 758 dieser
1895 703 2017 764 nomo

578 815 606 860 ss
623 783 833 890 meditatur,
850 787 1117 908 exagerando,
1142 788 1193 872 sic
1215 789 1364 874 illorum
1384 789 1477 874 odio
1506 787 1767 904 quorumdam
1792 791 1937 878 animm
1956 825 2019 881 oc·

579 902 803 1014 rr'cupavit,
829 927 873 990 ut
898 906 935 988 in
958 904 1104 1020 publica
1137 906 1312 1021 Principis
1341 929 1380 991 et
1403 905 1566 992 nationis
1585 935 1700 990 causa
1718 906 1886 992 ueritatis
1906 939 1948 994 ac
1967 910 2016 1022 ju·

499 1077 508 1089 .
579 1049 607 1096 si
620 1019 736 1104 stitiae
763 1020 890 1106 lumen
920 1024 1079 1134 aspicere
1108 1051 1186 1110 non
1216 1024 1365 1109 sinerer.
1397 1023 1473 1110 Sed
1498 1051 1546 1108 ne
1561 1023 1681 1136 ipsum
1716 1024 1871 1137 quidem
1894 1054 2017 1114 aucto·

579 1169 607 1214 as
620 1163 697 1220 rem
722 1139 819 1243 odi,
847 1140 912 1253 qui
939 1137 1090 1225 forsitan
1127 1141 1278 1227 meliore
1302 1140 1431 1226 animo
1452 1169 1570 1254 quam
1597 1140 1751 1226 consilio
1776 1142 1912 1228 ductus
1935 1170 2017 1252 estt

579 1283 850 1370 „quamquam
865 1259 904 1341 in
919 1287 968 1344 eo
984 1258 1154 1344 seditiose
1171 1256 1267 1344 facta
1284 1318 1297 1364 ,
1314 1283 1352 1343 et
1376 1257 1539 1343 sinistros
1558 1258 1598 1342 in
1622 1287 1683 1345 me
1712 1283 1811 1344 satos
1835 1289 1903 1374 per
1926 1260 2013 1374 inju-

579 1370 709 1457 stiam
729 1401 917 1462 sermones
933 1379 1092 1490 probate
1119 1405 1198 1462 non
1224 1406 1406 1491 possum,
1438 1404 1511 1488 pto
1539 1375 1678 1488 quibus
1707 1400 1836 1460 tamen
1864 1379 1898 1464 ei
1929 1379 2013 1464 mali

578 1519 607 1566 n
620 1488 707 1574 nihil
750 1493 889 1604 cupio,
920 1493 985 1580 sed
1014 1494 1139 1609 potius
1171 1500 1297 1579 Deum
1339 1520 1499 1605 precor,
1533 1517 1576 1577 ut
1605 1493 1670 1606 ipsi
1697 1493 1889 1580 meliorem
1907 1523 2011 1581 men·

577 1639 605 1685 u
616 1631 692 1691 tem
722 1611 926 1720 praebeat,
958 1640 1041 1726 quo
1067 1611 1182 1698 discat
1206 1609 1409 1724 aliquando
1432 1611 1574 1810 pulcras
1602 1611 1850 1726 cogitationes
1878 1615 2002 1698 turbu-
2084 1707 2085 1712 Ν

577 1755 606 1804 n
619 1723 724 1812 lentis
738 1728 892 1814 consiliis
906 1725 1137 1816 anteferte.“
1164 1723 1293 1843 Atque
1319 1727 1414 1812 haec
1459 1755 1480 1810 e
1505 1727 1602 1810 Cani
1618 1753 1656 1813 et
1672 1728 1905 1841 Sepulvedae
1928 1759 2014 1814 con·

576 1845 810 1952 certatione,
837 1846 898 1932 cui
929 1845 1161 1932 enarrandae
1183 1847 1266 1962 plus
1290 1841 1443 1931 fortasse
1467 1843 1680 1960 temporis,
1712 1875 1832 1962 quam
1859 1870 2007 1962 oporte·

576 1955 665 2064 bat,
692 1961 956 2076 impendimus.

664 2081 728 2165 Ad
752 2080 910 2168 alterum
938 2081 1130 2169 veniamus
1141 2079 1375 2196 Sepulvedae
1389 2078 1669 2184 adversarium,
1686 2079 1899 2166 Antonium
1913 2109 2012 2167 nem·

572 2219 623 2304 pe
638 2197 845 2303 Ramitum,
860 2198 1086 2314 Episcopum
1098 2200 1377 2315 segoviensem,
1386 2197 1453 2313 qui
1467 2195 1722 2282 elucubratam
1737 2200 1805 2283 abs
1820 2228 1859 2285 se
1875 2198 1925 2284 de
1941 2197 2014 2284 bel·

573 2305 614 2392 lo
645 2314 842 2402 barbarico
862 2318 1039 2404 adversus
1063 2317 1197 2401 librum
1213 2317 1264 2402 de
1268 2320 1388 2426 justit
1404 2309 1494 2399 tella·
1504 2323 1632 2398 causis
1648 2316 2004 2402 commentationem

570 2428 668 2516 misit
679 2435 729 2519 ad
743 2460 935 2522 auctorem
953 2459 1122 2518 nostrum
1139 2435 1344 2519 Cordubae
1360 2457 1660 2518 commorantem
1676 2459 1778 2518 anno
1797 2491 1815 2538 ,
1843 2433 1896 2518 uti
1926 2433 2008 2516 licet

569 2547 763 2658 conjicere,
782 2556 842 2636 M.
861 2557 911 2635 D.
926 2551 1066 2635 XLIX.
1090 2551 1193 2635 Hinc
1213 2550 1448 2636 occasionem
1464 2548 1616 2661 arripuit
1631 2550 1843 2664 Sepulveda
1854 2549 2011 2636 scriben-

568 2663 641 2748 dae
658 2665 914 2753 celebetrimee
928 2668 1019 2752 illius
1038 2689 1052 2728 ¹
1090 2669 1299 2778 Apologiae
1313 2695 1383 2781 pro
1400 2667 1494 2750 libro
1510 2666 1673 2779 superius
1690 2665 1869 2773 laudato,
1888 2695 2001 2782 quam

567 2781 654 2867 Vll.
669 2785 756 2870 Kal.
772 2791 873 2904 Sept.
890 2783 1042 2899 adjutis
1070 2786 1261 2904 utriusque
1277 2814 1325 2870 ac
1349 2784 1465 2870 totius
1484 2783 1715 2901 antiquitatis
1736 2784 1833 2870 inter
1858 2811 1997 2900 paucos

1080 2962 1081 2965 a
1959 2925 2005 2985 ca

607 3111 622 3156 r
664 3100 745 3159 Haec
764 3113 808 3160 est
828 3100 974 3178 Apologia
986 3103 1161 3180 nimquam
1178 3120 1246 3161 eum
1260 3103 1439 3160 Democeute
1457 3098 1603 3171 mumulo,
1623 3098 1689 3156 sire
1704 3097 1842 3179 Dialogo
1858 3100 1900 3157 de
1911 3095 2003 3169 iestis·

563 3167 638 3234 tetta·
657 3182 754 3238 causis
775 3184 917 3242 adversus
941 3183 1050 3254 ludos,
1076 3201 1161 3253 qitetn
1187 3187 1273 3256 paulo
1299 3193 1367 3238 ante
1389 3195 1476 3252 quam
1494 3179 1634 3236 latissime
1664 3179 1893 3252 descripsimus,
1916 3177 2002 3251 pleri·

562 3269 618 3326 que
636 3275 737 3316 omnes
754 3279 901 3337 perperam
924 3257 1104 3318 confundunt
1115 3301 1128 3333 ,
1140 3279 1210 3332 quos
1223 3277 1391 3318 enumerare
1405 3265 1525 3333 longum
1536 3271 1616 3316 esset
1629 3269 1660 3315 et
1673 3259 1880 3331 importunum.
1898 3259 2004 3316 Amol·

562 3334 616 3392 dus
634 3338 748 3414 Mylios
760 3341 832 3400 Aru.
850 3341 883 3399 F.
900 3343 942 3399 sie
962 3345 1101 3399 lectorem
1113 3341 1217 3398 affatur
1237 3356 1388 3415 pag.4ea.
1411 3337 1548 3396 editionis
1569 3353 1690 3411 operum
1709 3339 1895 3412 Sepulredae
1906 3335 2002 3395 Colo·

561 3414 687 3478 niensis:
708 3415 845 3494 Scripsit
859 3419 1000 3482 Generius
1016 3419 1184 3494 Sepuloerlu
1197 3419 1345 3500 dialogum
1365 3417 1488 3478 alterum
1502 3419 1539 3474 de
1551 3417 1634 3490 justis
1648 3417 1718 3474 belli
1738 3419 1850 3490 causis,
1870 3434 1931 3493 que
1951 3415 2002 3472 iu·

560 3498 687 3570 scripsit
701 3501 895 3560 Democrates
908 3501 1070 3571 secundus,
1083 3501 1115 3558 iu
1124 3517 1179 3575 quo
1197 3503 1284 3558 istum
1297 3500 1488 3574 qruemiunem
1501 3498 1680 3570 pariseorum
1694 3496 1861 3570 explicavit
1875 3514 1885 3554 t
1898 3497 1948 3553 An
1959 3495 2003 3550 li-

557 3591 625 3635 etot
646 3582 722 3638 bello
744 3583 834 3638 Indos
847 3582 999 3655 prosequi,
1012 3578 1169 3637 auferendo
1181 3581 1270 3637 abeis
1282 3579 1410 3636 dominia
1427 3579 1692 3651 possessionesque,
1711 3591 1744 3633 et
1764 3578 1840 3636 bona
1854 3590 2001 3648 tempora-

527 3721 528 3724 ,
556 3659 598 3716 lia
606 3702 618 3737 ‚
636 3662 665 3720 uz
675 3663 833 3720 occidendo
846 3679 897 3718 eos
909 3661 933 3716 si
947 3660 1143 3716 resistentiam
1159 3661 1341 3734 apposuerint
1356 3697 1369 3730 ,
1384 3671 1415 3714 ut
1431 3656 1473 3715 sic
1489 3657 1605 3729 spoliati
1621 3669 1653 3714 et
1664 3655 1785 3730 subjecti
1797 3697 1809 3728 ,
1822 3655 1936 3714 facilius
1953 3668 2000 3725 per

556 3743 770 3813 praedicatores
783 3741 935 3799 suadeatur
954 3737 996 3795 eis
1010 3737 1089 3796 fides.
1109 3740 1159 3796 De
1172 3755 1226 3813 que
1242 3738 1443 3795 controuersia
1463 3738 1530 3810 quio
1544 3745 1610 3793 tunc
1625 3737 1826 3814 gravissimae
1848 3744 1930 3794 eram
1944 3733 2001 3787 do-
2045 3737 2048 3746 ’

555 3829 666 3880 crorum
687 3822 917 3894 disputationes,
937 3816 1028 3875 latuit
1051 3819 1091 3876 od
1102 3829 1210 3891 tempus
1226 3817 1304 3875 liber
1320 3819 1398 3874 inter
1409 3819 1564 3889 priamus,
1581 3817 1669 3872 donec
1682 3816 1762 3872 uicit
1778 3831 1874 3872 eorum
1886 3821 1998 3870 teuteu-

555 3899 600 3955 tiu
620 3903 671 3976 qui
683 3895 883 3978 publicandum
898 3895 1116 3957 existimabunt,
1128 3895 1240 3954 Editus
1256 3897 1412 3978 igiturest
1429 3895 1539 3953 Romae
1551 3905 1670 3952 curante
1682 3894 1813 3953 Antonio
1829 3890 1997 3972 Augustino

554 3984 638 4038 socri
650 3981 769 4052 Palatii
784 3981 938 4050 auditore,
953 3978 1006 4035 red
1023 3995 1084 4033 cum
1094 3979 1172 4034 inter
1185 3975 1281 4035 Italos
1294 3973 1417 4033 matrimi
1429 3985 1459 4034 et
1473 3975 1624 4046 Hispanos
1638 3976 1699 4032 istu
1714 3974 1915 4032 controversia
1930 3983 1996 4048 age·

552 4071 639 4121 retur
647 4101 658 4132 ‚
675 4072 705 4120 et
721 4073 815 4134 mutu
829 4059 974 4116 adnodmrt
987 4055 1167 4130 exemplaria
1180 4073 1287 4114 excuso
1299 4065 1395 4114 essent
1408 4093 1422 4127 ,
1433 4055 1473 4110 ud
1490 4063 1607 4112 eeteros
1619 4069 1672 4110 narr
1681 4055 1854 4128 potuerint,
1872 4051 1995 4122 adeoque

550 4139 584 4196 itt
602 4143 678 4214 ipsis
695 4139 892 4212 Hispanorum
908 4133 1035 4194 munibus
1050 4135 1214 4194 intercidit.
1229 4135 1344 4192 Damus
1358 4151 1432 4214 ergo
1444 4134 1535 4191 irtt'trr
1544 4131 1624 4190 libri
1632 4132 1817 4212 apologiam,
1831 4149 1886 4208 quo
1901 4123 1995 4185 libel-

549 4216 608 4277 lttm
623 4238 701 4278 mm
719 4229 822 4278 contro
837 4216 1059 4294 oppugnantium
1072 4217 1201 4273 rationes
1223 4211 1367 4289 defendit.
1384 4213 1504 4271 Fruere
1517 4212 1645 4285 Lector,
1659 4221 1690 4270 et
1705 4215 1736 4270 ti
1748 4226 1804 4287 per
1817 4223 1847 4270 re
1856 4209 1932 4268 editi
1947 4203 1994 4261 lt·

549 4296 623 4358 tella·
637 4298 794 4372 exemplum
816 4295 923 4353 balim
934 4293 1083 4362 licuerit,
1100 4296 1237 4352 devinces
1254 4310 1304 4350 nos
1317 4291 1376 4350 tibi
1393 4293 1529 4350 memoria
1540 4289 1676 4365 beneficii
1695 4293 1881 4366 sempiterno.
1903 4283 1993 4346 Colo·

547 4379 614 4437 niue
632 4379 787 4452 Ubiorum:
802 4376 929 4435 Videtur
941 4375 1114 4430 dormitasse
1137 4375 1273 4449 Mylius,
1293 4389 1359 4430 cum
1372 4373 1443 4429 haee
1459 4371 1597 4444 scripsit:
1617 4387 1686 4429 narn
1702 4371 1726 4428 si
1746 4384 1860 4430 attente
1880 4367 1994 4438 legisset

546 4455 622 4514 Ant.
641 4459 796 4532 Augustini
812 4455 958 4528 Epistolas
968 4491 979 4525 ,
994 4469 1067 4525 quae
1078 4453 1279 4528 apologiam,
1296 4469 1382 4524 quarn
1395 4469 1431 4509 eo
1442 4452 1495 4508 ioci
1515 4453 1566 4507 abs
1575 4468 1606 4508 se
1619 4451 1697 4508 edita
1715 4463 1760 4508 est
1770 4494 1780 4526 ,
1797 4441 1990 4508 comitaturis

545 4538 634 4610 priori
650 4539 799 4610 editione,
815 4548 845 4592 er
862 4534 940 4590 inter
956 4532 1082 4590 auctoris
1096 4533 1233 4606 epistolas
1248 4532 1353 4604 legitur
1365 4533 1396 4586 in
1409 4529 1513 4588 edent
1521 4530 1649 4587 editione
1663 4529 1836 4590 Coloniensi
1848 4545 1914 4605 pag.
1924 4533 1989 4593 υς.

543 4610 596 4674 aba
616 4617 701 4674 dubio
719 4617 885 4684 didicisset,
901 4612 1032 4668 libellum
1044 4611 1082 4667 ab
1095 4610 1168 4668 Ant.
1186 4611 1351 4686 Augustino
1363 4609 1477 4666 Rornae
1491 4609 1602 4667 editum
1617 4627 1677 4667 non
1690 4607 1778 4669 fuisse
1788 4611 1988 4667 Democratem

542 4697 709 4769 secuudum,
723 4699 773 4754 sed
790 4695 865 4752 hane
878 4693 970 4766 ipsam
981 4704 1037 4764 pro
1049 4688 1129 4747 libro
1146 4689 1282 4760 otram
1294 4686 1368 4747 belli
1384 4689 1481 4745 causis
1492 4687 1672 4768 Apologiam
1680 4729 1690 4762 ,
1701 4692 1815 4762 quaein
1827 4681 1987 4747 cannen·

541 4775 568 4831 ai
579 4789 701 4848 operum
721 4774 841 4833 Genesii
855 4771 1031 4830 collectione
1043 4781 1164 4842 occupat
1178 4786 1196 4825 a
1211 4785 1274 4842 pag.
1287 4782 1356 4841 423.
1377 4768 1413 4824 ad
1427 4781 1496 4842 445.
1511 4767 1581 4826 Post
1597 4769 1686 4843 Mylii
1700 4769 1911 4842 praefationem
1926 4774 1985 4815 oo·

540 4865 590 4911 rea
607 4859 728 4914 allatam
742 4859 876 4934 legantur
889 4850 996 4911 Alteri
1009 4845 1141 4908 Gotaetli
1160 4848 1248 4907 verba
1260 4848 1400 4923 quaedam
1417 4847 1549 4926 proxime
1563 4849 1641 4908 inter
1648 4848 1765 4922 iudicio
1783 4867 1802 4912 a
1821 4844 1905 4907 autu
1918 4837 1984 4900 col·

538 4935 671 4998 luenda
