4368 5984
716 459 836 531 VITA
860 452 925 531 ET
949 453 1161 532 SCRIPTA.
1531 463 1624 533 XIX.

185 577 324 672 Christi
354 585 434 674 nati
464 583 680 674 millesimus
715 583 1035 702 quingentesimus
1059 582 1251 672 vicesimus
1282 607 1406 674 nonus
1423 641 1438 692 ‚
1457 581 1544 672 illuc
1574 614 1645 702 ap·

206 705 345 794 ulerat.

181 739 206 824 p
267 824 456 914 Carolum
484 854 507 911 e
540 829 683 912 Genua
706 823 937 912 Placentiam
958 841 972 882 ¹
996 823 1203 941 digressum
1236 846 1385 910 secutus
1425 848 1481 910 est
1512 823 1641 939 Sepul-

176 947 278 1034 veda
306 947 417 1032 simul
444 974 533 1030 cum
549 945 777 1064 Quignonio
803 942 1007 1034 Cardinali.
1034 949 1240 1059 Namque,
1272 969 1318 1031 ut
1349 943 1428 1057 ipse
1460 967 1640 1034 testatum

176 1064 328 1182 reliquit
345 1083 363 1122 ²
383 1066 423 1150 in
450 1065 608 1181 epistola
635 1067 683 1152 ad
714 1064 914 1154 Albertum
945 1062 1079 1168 Pium,
1112 1061 1638 1174 Meteornlcgiamhristotelit

180 1185 418 1272 inlatinum
442 1212 665 1272 conversam
688 1201 706 1260 3
727 1184 871 1270 Carolo
887 1183 1037 1268 Caesari
1052 1181 1216 1287 dicavit,
1233 1204 1272 1266 et
1289 1179 1497 1270 Placentiae
1518 1181 1638 1270 dedit.

177 1304 300 1392 Paulo
317 1329 405 1420 post
420 1305 598 1390 eumdem
620 1305 671 1391 ad
687 1301 880 1388 bellumin
896 1309 1038 1386 Turcas
1056 1299 1246 1386 Viennam
1271 1302 1485 1389 obsidentes
1500 1299 1638 1387 orario·

177 1451 227 1509 ne
253 1449 311 1509 est
325 1424 577 1530 adhortatus,
602 1452 720 1540 quam
745 1421 955 1508 amicorum
982 1420 1138 1506 hortatu
1165 1421 1204 1506 in
1219 1419 1344 1506 lucem
1370 1419 1501 1507 emisit.

275 1547 327 1627 Et
341 1543 610 1651 Mereorologia
630 1541 786 1659 quidem
802 1569 884 1627 non
900 1539 967 1626 nisi
998 1539 1143 1654 aliquot
1158 1563 1244 1655 post
1268 1539 1373 1626 annis
1387 1539 1509 1626 lucem
1526 1539 1636 1644 vidit,

182 1659 213 1744 si
243 1659 361 1774 prima
389 1660 468 1774 ejus
499 1685 556 1746 est
579 1661 696 1747 editio
710 1658 916 1747 Parisiensis
940 1686 1030 1746 ann.
1052 1686 1174 1768 1532.
1209 1657 1313 1771 cujus
1343 1657 1546 1746 meminere
1561 1661 1634 1744 Fa·

185 1778 340 1887 bricius,
371 1796 392 1853 4
412 1804 450 1866 et
475 1778 657 1866 Nicolaus
684 1779 886 1867 Antonius.

269 1899 503 1986 Cohortatio
534 1927 627 1986 vero
664 1903 718 1982 ad
744 1900 950 1986 Caroluml
971 1899 1019 1984 V.
1045 1897 1308 2008 Imperatorem
1325 1904 1633 2003 invictissimum,

178 2032 254 2123 ut,
276 2016 398 2124 fhoca
429 2047 512 2103 cum
533 2019 698 2105 omnibus
715 2017 949 2102 Christianis
970 2035 1096 2128 paee,
1114 2019 1244 2100 bellurn
1261 2025 1447 2126 suscipiat
1475 2024 1515 2100 in
1533 2018 1631 2100 Tur·

177 2162 274 2242 cas,
304 2167 438 2226 excusa
453 2161 511 2224 est
537 2139 699 2252 primum
715 2137 904 2222 Bononiae
919 2145 960 2220 in
991 2138 1147 2220 aedibus
1176 2135 1239 2250 Jo.
1257 2137 1461 2247 Baptistae
1478 2129 1630 2226 enarr

179 2281 267 2339 arrn.
285 2259 345 2341 M.
358 2261 411 2343 D.
421 2259 566 2344 XXIX.
593 2255 632 2341 in
662 2255 708 2366 4⁰
730 2255 868 2342 deinde
881 2255 920 2340 in
934 2253 1154 2342 collectione
1171 2255 1316 2342 Colon.
1345 2261 1406 2341 De
1419 2253 1529 2366 hujus
1546 2283 1632 2340 ora·

183 2370 296 2458 tionis
325 2398 549 2493 argumento
576 2377 670 2460 haec
697 2375 853 2460 habeto.

270 2495 394 2609 Capta
407 2525 430 2580 a
444 2495 575 2581 Turcis
587 2494 726 2600 Buda,
753 2493 960 2611 iisdemque
983 2491 1034 2578 ad
1063 2491 1234 2579 Viennae
1250 2493 1485 2582 obsidionem
1501 2519 1634 2607 prope·

179 2610 373 2719 rantibus,
408 2643 497 2700 cum
532 2613 672 2700 bellum
700 2614 776 2700 toti
802 2613 885 2700 orbi
908 2612 1254 2718 extimescendum,
1286 2642 1331 2699 ac
1357 2609 1553 2729 praecipue
1571 2639 1633 2696 re-

176 2728 305 2845 ligioni
327 2731 525 2836 exitiosum
551 2733 744 2819 imminere
780 2731 1095 2821 animadverteret
1117 2732 1302 2819 Genesius
1328 2795 1340 2839 ,
1373 2759 1525 2818 suatum
1554 2757 1633 2816 esse

179 2849 343 2960 partium
370 2850 509 2955 duxit,
536 2857 839 2968 Imperatorem,
863 2851 930 2967 qui
960 2849 1076 2967 paulo
1101 2844 1188 2937 ante
1213 2852 1364 2966 optimis
1393 2848 1557 2964 auspiciis
1585 2876 1631 2936 ac

179 2966 394 3056 Christiano
426 2970 573 3088 populo
607 2971 825 3057 salutaribus
853 2969 997 3056 ltaliam
1032 2969 1269 3084 appulerat,
1299 2998 1399 3086 quae
1426 2968 1491 3054 sibi
1514 2965 1630 3053 solici-

177 3106 216 3170 te
240 3086 289 3171 de
318 3087 618 3176 Christianorum
642 3093 754 3177 rebus
784 3113 823 3175 et
851 3087 1059 3174 imminenti
1076 3087 1239 3203 periculo
1266 3085 1537 3174 commentanti
1551 3112 1632 3172 non

178 3201 319 3290 inutilia
353 3206 430 3294 visa
459 3233 616 3312 essent,
655 3209 704 3294 de
733 3239 880 3293 summa
921 3236 1047 3295 rerum
1083 3207 1359 3304 consultantem
1410 3206 1629 3292 admonere.

176 3323 310 3437 ltaque
333 3324 537 3411 dicendum
565 3327 631 3412 sibi
662 3351 795 3412 auctor
820 3327 1051 3441 proposuit,
1084 3325 1245 3440 primum
1278 3323 1328 3412 de
1358 3353 1496 3442 genere
1528 3323 1627 3430 belli,

177 3439 314 3528 deinde
330 3443 380 3529 de
392 3450 603 3530 Turcarum
619 3471 913 3562 nostrorumque
925 3444 1063 3532 viribus
1079 3472 1123 3529 ac
1148 3441 1394 3532 facultatibus.
1412 3443 1527 3529 Priori
1544 3471 1628 3558 par·

179 3582 216 3644 te
233 3585 483 3679 posteaquam
498 3562 611 3674 justas
628 3566 775 3680 aliquot
793 3564 881 3650 belli
896 3563 973 3652 sive
988 3559 1169 3649 inferendi
1183 3563 1259 3652 sive
1280 3561 1524 3679 propulsandi
1538 3589 1626 3647 cau·

179 3705 234 3764 sas
263 3683 528 3788 enumeravit,
559 3682 649 3796 nihil
678 3683 832 3798 aequius
861 3711 940 3769 esse
970 3706 1107 3797 putat,
1137 3711 1255 3798 quam
1284 3683 1312 3768 si
1340 3679 1511 3785 bellum,
1544 3708 1626 3794 quo

180 3797 379 3886 Christiani
395 3801 567 3889 homines
581 3832 605 3888 a
620 3803 1001 3890 barbaraTurcarum
1027 3801 1259 3888 immanitate
1275 3797 1517 3903 infestantur,
1535 3826 1625 4002 pepl-

1013 3921 1091 4006 Ca
1543 3947 1569 4031 p
1609 3965 1627 3982 ·

220 4081 234 4120 1
278 4061 446 4138 Sepulveda
461 4065 491 4124 in
503 4065 709 4149 Antapnlagia
728 4069 799 4126 haee
812 4067 901 4126 habet
916 4084 925 4127 r
947 4064 1075 4127 Memini
1092 4067 1165 4125 enim
1183 4062 1381 4133 Placentiae,
1404 4077 1466 4119 cum
1479 4077 1512 4120 eo
1521 4072 1628 4135 perne·

175 4141 267 4202 nisset
287 4144 468 4204 Franciscur
490 4145 677 4230 Qnignonius
692 4149 727 4210 S.
739 4147 845 4209 Crucis
867 4147 1039 4208 Cardinalis
1048 4187 1059 4219 ,
1079 4164 1159 4220 quem
1180 4142 1349 4222 litterarum
1363 4159 1400 4200 ac
1421 4143 1512 4200 amnis
1531 4143 1628 4200 virtu-

176 4223 221 4279 tis
228 4221 379 4300 fautorem
395 4230 547 4308 egregium
567 4229 693 4290 Stunica
710 4241 741 4288 er
756 4247 811 4309 ego
831 4227 1044 4305 sequebamur,
1068 4227 1099 4280 in
1112 4222 1260 4304 legatione
1280 4222 1339 4283 illa
1359 4261 1370 4296 ‚
1393 4239 1448 4298 qua
1469 4239 1532 4279 cum
1554 4222 1625 4278 duo-

175 4299 231 4359 bus
243 4303 366 4386 collegis
380 4324 418 4367 ert
431 4325 509 4367 more
525 4327 543 4366 a
560 4307 704 4368 Clemente
718 4306 863 4381 Pantifice
878 4309 964 4364 Max.
979 4304 1094 4363 obviam
1108 4303 1213 4364 Cnrolo
1227 4303 1350 4365 Caesari
1363 4300 1553 4372 mittebatur,
1567 4299 1626 4359 lit·

174 4393 260 4441 tcrus
281 4389 416 4462 quasdam
435 4398 501 4447 tuae
513 4389 627 4449 uidisse
636 4429 647 4462 ,
669 4388 771 4464 quihus
783 4389 852 4446 vira
868 4387 999 4459 erudito,
1022 4386 1121 4462 tuique
1139 4385 1352 4444 studiosissimo
1365 4419 1376 4456 ,
1390 4379 1440 4442 At
1459 4399 1525 4440 anso
1543 4379 1628 4439 Val-

173 4463 255 4522 deeio
269 4463 408 4525 Caesaris
421 4485 439 4525 n
456 4471 603 4544 secretis,
616 4470 656 4528 ad
672 4485 735 4528 enm
753 4463 907 4542 epistolam
926 4466 1138 4542 respondebas,
1161 4467 1193 4524 in
1209 4484 1265 4542 qua
1286 4467 1350 4541 ipse
1365 4463 1406 4520 ad
1418 4472 1448 4522 te
1458 4461 1546 4536 paulo
1559 4473 1627 4522 ante

172 4545 336 4619 scripserat
347 4549 379 4606 in
391 4550 529 4608 mentione
541 4553 687 4610 domorum
700 4549 840 4608 bominum
852 4546 1005 4608 Stunicam
1014 4558 1045 4608 et
1053 4546 1204 4609 Genesium
1213 4565 1246 4606 se
1263 4545 1438 4604 Placentiae
1450 4545 1626 4603 conuenisse.

215 4643 233 4682 c
276 4627 370 4702 Epist.
386 4633 437 4686 ult.
454 4631 503 4688 lib.
517 4651 541 4688 1.
558 4650 630 4706 quae
647 4634 717 4689 lieet
733 4644 813 4689 caret
827 4629 1038 4706 inscriptione,
1058 4629 1159 4687 eodem
1173 4645 1251 4686 anno
1267 4640 1351 4703 1529.
1366 4623 1481 4682 videtur
1500 4636 1628 4684 aerata.

213 4723 231 4781 3
272 4707 378 4766 Mirari
395 4710 497 4784 subit,
519 4728 569 4768 eur
589 4717 700 4772 nullum
716 4713 770 4770 hac
789 4712 825 4768 de
842 4729 873 4770 rc
894 4711 1013 4770 verbum
1034 4708 1139 4770 feeerit
1159 4707 1302 4767 Genesius
1322 4708 1355 4768 in
1375 4703 1476 4765 Caroli
1494 4704 1638 4777 historia,¹

171 4787 239 4858 quin
256 4787 460 4847 Placentinum
473 4791 533 4868 ejus
545 4791 601 4850 iter
614 4811 705 4868 paene
716 4793 825 4851 omisit.

214 4883 235 4941 4
273 4870 350 4927 Bibl.
366 4867 473 4931 Graec.
486 4887 508 4930 t.
520 4890 549 4931 a.
567 4891 595 4949 p.
613 4891 677 4950 rep.
1551 4905 1554 4912 ’

212 4960 228 5022 ς
270 4950 450 5008 Asservatur
463 4953 555 5027 prima
571 4953 654 5030 hujus
676 4954 820 5012 orationis
838 4951 936 5012 ‘editio
957 4951 1076 5012 Matritl
1097 4951 1129 5011 in
1148 4953 1257 5014 selecta
1280 4949 1401 5009 Parrum
1418 4945 1629 5026 Benedictino·

168 5044 233 5086 rum
246 5032 421 5088 monasterii
445 5033 485 5091 D.
504 5033 627 5092 llllartlnl
645 5035 853 5110 Bibliotheca,
874 5038 973 5110 pluteo
989 5049 1053 5113 κῃ.
