4294 5972
603 425 845 510 CAROLI
888 431 939 514 V.
974 433 1093 512 ΗΒ.
1140 436 1189 510 Χ.
1507 432 1593 526 337

188 620 424 728 asportare.
463 583 530 686 Sic
567 587 736 726 oppido
774 587 964 705 tradito,
1001 592 1170 686 Tutcae
1206 619 1356 686 omnes
1372 662 1388 705 ,
1427 621 1523 688 tum
1557 593 1636 752 qui

219 729 402 830 taesidio
439 763 557 829 erant
592 728 802 847 castello,
846 764 942 828 tum
986 727 1119 827 ctiam
1168 729 1380 868 oppidani
1430 770 1533 831 cum
1576 733 1632 834 li-

185 767 296 981 betis
335 909 378 971 et
413 870 622 972 uxoribus
659 872 802 974 onus'ti
851 873 953 974 dato
997 869 1158 1009 viginti
1200 909 1387 1009 quatuor
1423 872 1631 978 horarum

185 1015 324 1156 spatio
376 1015 634 1122 discedunti
678 1055 779 1116 nain
825 1013 979 1115 Graeci
1015 1011 1247 1114 Christiani
1283 1010 1369 1114 fere
1406 1056 1508 1117 cuni
1543 1020 1629 1120 Hi·

186 1197 420 1300 spanorum
457 1158 672 1320 praesidio
709 1157 981 1259 restiterunt.
1009 1167 1140 1255 Fuere
1165 1193 1313 1258 tamen
1342 1158 1501 1259 milites
1524 1202 1629 1301 pau-

185 1301 230 1402 lo
266 1304 466 1466 praedae
485 1301 760 1444 cupidiores,
798 1303 877 1442 qui
913 1337 1068 1441 pueros
1095 1300 1264 1439 aliquot
1289 1302 1345 1399 ad
1379 1305 1628 1407 servitutem

184 1443 466 1546 abstractos
454 1485 502 1547 in
546 1485 676 1546 naves
718 1442 956 1551 abderents
1002 1453 1123 1574 cujus
1174 1481 1236 1542 rei
1282 1437 1420 1545 factus
1465 1449 1627 1550 certior

181 1587 350 1707 Doria,
386 1588 772 1728 molestissimeque
805 1582 942 1688 ferens
979 1623 1128 1686 contra
1163 1594 1229 1716 jus
1255 1587 1463 1744 ‘gentium
1492 1588 1626 1694 fidem

183 1665 381 1836 hostibus
417 1737 565 1836 datam
602 1732 757 1832 violati
775 1732 1041 1872 ,diligenter
1065 1729 1336 1868 conquisitos
1371 1767 1529 1868 pueros
1578 1733 1627 1837 in

181 1910 311 1974 unam
347 1876 572 1979 triremem
606 1874 825 2013 imponits
871 1875 931 1972 ita
974 1912 1107 2012 prope
1154 1869 1414 1971 Mathonem
1457 1876 1627 1979 devecti

181 2018 453 2157 expositique
490 2016 612 2149 (huc
639 2016 759 2116 enim
787 2008 875 2114 fere
901 2053 987 2113 sese
1014 2013 1226 2154 oppidani
1251 2020 1569 2156 receperant)
1558 2058 1625 2120 in-

180 2159 372 2258 columes
407 2161 464 2262 ad
500 2198 598 2262 suos
634 2194 942 2297 pervenerunt

249 2310 446 2403 XXXV.
521 2312 698 2405 Corone
733 2336 935 2443 recepta,
959 2335 1190 2446 rursusque
1215 2334 1370 2398 coacto
1415 2299 1624 2424 concilio,

178 2441 342 2582 placuit
375 2485 474 2545 eam
508 2444 812 2583 Hispanorum
850 2482 1053 2561 manum,
1091 2479 1201 2579 quae
1237 2437 1378 2543 fuerat
1420 2485 1444 2540 e
1480 2446 1624 2546 Sicilia

180 2586 393 2706 deducta,
430 2625 622 2728 quorum
659 2625 860 2687 numerus
896 2625 987 2687 etat
1025 2583 1214 2685 mille
1178 2583 1343 2686 circiter
1388 2586 1623 2729 octingen-

180 2764 356 2850 torum,
393 2732 448 2829 ad
485 2729 747 2870 praesidium
782 2730 939 2890 pppidi
975 2726 1185 2865 relinqui,
1227 2763 1269 2827 et
1304 2767 1407 2828 cuni
1445 2730 1623 2870 reliquis

179 2872 318 3011 copiis
354 2881 523 2992 Patras,
553 2870 797 2973 nobilem
785 2911 833 2972 in
868 2912 943 2972 ota
964 2870 1251 3009 Peloponnesi
1282 2872 1625 3033 opulentamque

178 3010 335 3114 urbem
369 3017 598 3158 navigare.
637 3023 735 3114 Nec
770 3015 961 3156 Hispani
995 3013 1232 3151 imperium
1270 3051 1472 3154 quamvis
1508 3011 1621 3118 diffi-

178 3155 260 3256 cile
301 3194 344 3257 et
389 3160 679 3298 periculosum
724 3162 1036 3260 detrectarunt
1061 3157 1236 3319 Igitur
1273 3193 1523 3262 commeatu
1576 3195 1621 3260 et

177 3300 398 3438 stipendio
434 3303 611 3441 aliisque
647 3299 803 3422 rebus,
832 3343 945 3444 quae
979 3299 1077 3400 usui
1092 3299 1336 3459 praesidio
1354 3295 1528 3422 forent,
1549 3343 1622 3402 ex·
1668 3345 1672 3362 ·

176 3443 336 3580 peditis
373 3480 416 3544 et
452 3444 628 3584 reliquis
663 3446 921 3548 militibus
911 3441 1155 3584 impositis,
1175 3478 1269 3544 tota
1293 3444 1431 3550 classis
1465 3444 1520 3541 ad
1545 3479 1621 3546 oc·
1681 3529 1688 3544 ,

177 3623 323 3684 casum
359 3625 502 3684 versus
558 3585 896 3726 proficiscitur,
941 3581 1260 3727 Xanthumque
1311 3624 1619 3728 praetergressa

172 3734 266 3859 jain
301 3727 381 3825 iter
410 3729 540 3828 tridui
576 3731 765 3830 secundo
790 3730 893 3832 llaru
926 3767 1210 3870 processerat,
1238 3771 1262 3828 e
1294 3767 1619 3868 conspectuque

174 3875 396 3969 Partatum
432 3872 665 4012 tranquillo
697 3875 807 3974 mati
841 3870 1088 3990 ferebatur,
1113 3911 1216 3972 cum
1242 3907 1417 4010 repente
1453 3904 1617 3971 tremor
1655 3941 1657 3948 ,

174 4011 403 4150 quidam
392 4015 616 4116 inusitatus
653 4052 697 4116 er
732 4015 1011 4120 terraemotui
1051 4013 1294 4112 simillimus
1346 4051 1499 4112 omnes
1542 4051 1619 4112 na

173 4192 247 4254 ves
282 4155 469 4278 invasit,
503 4158 762 4298 alternisque
796 4159 990 4270 motibus
1026 4153 1215 4258 vibratas
1253 4193 1484 4296 parumper
1512 4194 1620 4256 con-

173 4297 331 4419 cussit,
368 4298 574 4403 omnibus
611 4337 707 4400 tum
744 4301 988 4418 militibus,
1033 4335 1131 4400 tum
1166 4299 1298 4399 etiam
1341 4298 1481 4398 nautis
1516 4337 1616 4459 pet

172 4441 296 4540 culsis
346 4483 395 4542 ac
436 4446 497 4543 tei
533 4445 776 4548 novitatem
817 4439 1173 4563 demirantibus,
1219 4439 1334 4541 ob
1323 4441 1618 4582 ignorantiam

172 4583 334 4684 scilicet
369 4585 567 4725 physicae
603 4590 810 4708 rationis,
837 4629 949 4731 quae
984 4590 1115 4688 docet
1150 4519 1251 4687 iales
1286 4621 1464 4700 motus,
1493 4619 1542 4682 ut
1568 4584 1617 4684 in

172 4758 309 4844 terta,
329 4727 389 4827 sic
416 4731 678 4840 interdum
668 4773 716 4836 in
742 4772 849 4838 inari
833 4733 926 4838 ab
962 4731 1214 4873 eisdemque
1238 4730 1373 4836 causis
1402 4727 1613 4830 exsistere.

242 4869 352 4970 Tum.
372 4879 406 4972 1.
1013 4883 1103 4978 Vv
1402 4875 1615 4975 XXXVI.
