4326 5986
574 441 661 566 37⁶
980 453 1065 538 un
1105 452 1305 582 nunnus
1329 450 1568 536 ensrts

531 649 685 758 petum
718 604 885 714 circiter
920 612 1148 756 octoginta
1183 612 1446 712 Nomadum
1470 607 1771 729 sustinerent,
1805 645 1851 711 et
1889 649 1989 753 pro-

530 793 712 859 stratum
746 757 995 874 Xuarium,
1028 755 1231 898 quamvis
1267 753 1450 854 letaliter
1494 752 1770 854 vulneratum
1814 752 1982 858 subtra-

533 901 715 1003 herent.
767 911 948 1002 Horum
983 896 1140 1019 firete,
1176 909 1280 1000 cum
1321 935 1449 1038 supra
1490 897 1746 998 memoratis
1790 898 1981 1034 Jacobus

533 1046 760 1146 Mendoza
795 1043 1049 1146 bernardini
1082 1037 1243 1162 frater,
1270 1045 1463 1176 Joannes
1497 1052 1680 1165 Gutta,
1708 1049 1859 1144 Petrus
1894 1055 1984 1147 Go-

536 1191 692 1321 dojus,
727 1189 805 1328 qui
841 1189 1045 1328 equitum
1080 1187 1284 1287 ordinem
1320 1183 1535 1304 ducebat,
1569 1183 1815 1286 Franciscus
1849 1201 1987 1290 Bena-

537 1334 694 1450 vides‚
735 1369 778 1430 et
820 1331 995 1432 Garcias
1035 1340 1223 1450 Lassus,
1261 1326 1404 1429 nobili
1446 1365 1602 1470 genere
1644 1329 1772 1450 nati,
1811 1367 1862 1430 ut
1908 1333 1987 1432 de⁴

428 1567 430 1574 .
536 1511 827 1579 monstratum
862 1510 955 1595 cst,
988 1467 1304 1613 fortissimique
1341 1471 1450 1574 viri.
1497 1482 1560 1572 Ea
1595 1509 1746 1614 pugna
1779 1468 1988 1576 Alfonsus
2138 1493 2139 1496 ‘

394 1745 405 1760 x
538 1629 691 1722 Cueva
734 1616 881 1720 multis
918 1617 1055 1759 plagis
1101 1612 1354 1719 confossum
1389 1654 1557 1757 equum
1598 1614 1772 1718 amisit:
1814 1619 1987 1718 Careias

538 1773 686 1884 Lassus
723 1801 800 1864 ore
835 1801 1004 1879 unum,
1033 1758 1212 1865 brachio
1238 1759 1396 1864 vulnus
1420 1759 1607 1860 alterum
1634 1757 1829 1902 accepit:
1866 1771 1987 1862 Xua·
2139 1827 2140 1830 κ

538 1906 628 2006 tius
661 1907 797 2044 ipse,
835 1907 944 2006 dum
990 1903 1040 2004 in
1077 1939 1216 2006 castra
1258 1903 1515 2023 reducitur,
1560 1896 1725 2004 efflavit
1762 1903 1983 2008 animam.

538 2057 656 2148 Tam
691 2085 854 2189 magna
882 2049 1082 2148 mercede
1118 2086 1444 2190 nonnunquam
1473 2041 1696 2190 contingit
1724 2046 1870 2208 inepte
1896 2087 1987 2148 ma⁴

538 2191 638 2332 gnis
673 2191 818 2321 verbis
853 2189 1030 2333 gloriari
1054 2193 1235 2331 „quod
1272 2190 1352 2332 qui
1396 2185 1566 2293 faciunt
1599 2192 1719 2332 apud
1760 2225 1880 2292 vrros
1916 2191 1989 2294 in-

539 2336 808 2477 telligentes,
842 2371 922 2474 pro
957 2334 1133 2436 virtutis
1169 2332 1410 2474 opinione,
1450 2371 1587 2474 quam
1631 2333 1760 2435 stulte
1805 2357 1988 2474 petunt,
2140 2445 2141 2450 a

537 2476 705 2580 famam
741 2477 847 2579 levis
885 2516 935 2576 ac
971 2477 1115 2618 pusilli
1148 2476 1286 2581 animi
1321 2512 1585 2619 reportant,
1627 2515 1765 2619 quam
1800 2478 1985 2619 ignomi-

538 2622 659 2724 niam
695 2621 880 2759 quidam
916 2615 1024 2721 ferre
1059 2655 1327 2762 nequeuntes
1356 2621 1761 2763 despondentesque
1790 2617 1998 2722 animum·

537 2765 585 2864 in
610 2802 771 2904 magna
794 2762 980 2904 pericula
1006 2800 1168 2865 temere
1188 2799 1348 2883 ruunt,
1375 2764 1412 2865 si
1430 2759 1547 2864 forte
1566 2765 1734 2906 possint
1758 2759 1989 2866 infamiam
2140 2761 2141 2816 ³

398 3031 400 3036 Α
538 2905 619 3008 hac
655 2907 821 3008 ratione
856 2906 1024 3010 delere:
1064 2944 1107 3010 ct
1143 2905 1284 3008 simile
1319 2903 1513 3029 faciunt,
1547 2945 1598 3010 ut
1633 2909 1713 3050 qui
1747 2905 1833 3010 sibi
1867 2942 1991 3008 mor-

538 3085 634 3152 tem
667 3051 953 3170 consistunt,
989 3053 1098 3151 dum
1135 3051 1296 3152 scilicet
1332 3050 1570 3194 ignorant,
1604 3049 1692 3152 hoc
1727 3091 1911 3193 quoque
1934 3051 1990 3152 ti·

540 3193 650 3294 midi
688 3233 774 3297 esse
810 3230 853 3293 et
885 3189 1086 3335 perfracti
1121 3193 1289 3314 animi,
1322 3229 1372 3295 ut
1407 3229 1613 3337 appareat
1645 3233 1758 3295 recte
1784 3194 1987 3297 traditum

542 3375 630 3438 esse
672 3375 698 3435 a
735 3337 839 3438 viris
882 3336 1225 3477 prudentissimis
1266 3376 1421 3438 omnes
1456 3337 1596 3440 malos
1640 3336 1873 3442 interum
1913 3379 1992 3440 exn.
2141 3355 2142 3368 '

543 3480 833 3622 petendarum
869 3478 1149 3621 ignoratione
1183 3480 1364 3582 versari.

615 3631 729 3724 V111.
805 3621 1039 3764 Direptum
1074 3659 1136 3726 est
1171 3658 1317 3726 autem
1353 3660 1571 3730 certamen
1612 3622 1805 3768 utrisque
1841 3623 1998 3768 paula-

543 3764 627 3868 tim
662 3766 718 3866 ad
754 3805 853 3868 suos
888 3783 1042 3905 sponte
1078 3767 1428 3887 discedentibus,
1455 3769 1671 3872 deterritis
1700 3771 1902 3872 videlicet
1930 3804 1999 3872 at⁴

545 3947 634 4051 que
676 3909 873 4051 repressis
913 3907 1195 4014 Nomadibus
1230 3927 1469 4017 castrorum
1510 3948 1766 4018 nostrorum
1800 3911 1999 4059 propin-

544 4053 741 4196 quitate.
786 4054 868 4154 Sed
911 4091 1156 4194 paucorum
1191 4053 1364 4156 licentia
1406 4056 1540 4198 paulo
1576 4059 1721 4160 durius
1763 4099 1788 4160 a
1829 4059 2001 4160 Carolo

405 4200 407 4213 ’
545 4194 809 4338 objurgata,
843 4195 978 4298 ceteri
1013 4197 1174 4315 deinde
1210 4198 1353 4341 magis
1394 4195 1451 4306 ab
1486 4198 1719 4322 inutilibus
1754 4199 1821 4325 bis
1867 4241 1998 4346 prae-

544 4339 613 4440 liis
647 4337 921 4458 abstinebant
940 4417 954 4460 ,
970 4342 1190 4482 quanvis
1217 4341 1369 4452 bostes
1408 4345 1624 4483 quotidie.
1644 4347 1741 4458 adv
1764 4383 1864 4446 eam
1909 4345 1997 4446 oli·

536 4482 637 4594 zveti
668 4520 842 4623 partem
877 4522 1182 4604 excurrerent,
1219 4485 1737 4636 et·=badeq'earsras,suibus
1755 4487 1992 4632 impediris

410 4719 412 4724 .
545 4625 777 4729 tormentis
813 4633 1287 4770 oppugnarent-..Nec
1320 4629 1413 4738 ullo
1434 4631 1519 4738 de
1545 4655 1624 4774 pet
1656 4607 1903 4775 idnempus
1931 4625 1992 4728 ab

543 4767 648 4914 ipsis
670 4807 887 4884 ‚cessatum
922 4809 1087 4917 praeter
1109 4766 1316 4880 natalem
1349 4775 1551 4916 Joannis'
1579 4775 1826 4922 Baptistae,
1858 4811 1998 4920 quem
