4292 5984
582 496 633 608 ,a
987 511 1322 598 narseus
1374 504 1678 594 cesrts

529 676 793 796 Galliarum,
837 669 1042 792 Isabella,
1087 711 1201 813 quae
1245 669 1511 774 Christiemo
1567 661 1775 787 Daniae,
1825 670 1998 794 Maria,

529 863 644 966 quae
679 819 908 924 Ludovico
945 812 1182 918 Bohemiae
1218 815 1566 958 Hungariaeque
1602 811 1802 958 Regibus
1840 853 1998 960 nupse-

530 1003 697 1214 mnilL
771 1119 984 1212 Ceterum
1016 1099 1244 1246 Philippus
1280 1140 1417 1223 cum,
1452 1101 1631 1204 Isabella
1667 1141 1793 1207 socru
1839 1097 1998 1208 defim-

531 1292 622 1374 cta‚
659 1254 713 1356 ad
704 1251 1000 1415 excipienda
1034 1249 1245 1350 Castellae
1282 1179 1574 1409 gubcinacula
1610 1289 1662 1348 ex
1698 1249 1852 1393 Belgio
1897 1288 1999 1352 cum

530 1397 751 1500 uxorein
786 1394 1054 1537 Hispaniam
1090 1392 1303 1512 venisset,
1340 1430 1490 1533 paucis
1526 1431 1628 1534 post
1665 1395 1889 1496 mensibus
1928 1435 1999 1495 ex-

532 1541 656 1642 cessit
685 1540 851 1643 evita.
891 1543 1068 1674 Joanna
1101 1574 1231 1656 vero,
1250 1576 1380 1698 quae
1414 1535 1552 1638 levius
1590 1572 1693 1637 ante
1728 1531 1871 1640 fuerat
1909 1577 1996 1640 ten·

532 1721 622 1792 tata
657 1684 817 1787 mentis
845 1682 1116 1803 immitam,
1152 1678 1300 1781 mariti
1336 1679 1491 1782 mortis
1526 1679 1802 1825 impatientia
1833 1722 1876 1786 et
1915 1685 1994 1783 do-

532 1831 627 1932 lore
669 1831 860 1972 graviter
902 1827 1061 1927 eodem
1099 1754 1271 1928 inorbo
1314 1824 1600 1928 invalescente
1643 1828 1791 1968 coepit
1837 1865 1998 1970 aegro-

533 2010 651 2080 tare.
649 1913 981 2137 quamobrem
1024 1970 1234 2071 Castellae
1280 2009 1479 2112 proceres
1523 1971 1840 2115 civitatesque,
1886 2012 2001 2076 com·

535 2117 769 2221 municatis
806 2116 1023 2234 consiliis,
1061 2151 1165 2216 cum
1200 2115 1387 2218 Carolus
1424 2117 1627 2218 nondum
1665 2153 1772 2218 esset
1817 2118 1875 2217 ad
1913 2157 1999 2260 gu-

536 2264 811 2367 bernandum
860 2300 936 2403 per
972 2293 1158 2361 aetatem
1203 2259 1422 2380 idoneus,
1459 2261 1780 2363 Fernandum
1768 2299 1817 2363 ιιι
1852 2261 2002 2404 Regni

535 2405 964 2508 administrationem
1005 2405 1302 2506 revocandum
1342 2446 1428 2507 esse
1463 2445 1516 2506 ex
1549 2405 1667 2507 Italia
1711 2443 2002 2525 censuerunt,

536 2591 632 2692 quo
657 2586 808 2690 nuper
845 2548 1198 2690 Neapolitanum
1228 2561 1462 2693 Regnum,
1491 2549 1742 2692 Aragoniae
1767 2545 2006 2650 contribu-

536 2729 678 2812 tum,
723 2692 847 2833 quod
893 2731 972 2834 per
1014 2693 1258 2796 Gonsalum
1294 2703 1516 2837 Magnum
1558 2693 1894 2796 Cordubensem
1936 2693 2005 2796 bis
2140 2809 2141 2831 p

522 2836 671 2980 pulsis
708 2836 973 2980 devictisque
1009 2837 1140 2938 Gallis
1177 2875 1429 2979 receperat,
1467 2836 1664 2939 obeundi
1700 2839 1843 2981 gratia
1878 2837 2003 2940 navi
2140 2839 2141 2849 ‘

542 3017 737 3126 gavetat.
773 2993 928 3124 Itaque
964 2984 1212 3085 Femandus
1250 2985 1403 3086 decem
1447 3021 1587 3106 annos
1631 2985 1774 3118 (nam
1817 2982 2003 3086 totidem

541 3161 692 3269 postea
729 3125 872 3263 vixit)
908 3127 1143 3229 Castellam
1180 3167 1363 3270 quoque
1398 3167 1478 3269 pro
1515 3100 1605 3228 lilia
1648 3128 1914 3292 gubernavit
1962 3161 2006 3226 et

539 3269 791 3411 populos
778 3310 827 3372 tn
872 3309 1043 3374 summa
1084 3310 1188 3412 pace
1234 3309 1367 3415 atque
1416 3267 1570 3373 officio
1614 3271 1865 3392 continuit,
1902 3307 2007 3370 mo-

540 3452 744 3556 rtemque
775 3415 1046 3578 Hispaniam
1093 3452 1137 3517 et
1180 3415 1309 3552 hujus
1356 3415 1589 3560 vectigales
1638 3417 1866 3536 nationes,
1914 3451 2007 3554 quo

542 3559 911 3681 memoravimus,
947 3596 1063 3662 statu
1098 3567 1303 3698 Joannae
1340 3559 1452 3663 filiae
1489 3558 1703 3700 reliquit3
1752 3597 1865 3701 quac
1905 3595 2007 3659 cum

544 3738 760 3866 perpetuo
799 3702 998 3826 morbo,
1042 3706 1097 3805 de
1141 3744 1233 3847 quo
1271 3705 1444 3806 dictum
1485 3740 1578 3824 est,
1615 3738 1875 3822 teneretur,
1927 3739 2007 3862 pro

546 3846 639 3986 ipsa
662 3847 849 3949 Carolus
885 3847 999 3952 filius
1034 3887 1268 3992 procerum
1296 3849 1658 3993 populorumque
1680 3885 1898 3950 consensu
1932 3845 2010 3946 Hi
2138 3985 2139 3995 p

545 3989 720 4130 spaniae
754 4001 965 4137 Regnum
1001 3993 1211 4137 suscepit.

1192 4371 1363 4514 m
