4294 5972
557 431 649 530 294
840 378 845 390 ’
944 425 1028 508 na
1075 423 1281 506 nauus
1322 418 1548 506 casrss

509 613 514 626 '
580 599 677 690 XII.
769 599 819 689 In
864 585 1086 726 Hispania
1136 622 1241 684 vero
1272 571 1439 683 'Petrus
1487 583 1733 683 Fetnandus
1778 581 1988 688 Velascus

506 728 820 840 Comestabilis
863 731 1013 834 Caroli
1057 739 1170 864 jussa
1214 731 1268 832 de
1312 727 1451 871 Regis
1486 727 1600 828 Galli
1643 724 1742 828 filiis
1787 726 1983 832 liberan-

509 882 575 983 dis
622 875 964 1021 exsequebatur.
1015 885 1115 974 Hos
1159 912 1353 1015 namque
1408 870 1579 992 initio,
1631 910 1736 974 cum
1784 915 1811 974 a
1857 913 1982 1016 patre

508 1023 685 1126 obsides
744 1021 852 1125 fidei
926 1020 1123 1161 jurisque
1170 1018 1344 1154 jurandi
1397 1017 1489 1117 dati
1555 1054 1694 1117 essent
1728 1096 1744 1139 ‚
1797 1021 1981 1123 Carolus

509 1167 692 1272 Enecbo
730 1169 917 1275 Velasco
960 1163 1255 1269 Comestabili
1297 1202 1374 1305 per
1417 1160 1633 1262 Carolum
1676 1171 1900 1297 Lanojum
1928 1168 1984 1268 ad

505 1313 759 1423 Nictotiam
795 1313 952 1415 urbem
978 1311 1248 1415 Cantabriae
1293 1305 1604 1408 custodiendos
1634 1305 1841 1430 dederat,
1865 1313 1983 1413 unde

361 1537 362 1540 κ
511 1474 678 1601 Burgos
735 1459 915 1563 deducti
964 1457 1021 1561 ab
1059 1459 1220 1557 eodem
1261 1452 1482 1573 Velasco,
1558 1453 1676 1554 uoad
1711 1453 1854 1577 vixit,
1904 1495 1984 1557 cu-

511 1606 657 1706 stodia
708 1603 1075 1746 indulgentiaque
1110 1600 1254 1745 Regia
1288 1597 1499 1700 custoditi
1526 1491 1741 1708 ineruntt
1779 1600 1853 1701 sed
1888 1639 1983 1702 non

510 1749 658 1850 multo
697 1785 798 1890 post
834 1746 1013 1850 Enecho
1048 1749 1141 1849 vita
1179 1739 1420 1864 defunct0,
1457 1743 1592 1845 iidem
1628 1753 1757 1845 Petro
1796 1744 1982 1847 Velasco
2121 1749 2122 1840 l

511 1901 604 2024 ejus
661 1893 861 1993 maximo
917 1928 1026 1993 natu
1069 1891 1165 1992 filio
1228 1927 1272 1990 et
1318 1891 1366 1994 in
1424 1888 1720 2032 Principatum
1776 1888 1982 1989 titulum-

509 2073 602 2175 que
639 2037 903 2156 successori,
940 2036 1159 2177 simulque
1194 2029 1316 2136 fratri
1352 2033 1524 2175 Joanni
1569 2032 1771 2134 Tovario
1804 2033 1981 2134 berlan-

510 2217 595 2319 gae
642 2181 896 2282 Marchioni
937 2182 1202 2300 traduntur,
1244 2216 1323 2301 ut,
1367 2180 1404 2282 si
1452 2179 1633 2321 quando
1670 2175 1978 2280 Comestabilis

507 2323 603 2462 ipse
640 2366 665 2424 a
707 2325 909 2429 custodia
951 2363 1004 2426 ex
1045 2327 1183 2426 causis
1226 2323 1472 2425 necessariis
1514 2359 1812 2445 evocaretur,
1855 2331 1978 2424 Mar-

510 2465 613 2567 chio
639 2461 783 2569 fratris
811 2472 908 2570 vice
940 2463 1113 2568 fitnctus
1138 2470 1340 2612 ipsorum
1369 2469 1594 2569 custodiae
1618 2503 1854 2609 praeesset.
1891 2466 1977 2568 Pri·-

510 2649 640 2710 mum
675 2611 813 2750 igitur
848 2610 1124 2752 Betlangam,
1162 2611 1320 2714 deinde
1355 2614 1595 2714 Pedrazam
1633 2612 1853 2754 oppidum
1887 2623 1973 2711 Co

509 2749 748 2854 mestabilis
783 2752 966 2855 ditionis
999 2754 1345 2860 munitissimum
1374 2760 1428 2860 ad
1457 2765 1669 2862 Montem
1702 2756 1974 2899 Orospedam

510 2935 604 2995 non
640 2898 794 3038 procul
815 2896 923 3000 urbe
952 2900 1138 3042 Segovia
1161 2903 1379 3023 traducti,
1409 2902 1564 3044 ibique
1595 2898 1974 3004 custodiebantur:

510 3034 630 3140 facto
667 3080 820 3148 autem
854 3038 1033 3144 foedere
1069 3049 1375 3147 Cameracensi
1411 3047 1528 3187 ipsos
1574 3045 1788 3149 liberandi
1833 3057 1976 3147 Caro-

509 3183 575 3284 lus
612 3221 655 3285 et
673 3187 933 3318 ¹Franciscus
969 3190 1206 3332 negotium
1253 3189 1369 3292 binis
1405 3189 1583 3334 Legatis
1619 3191 1864 3296 dederunt3
1900 3188 1972 3290 ille

510 3328 802 3432 Comestabili
839 3332 1018 3458 cidem,
1055 3369 1099 3434 et
1122 3333 1355 3435 Ludovico
1390 3332 1593 3435 Phandio
1617 3335 1804 3478 Belgae,
1841 3372 1978 3476 quem

511 3505 614 3574 ante
649 3478 707 3577 ad
742 3488 917 3620 Regem
953 3479 1158 3579 eumdem
1193 3487 1255 3577 Le
1289 3513 1414 3579 atum
1442 3479 1620 3579 miserat
1655 3518 1668 3588 3
1712 3477 1788 3578 hic
1822 3483 1977 3579 Annae

510 3620 901 3743 Memoransiaco,
938 3622 1017 3764 qui
1052 3657 1206 3763 postea
1242 3517 1329 3725 stitit
1370 3621 1536 3723 Galliae
1578 3620 1918 3744 Comestabilis,
1941 3657 1981 3723 et

507 3765 734 3867 Tornensi
767 3766 1019 3868 Cardinali.
1056 3766 1232 3885 Quibus
1273 3805 1377 3868 cum
1420 3765 1672 3909 placuisset,
1709 3768 1851 3868 ut'ad
1894 3780 1979 3870 Re·

511 3944 708 4046 gnorum
742 3911 934 4014 confinia
985 3945 1029 4010 et
1061 3949 1189 4013 oram
1224 3910 1397 4013 Oceani
1442 3911 1780 4031 convenirent,
1822 3913 1980 4014 velas-

512 4091 588 4152 cus
624 4053 935 4156 Comestabilis
971 4097 1024 4156 ex
1059 4057 1248 4160 Pedraza
1278 4095 1383 4158 cum
1413 4051 1643 4158 obsidibus
1672 4053 1981 4158 Fonterabiam

514 4198 775 4319 contendit,
811 4200 958 4300 multis
1005 4198 1111 4302 viris
1157 4200 1429 4344 principibus
1478 4199 1746 4343 propinquis
1805 4202 1981 4303 amicis-

514 4378 601 4479 que
636 4343 983 4466 comitantibus,
1019 4384 1211 4485 quorum
1245 4341 1367 4448 luere
1403 4351 1604 4484 Joannts
1645 4357 1794 4448 Roxas
1837 4354 1975 4447 Pozae

512 4485 755 4605 Marchio,
797 4489 994 4624 Jacobus
1020 4490 1245 4592 ¹Velascus
1287 4492 1496 4610 Nievae,
1541 4488 1807 4590 Athanasius
1849 4488 1973 4621 Ajala

510 4629 802 4753 Salvaterrae,
845 4628 1053 4733 Alfonsus
1099 4634 1328 4734 Mendoza
1369 4635 1554 4736 Cluniae
1595 4636 1834 4744 Comites3
1867 4634 1977 4732 item

512 4781 801 4882 Bernardinus
825 4780 1029 4884 Velascus
1057 4778 1315 4884 Bernardini
1338 4779 1646 4886 Comestabilis
1666 4779 1778 4886 filius
1789 4858 1810 4905 ,
1829 4787 1980 4882 Petrus

1895 4931 1981 5022 Lu⁴
