4298 5980
570 415 918 536 carrorrv
958 455 1069 536 ιιι.
1103 457 1236 539 ιιιι.
1511 459 1598 550 257

174 606 275 715 iniri
315 620 459 754 posset
502 645 607 712 octo
652 609 745 709 illas
787 609 1025 731 triremes,
1075 627 1187 754 quae
1227 629 1349 718 mar‘e
1395 614 1650 752 reddebant¹

170 752 411 876 infestum,
449 751 726 858 debellandi.
765 688 1058 895 Consilioqrie
1093 795 1193 857 cum
1226 756 1472 860 Pltiliberto
1505 797 1636 861 com

168 898 401 1008 municato
442 938 535 1020 non
577 899 720 1000 solum
760 939 833 999 sex
876 899 1099 1020 triremes,
1129 941 1242 1063 quae
1278 939 1401 1003 erant
1434 902 1491 1004 ad
1525 941 1635 1042 por

167 1079 269 1178 turn
303 1043 684 1184 Neapolitanum,
710 1039 950 1184 remigibus
983 1077 1028 1142 et
1063 1045 1190 1146 omni
1223 1083 1380 1186 genere
1410 1083 1635 1158 armorum

168 1183 402 1302 instruxit3
427 1187 502 1289 sed
538 1188 675 1288 etiam
706 1224 968 1329 magnarum
1004 1189 1184 1288 navium
1212 1185 1390 1330 scaphas
1420 1191 1635 1329 quasdam

170 1366 215 1444 et
250 1331 300 1435 id
336 1371 492 1494 genus
508 1329 731 1468 naviculas
767 1330 994 1432 tormentis
1028 1333 1232 1454 armavit,
1271 1368 1323 1434 ut
1357 1373 1407 1432 ea
1441 1333 1633 1454 ratione,

169 1477 297 1616 quod
331 1473 576 1576 triremium
611 1513 798 1576 numero
838 1474 1008 1596 deerat,
1031 1478 1337 1640 supplereturr
1376 1513 1420 1577 et
1461 1477 1632 1579 delectis

168 1616 384 1721 militibus
428 1617 638 1760 Hispanis
680 1619 758 1722 ad
783 1619 987 1721 sexcentis
1030 1618 1288 1761 impositis,
1328 1659 1431 1721 curn
1473 1619 1539 1722 his
1580 1663 1633 1724 err
1745 1727 1757 1746 χ

168 1797 303 1905 portu
341 1761 658 1904 proficiscitur,
689 1799 731 1864 er
766 1760 815 1864 in
850 1773 1040 1903 Capreas
1081 1763 1304 1884 insulam,
1345 1763 1571 1866 multis
1530 1767 1634 1866 vrris

169 1903 443 2027 nobilibus,
479 1943 524 2008 et
558 1946 607 2008 ιιι
643 1905 711 2007 his
746 1908 934 2008 Ascanio
970 1907 1192 2010 Columna
1235 1943 1280 2008 et
1330 1909 1457 2010 Vasti
1505 1917 1633 2010 Mar-

169 2048 330 2166 chione
366 1984 508 2152 oflicii
541 2047 850 2189 amicitiaeque
884 2047 1025 2190 gratia
1059 2048 1419 2172 comitantibus,
1451 2087 1502 2152 ut
1543 2036 1634 2152 ho-

169 2230 283 2298 stem
321 2195 378 2294 ad
416 2231 613 2354 pugnam
649 2191 853 2315 eliceret,
889 2192 1145 2292 contendit.

174 2333 751 2477 2XV111.1>hilippinus
793 2371 943 2438 autem
986 2328 1078 2438 sive
1108 2336 1292 2499 cognito
1322 2359 1411 2474 per
1445 2341 1635 2478 explora·

166 2515 287 2594 tores
322 2478 534 2622 Hugonis
561 2479 839 2599 consilio,
809 2517 900 2579 srve
930 2519 982 2580 ex
1012 2480 1288 2622 digressu
1235 2479 1482 2590 triremium
1510 2517 1634 2620 prae

169 2659 238 2738 rer
273 2663 447 2726 morem
482 2664 507 2725 a
542 2660 675 2765 portu
710 2622 779 2741 id,
815 2623 939 2765 quod
973 2659 1099 2744 erat,
1118 2623 1385 2766 suspicatus,
1410 2623 1501 2764 ipse
1526 2663 1634 2764 quo

169 2797 260 2911 que
281 2769 352 2870 ad
389 2806 587 2909 pugnam
623 2807 666 2867 se
701 2803 955 2907 comparat,
980 2801 1023 2868 et
1060 2768 1250 2869 delectos
1287 2765 1484 2886 milites,
1522 2769 1632 2872 dum

167 2922 314 3074 Hugo
350 2912 408 3012 ad
435 2925 623 3052 Capreas
650 2910 972 3012 demoratur
920 2912 1186 3073 ,imponita
1215 2947 1258 3014 et
1288 2919 1380 3042 jam
1416 2950 1511 3010 sero
1547 2911 1634 3073 diei

167 3050 329 3158 infesta
364 3054 495 3156 classe
541 3053 796 3158 venientem
835 3055 1109 3197 conspicatus
1152 3094 1213 3154 src
1254 3093 1347 3154 suas
1388 3091 1519 3157 naves
1548 3053 1633 3215 'in

168 3198 356 3300 struxit·
381 3239 453 3301 sex
482 3198 614 3299 simul
644 3199 701 3299 ad
729 3198 1087 3312 Caesarianarum
1112 3198 1305 3300 totidem
1329 3235 1517 3298 numero
1546 3194 1632 3300 im

168 3379 330 3486 petum
365 3343 716 3484 excipiendum,
750 3342 1053 3484 praeliumque
1088 3341 1461 3444 committendum
1495 3339 1633 3441 collo·

168 3487 316 3598 cavitt
351 3491 488 3607 duas,
523 3526 638 3628 quae
673 3524 793 3589 extra
827 3487 1034 3588 ordinem
1069 3521 1304 3629 vagantes,
1336 3522 1519 3626 quotes
1548 3521 1633 3623 po⁴
1701 3601 1703 3606 ¹

171 3666 337 3750 sceret,
373 3628 683 3736 inveherentur
719 3665 762 3730 et
796 3627 991 3738 subsidio
1027 3669 1112 3732 suis
1147 3625 1502 3733 laborantibus
1489 3663 1603 3728 rrenr
1616 3694 1633 3747 ,

172 3774 396 3915 seposuit.
433 3775 610 3884 Accidit
645 3811 794 3876 autem
825 3813 996 3917 magno
1032 3812 1285 3878 nostrorum
1321 3771 1634 3890 incommodo,

175 3951 229 4016 ut
265 3958 358 4059 quo
393 3955 595 4061 tempore
629 3918 844 4060 praelium
879 3916 1104 4037 inibatur,
1142 3953 1293 4035 mare,
1332 3913 1457 4055 quod
1492 3912 1634 4014 adid

173 4094 346 4202 tempus
381 4057 521 4165 literar
555 4064 873 4226 tranquillum,
898 4059 1149 4200 vespertinis
1177 4058 1289 4160 auris
1312 4058 1634 4178 intumesceret,

173 4243 390 4346 quaeres
427 4207 659 4348 piscatoria
694 4206 876 4348 navigia
909 4200 1184 4365 scaphasque
1226 4204 1282 4301 ad
1324 4239 1524 4365 pugnam
1560 4198 1635 4300 in-

77 4381 81 4390 ’
173 4348 328 4450 utiles
321 4349 567 4472 reddidit,
590 4383 633 4451 et
667 4353 886 4489 quosdam
916 4346 1190 4449 Caesarianos
1214 4344 1401 4465 milites,
1428 4342 1635 4506 navigan-

172 4489 613 4634 diptaeliorumque
647 4491 917 4596 navalium
902 4523 1131 4612 insuetos,
1166 4487 1469 4595 conturbavit
1494 4487 1635 4627 Igitur

175 4636 419 4750 commisso
451 4639 643 4780 praelio,-
674 4637 821 4780 primo
835 4634 1015 4778 impetu
1040 4633 1319 4756 Caesarianae
1351 4632 1545 4734 triremes
1566 4625 1637 4731 fa-

179 4778 261 4880 cile
297 4779 526 4909 Gallicas,
564 4819 669 4890 cum
704 4778 864 4926 quibus
899 4817 1155 4922 congressae
1187 4751 1402 4900 fuerant,
1433 4774 1637 4902 cominus

197 4921 411 5034 ·,,..ΤοιιιΙ
507 4859 528 4932 2
1197 4919 1273 5031 Kk
1321 5015 1326 5022 ,
1558 4957 1642 5064 pn·
