4326 5986
612 505 853 590 CAROLI
895 501 949 584 V.
989 501 1108 584 LIB.
1150 502 1240 585 xV.
1522 507 1610 597 445

186 706 488 780 secutusest3
524 702 708 767 etcum
756 696 864 763 esset
912 661 1212 762 Genucnsium
1256 671 1359 764 Dux
1404 659 1501 797 (sic
1538 667 1659 770 enim

184 823 268 962 ipsi
305 851 531 918 summurn
567 810 879 953 Magistratum
918 805 1188 950 appellant)
1223 807 1375 949 coepit
1408 810 1523 910 Galli
1564 823 1661 913 Re-

186 965 254 1106 gis
290 953 562 1103 praefectum
598 993 758 1096 agere,
795 960 976 1090 ejusque
1015 949 1200 1050 nomine
1237 986 1280 1048 ct
1317 947 1529 1056 arbitratu
1565 993 1663 1064 rem

186 1116 462 1208 Genuensem
503 1099 823 1200 administrate.
858 1103 994 1195 Tunc
1037 1093 1229 1194 vicissim
1268 1096 1441 1204 Adurni
1483 1095 1539 1198 ab
1580 1103 1665 1212 ad-,

178 1248 388 1350 -versariis
425 1244 538 1386 pulsi
575 1243 631 1342 ad
667 1239 800 1340 fidem
838 1237 988 1338 Caroli
1023 1231 1352 1379 confugerunt,
1382 1239 1440 1340 ab
1476 1242 1665 1342 eodem-

192 1431 313 1532 que,
346 1424 397 1488 ut
433 1387 569 1526 ipsius
605 1385 738 1485 armis
775 1383 1113 1500 reducerentur,
1152 1381 1469 1522 impetrarunt.
1507 1398 1662 1527 Itaque

191 1573 311 1634 anno
360 1527 530 1632 Christi
572 1536 641 1628 M.
671 1540 731 1629 D.
759 1535 909 1626 XXII.
948 1537 1103 1626 Genua
1144 1521 1201 1627 ab
1247 1525 1501 1668 Hispanis,
1551 1534 1664 1633 duce

192 1667 407 1818 Prospero
444 1671 668 1774 Columna
703 1705 748 1770 et
781 1669 1008 1769 Fernando
1038 1667 1248 1769 Piscariac
1273 1669 1537 1773 Matcltione
1552 1750 1569 1793 ,
1585 1715 1665 1776 ex-

194 1856 392 1962 pugnata
428 1853 472 1916 et
507 1855 561 1914 ex
606 1849 728 1952 parte
772 1811 862 1934 dite
896 1846 941 1910 ta
997 1810 1268 1948 inpatriam
1309 1813 1483 1916 Adorni
1518 1819 1665 1920 redie-

191 1998 327 2083 runt,
366 1990 686 2097 tenueruntque
720 1850 1008 2094 Reipublicae
1044 1950 1377 2089 gubernacula,
1415 1960 1558 2061 donec
1587 2005 1667 2066 eos

193 2116 352 2204 Cacsar
401 2111 647 2241 Fregosus,
690 2133 828 2238 quem
884 2132 1011 2234 supra
1059 2093 1425 2217 nominavimus,
1469 2107 1665 2242 expulit,

194 2244 331 2388 Regis
366 2243 519 2368 Galli,
561 2241 642 2382 qui
683 2239 817 2382 paulo
864 2241 965 2337 ante
1010 2231 1150 2337 literar
1189 2279 1216 2340 a
1258 2239 1423 2340 Catolo
1467 2244 1668 2353 libertate

193 2388 414 2511 donatus,
455 2424 500 2488 et
534 2385 875 2487 Foederatorum
911 2380 1042 2482 armis
1078 2416 1190 2482 terra
1226 2384 1426 2524 marique
1461 2391 1667 2521 adjutus,

197 2573 304 2634 cum
339 2567 436 2632 tota
470 2525 609 2630 ferme*
642 2528 791 2646 ltalia,
832 2520 1125 2666 Pontifexque
1161 2561 1206 2626 et
1241 2527 1470 2630 Gallorum
1494 2571 1545 2632 ac
1573 2538 1668 2637 Bri-

197 2711 436 2776 tannorum
471 2686 616 2814 Reges
660 2672 709 2770 in
751 2669 965 2772 Catulum
1006 2668 1356 2810 conspirassent3
1395 2683 1516 2806 eujus
1557 2719 1670 2780 con.

199 2817 452 2960 spirationis
491 2817 660 2916 malurn
695 2852 836 2954 usque
873 2813 984 2912 adeo
1020 2811 1176 2913 recidit
1210 2813 1256 2912 in
1292 2811 1426 2952 ipsius
1456 2855 1668 2944 auctores,

199 2997 252 3062 ut
303 2958 407 3061 hinc
455 2958 577 3063 urbis
636 2969 807 3060 Romae
860 2951 1097 3098 direptio,
1141 2955 1377 3098 captioque
1428 2962 1669 3068 Clementis

199 3102 454 3206 Pontificis:
503 3103 609 3204 hinc
645 3101 872 3203 Gallorum
907 3098 1084 3240 gemina
1118 3099 1166 3199 in
1201 3100 1496 3230 Insubribus,
1533 3143 1575 3210 et
1611 3109 1678 3213 ad

201 3246 446 3388 Neapolim
481 3247 620 3346 clades
656 3280 934 3356 nasceretur,
970 3244 1168 3381 ipsorum
1203 3241 1377 3346 duobus
1413 3250 1673 3354 exercitibus

203 3381 306 3488 fusis
348 3423 482 3528 atque
525 3385 710 3486 deletis.
764 3401 973 3487 Ceterum
1024 3387 1222 3486 Andreas
1271 3386 1412 3488 Dotia
1455 3433 1507 3494 ex
1550 3393 1670 3497 bello

204 3530 540 3672 Neapolitano,
580 3569 674 3674 quo
710 3527 894 3631 ducibus
936 3526 1088 3630 Caroli
1122 3529 1313 3632 Caesaris
1354 3536 1579 3680 egregiam
1613 3579 1671 3640 o-

207 3711 359 3816 peram
395 3709 661 3791 navavetat‚
694 3685 936 3794 Genuam,
974 3711 1088 3814 quae
1132 3715 1158 3774 a
1200 3676 1395 3814 praeside
1447 3679 1574 3780 Gallo
1626 3717 1672 3782 et

208 3827 395 3920 Caesare
447 3828 637 3958 Fregoso
662 3813 957 3936 tenebatur,
998 3813 1247 3918 victricibus
1298 3819 1430 3918 armis
1481 3861 1672 3926 reversus

206 3963 354 4100 coepit
391 3957 597 4100 expositis
634 3956 850 4060 militibus
892 3958 1123 4100 populares
1158 3960 1213 4058 ad
1250 3957 1494 4068 libertatem
1537 4007 1675 4070 voca·-

210 4141 282 4210 re’.
323 4143 417 4244 quo
454 4139 658 4241 tempore
694 4101 828 4202 Gallis
857 4139 961 4200 curn
995 4114 1177 4204 Caesare
1212 4116 1398 4248 Frcgoso
1427 4109 1559 4252 pulsis
1589 4125 1679 4216 Ge-

211 4283 393 4346 nuenses
446 4246 534 4346 suis
588 4243 714 4343 malis
765 4245 954 4363 edocti,
998 4282 1217 4386 quantum
1265 4249 1463 4352 civitates
1513 4256 1684 4360 soleant

212 4381 460 4487 factionum
505 4388 658 4490 studiis
709 4423 753 4487 et
799 4386 1135 4490 dissensionibus
1176 4387 1461 4516 labefactati,
1497 4401 1679 4520 Andrea

210 4530 352 4634 Doria
387 4565 562 4634 auctore
598 4528 857 4673 patiarque
887 4532 1149 4635 concordiae
1180 4539 1347 4639 studere
1376 4539 1674 4668 instituerunt,

212 4711 346 4813 seque
380 4673 427 4774 in
461 4671 712 4776 libertatem
746 4715 771 4773 a
807 4676 1036 4809 tyrannide
1071 4673 1317 4782 factionum
1352 4683 1602 4790 vindicate.

284 4825 355 4952 Ill.
426 4827 495 4922 Ut
528 4853 675 4924 autem
711 4816 1020 4961 Magistratus,
1063 4857 1107 4924 et
1151 4825 1392 4930 commoda
1433 4867 1486 4932 ex
1526 4827 1685 4976 publia

1614 5010 1676 5077 ClS
