4298 5980
543 377 637 493 238.
933 391 1020 473 nu
1068 389 1275 472 ansus
1321 387 1552 473 essars

499 557 618 662 rolus
653 545 802 698 Regis·
834 546 1066 652 Gallorum
1109 547 1285 683 injurias
1328 549 1377 649 in
1419 589 1498 670 se,
1542 587 1707 694 suaque
1743 546 1793 656 in
1826 551 1983 699 ipsum

501 701 649 807 officia
695 733 1060 803 commemorata
1098 733 1214 837 quae
1255 693 1493 838 indignitas
1540 729 1585 795 et
1629 695 1794 841 ingrati
1835 705 1980 849 Regis

505 846 685 994 perfidia
717 883 821 944 cum
847 883 940 944 non
969 835 1175 960 ferenda,
1206 838 1282 940 sed
1323 839 1455 942 armis
1493 839 1758 946 vindicanda
1798 847 1977 970 videre-3

501 1028 600 1113 tur,
623 998 768 1133 ipsum
793 1025 942 1090 tamen
959 1066 974 1109 ,
991 1025 1043 1090 ut
1067 1023 1319 1090 ceterorum
1343 987 1547 1132 sanguini
1576 1027 1798 1133 parcatur,
1825 1031 1905 1136 per
1931 1038 1979 1101 se

499 1177 603 1238 cum
633 1149 759 1280 Rege
786 1133 1010 1237 Francisco
1036 1134 1208 1236 viritim
1237 1133 1496 1236 dimicando
1520 1135 1867 1240 controversiam
1904 1141 1973 1241 di-

498 1282 656 1384 rimere
705 1281 930 1388 statuisse.
980 1283 1064 1384 His
1095 1278 1258 1382 auditis
1307 1279 1395 1381 viri
1442 1281 1659 1424 principes
1695 1323 1799 1386 cum
1836 1283 1973 1388 animi

499 1427 855 1571 magnitudinem
889 1426 1057 1547 simul,
1091 1465 1145 1526 ac
1179 1421 1509 1526 humanitatem
1542 1427 1697 1528 Caroli
1733 1427 1974 1532 collaudas

500 1609 630 1692 sent,
655 1584 813 1672 omnes
839 1571 882 1671 ei
904 1609 1032 1671 suam
1059 1606 1240 1712 operam
1266 1605 1311 1670 et
1344 1569 1566 1689 studium,
1600 1569 1672 1671 vel
1707 1609 1811 1673 cum
1853 1574 1970 1676 vitae

498 1710 866 1857 fortunarumque
906 1715 1195 1833 discrimine,
1236 1713 1307 1814 vel
1348 1716 1406 1815 ad
1448 1713 1760 1855 propulsandas
1795 1719 1868 1819 vel
1913 1717 1970 1819 ad

498 1862 813 2005 persequendas
845 1859 1027 1991 injurias
1060 1856 1297 1959 liberaliter
1334 1858 1632 2001 pollicentur.
1669 1860 1847 1960 Carolus
1890 1899 1967 1966 vt-

499 2043 549 2107 ro
585 2005 642 2106 ad
676 2003 814 2146 Regis
847 2002 1080 2146 epistolam
1113 2001 1165 2103 in
1198 1999 1318 2102 hunc
1362 2000 1555 2104 modum
1589 2002 1845 2145 respondit.

504 2329 508 2336 ·
587 2296 914 2394 CAROLUS
946 2291 1432 2400 ROMANORUM
1474 2293 1895 2398 IMPERATOR

650 2473 938 2554 oenomaus,
973 2443 1224 2536 Garumna
1260 2441 1654 2558 Hrsmmanunout
1689 2445 1785 2540 Rax

849 2588 1122 2679 .anucrsco
1165 2589 1401 2680 Gnttonun
1436 2589 1584 2698 Reor,

1171 2733 1212 2822 S.
1249 2731 1307 2821 D.

493 2939 520 2984 .
583 2943 615 2986 „
628 2862 875 3008 Epistolam
910 2898 1068 2984 tuam,
1106 2860 1180 2964 cui
1216 2862 1308 2964 dies
1345 2899 1435 2965 erat
1469 2857 1707 3006 adscriptus
1744 2867 1802 2966 ad
1838 2860 1968 3010 quin-

500 3085 533 3134 ‚‚
548 3048 646 3112 rum
669 3009 768 3109 Kal.
795 3007 993 3150 Aprilis,
1029 3003 1145 3108 mihi
1172 3006 1364 3108 reddidit
1390 3007 1560 3111 Gienna
1587 3010 1844 3114 caduceator
1872 3046 1967 3112 tuus

501 3189 672 3282 „sexto
707 3155 806 3257 Idus
842 3152 975 3291 Junii
987 3229 1005 3273 ,
1039 3152 1180 3295 longo
1215 3149 1381 3254 scilicet
1417 3152 1685 3276 intervallo,
1729 3154 1786 3256 ad
1830 3193 1964 3295 quam

500 3378 532 3424 ,‚
553 3300 707 3402 eadem
742 3293 863 3420 fere,
900 3337 1014 3440 quae
1049 3295 1197 3400 eidem
1231 3297 1511 3400 caduceatot‘r
1545 3297 1772 3421 dixeram,
1812 3298 1967 3399 rescri-

501 3523 533 3571 ‚,
548 3443 681 3551 barn.
726 3444 866 3569 Quod
906 3441 1062 3586 legatis
1104 3480 1149 3543 et
1193 3437 1594 3562 caduceatoribus,
1636 3450 1755 3584 quos'
1794 3443 1853 3542 ad
1899 3479 1971 3542 me

502 3591 605 3714 „de
642 3629 747 3733 pace
782 3587 996 3709 misisses,
1024 3585 1244 3730 quaedam
1280 3590 1337 3691 ad
1374 3623 1498 3690 tuam
1535 3588 1851 3688 contumeliam
1885 3620 1974 3728 ptr·

506 3734 736 3860 „tinentia
773 3772 845 3834 me
882 3728 967 3833 tibi
1002 3732 1223 3875 purgandi
1265 3771 1393 3835 causa
1435 3742 1613 3867 jactasse
1654 3729 1842 3852 scribis,
1889 3769 1972 3873 ego

504 3957 537 4004 ,‚
552 3919 633 3981 nee
668 3881 1003 3981 caduceatorem
1039 3913 1169 3980 tuum
1206 3915 1484 4024 quemquam
1519 3878 1616 3982 vidi
1642 3913 1811 4020 praeter
1850 3913 1976 3994 eum,

507 4026 636 4168 „qui
671 4041 838 4168 Burgos
874 4023 931 4125 ad
966 4063 1040 4127 me
1078 4021 1236 4148 venit,
1272 4064 1321 4128 ut
1364 4024 1450 4126 tuis
1490 4021 1637 4125 verbis
1677 4019 1845 4126 bellum
1888 4059 1975 4119 no-

508 4168 625 4294 „bis
661 4171 895 4292 indiceret,
932 4207 1014 4272 nec
1051 4207 1170 4292 crat,
1206 4209 1283 4274 cur
1319 4209 1391 4274 me
1427 4165 1534 4289 tibi,
1572 4207 1706 4312 quern
1741 4199 1974 4306 nunquam

508 4390 541 4436 „
556 4353 643 4452 per
671 4317 880 4450 injuriam
916 4311 1218 4443 offenderam,
1254 4353 1524 4462 purgarem
1552 4347 1596 4415 te
1631 4349 1815 4430 autem,
1846 4308 1882 4409 si
1917 4304 1975 4407 ni·

508 4441 539 4584 ,2
554 4453 619 4556 hil
664 4457 824 4578 aliud,
867 4498 942 4562 tua
989 4499 1105 4566 certe
1155 4463 1307 4605 ipsius·
1337 4465 1464 4605 culpa
1507 4489 1679 4564 accusat
1721 4493 1766 4558 et
1807 4451 1975 4554 conde⁴

409 4663 411 4666 ·
510 4637 682 4723 „mitat
702 4605 872 4725 ‚Quod
902 4645 1052 4714 autem
1078 4609 1236 4729 fidem,
1263 4645 1400 4752 quam
1430 4602 1545 4707 mihi
1576 4605 1779 4723 dederas,
1807 4637 1877 4699 me
1910 4632 1972 4748 re·

510 4826 543 4874 „
559 4747 734 4897 quirere
769 4749 877 4857 dicis
891 4830 907 4875 ,
944 4794 1008 4861 est
1020 4835 1036 4879 ,
1072 4791 1123 4856 ut
1158 4751 1242 4862 aisa
1283 4753 1461 4896 requiro
1496 4754 1617 4855 enim
1659 4747 1801 4867 illam,
1837 4776 1976 4901 quam

548 4925 554 4932 -
1842 4963 1874 5008 ss
1890 4921 1979 4986 ml*
