4292 5984
652 455 1150 536 SUMMARIUM.
1542 460 1605 534 XI.

157 581 269 672 rinno
291 584 476 700 praesidio
505 584 729 671 F0nterabia
756 582 871 670 muni·
984 581 1145 666 XXVII.
1203 579 1367 668 Gallicae
1394 608 1509 674 naves
1547 615 1627 703 par-

156 731 197 792 ta
222 706 383 791 domum
415 703 629 792 revertitur.
922 699 989 786 tim
1017 723 1147 815 captae
1162 758 1176 805 ,
1189 701 1324 814 partim
1338 728 1441 790 aestu
1456 707 1624 795 minuen-

216 826 357 908 XXIII.
415 822 514 907 Galli
546 821 710 910 Broviae
741 848 867 906 arcem
921 842 960 904 te
983 818 1210 905 subsidentes
1241 819 1377 932 injecto
1408 824 1458 907 ab
1489 825 1623 942 Hispa.

154 939 328 1030 demoliri
351 943 583 1026 constituunt
607 1000 620 1046 ‚
645 941 711 1026 sed
734 937 867 1024 beltra-
920 937 974 1021 nis
1003 936 1089 1052 igne
1112 935 1365 1054 conflagrant.

155 1089 228 1144 nus
252 1089 318 1174 per
348 1058 586 1145 Ludovicum
606 1057 757 1143 fratrem
782 1085 866 1140 eam
978 1057 1154 1158 XXVIII.
1222 1058 1431 1144 Franciscus
1492 1063 1621 1150 Gallo·

153 1179 235 1262 sine
282 1178 482 1263 certamine
528 1205 595 1290 per
636 1174 865 1261 deditionem
918 1199 1003 1256 rum
1028 1177 1108 1256 Rex
1135 1196 1232 1258 terra
1269 1178 1434 1290 marique
1476 1209 1622 1269 novum

154 1294 305 1408 recipit.
341 1295 441 1380 Galli
482 1294 571 1378 arcis
606 1292 786 1378 desiderio
814 1292 866 1374 in·
918 1289 1120 1376 subsidium
1151 1295 1449 1379 Fontemrabiam
1484 1300 1623 1406 mittit,

153 1414 255 1498 censi
282 1412 331 1500 ad
363 1415 447 1499 earn
476 1411 774 1527 oppugnandam
802 1409 865 1494 ad·
916 1406 985 1520 qui
1015 1436 1063 1494 eo
1106 1411 1303 1522 pervenit,
1343 1443 1431 1498 cum
1475 1417 1622 1528 jamjam
1728 1511 1732 1518 ,

159 1531 315 1618 volant.
920 1523 1019 1608 Galli
1057 1554 1133 1610 sese
1165 1528 1324 1613 dedituri
1373 1555 1502 1617 erant.
1543 1535 1621 1622 Rel-

216 1651 361 1733 XXIV.
422 1647 615 1733 beltranus
639 1646 742 1733 sociis
764 1644 864 1730 labo
919 1663 1047 1727 tranus
1076 1673 1158 1730 suas
1192 1646 1315 1759 copias
1344 1653 1522 1736 Sanctum
1560 1658 1622 1738 Se·

154 1767 324 1852 rantibus
353 1765 526 1852 subvenit
558 1826 571 1872 ,
601 1788 640 1850 et
667 1766 794 1851 hostes
824 1763 864 1847 in
920 1759 1128 1846 bastianum
1152 1763 1316 1850 reducit.

155 1880 288 2001 fugam
308 1883 481 1996 conjicit.
979 1880 1121 1965 XXIX.
1180 1882 1331 1966 Eodem
1361 1911 1464 1970 anno
1491 1887 1654 1976 scilicet¹

54 2097 58 2104 ,
215 2005 334 2088 XXV
334 2041 360 2085 .·
404 2000 554 2087 Deinde
572 1998 764 2084 finitimam
778 1998 865 2084 Gal·
919 2027 1066 2080 M.u.xx1.
1083 1996 1311 2082 Franclscum
1341 2003 1539 2088 Gallorum
1554 2012 1625 2090 Re·

154 2118 243 2205 liam
275 2117 542 2204 incursionibus
573 2116 747 2222 infestat,
763 2146 864 2231 prae·
919 2143 1007 2229 gem
1035 2120 1116 2199 Leo
1146 2113 1317 2202 Pontifex
1342 2121 1557 2229 Maximus,
1583 2147 1624 2212 et

155 2238 281 2322 sertim
303 2261 391 2350 post
416 2236 624 2322 adventum
655 2236 768 2320 trium
789 2233 865 2320 mil·
919 2233 1078 2317 Carolus
1105 2236 1241 2318 Caesar
1275 2240 1534 2325 communibus
1563 2270 1622 2328 ar·

152 2353 249 2440 Iium
279 2358 597 2459 Germanorum,
626 2381 724 2469 quos
751 2357 866 2438 Caro·
921 2349 987 2434 mis
1016 2351 1293 2438 Mediolanensi
1321 2354 1534 2470 Principatu
1556 2360 1621 2448 de·

153 2470 215 2557 Ius
246 2472 321 2584 jam
358 2472 474 2557 redux
510 2472 648 2576 mittit,
674 2475 864 2560 Sancttun·
920 2466 1026 2581 jicere
1042 2493 1230 2556 statuunt.
1262 2471 1357 2566 Quo
1381 2498 1507 2558 autem
1534 2499 1623 2562 tem

154 2617 234 2704 que
259 2591 447 2702 Joannem
468 2589 624 2674 Lucium
640 2589 865 2676 maritimum
920 2615 1012 2698 pore
1026 2646 1038 2691 ,
1050 2617 1202 2703 quaque
1213 2587 1355 2674 ratione
1375 2590 1495 2705 ipsum
1509 2620 1622 2678 occu·

154 2706 350 2793 castellum
374 2705 523 2822 din'pit,
555 2731 594 2794 et
620 2737 701 2824 quo
726 2733 867 2822 tempo-
920 2728 1041 2818 passet
1058 2768 1069 2811 ,
1086 2707 1244 2793 breviter
1266 2705 1500 2793 describitur.

155 2853 197 2911 te
230 2829 359 2910 Petrus
385 2829 516 2911 Cueva
545 2825 638 2910 mari
664 2855 752 2912 cum
781 2827 867 2914 clas·
980 2825 1107 2908 XXX.
1166 2826 1312 2911 Foedus
1343 2827 1437 2912 inter
1469 2828 1623 2915 Pontifi-

156 2971 198 3028 se
231 2943 412 3056 Bajomm
446 2942 632 3048 invadit,
664 2943 865 3057 ipseterra
921 2969 1004 3025 cem
1026 2965 1065 3026 et
1087 2945 1284 3028 Caesarem
1309 2942 1440 3028 inimm
1461 2975 1506 3030 ea
1521 2975 1621 3060 prae·

157 3088 249 3145 cum
274 3061 434 3146 exercitu
461 3061 605 3147 accedit
619 3090 631 3164 ;
647 3091 779 3147 vemm
794 3092 868 3147 ma·
920 3060 1045 3144 sertim
1067 3061 1309 3162 conditione,
1342 3085 1385 3146 ut
1415 3065 1621 3150 Franciscus

156 3176 251 3262 lacia
280 3203 481 3264 comecuta
504 3208 543 3264 et
571 3181 759 3264 contrario
774 3208 866 3266 ven·
921 3171 1056 3262 Sfortia
1093 3178 1367 3264 Mediolanensi
1400 3181 1622 3295 Principatui

158 3319 205 3384 to
235 3292 325 3380 flare
349 3297 569 3411 incipiente,
600 3325 750 3384 necnon
772 3304 866 3383 Lau·
920 3293 1171 3408 praeficiatur.
1223 3296 1477 3410 Hieronymus
1523 3304 1622 3383 Mo-

159 3437 265 3499 treco
300 3413 559 3530 Mariscalique
604 3421 796 3501 Navarrae
826 3448 866 3502 o·
919 3443 1034 3500 ronus
1053 3412 1236 3528 Principes
1258 3412 1399 3499 Italicos
1414 3416 1462 3501 ad
1484 3416 1621 3500 bellum

157 3559 288 3618 mtrem
323 3532 418 3616 circa
448 3533 640 3649 regionem
669 3537 720 3620 ad
763 3563 866 3620 arma
920 3562 991 3647 pro
1015 3527 1176 3633 Sfortia;
1203 3530 1504 3618 Mediolanenses
1527 3563 1621 3619 vero

159 3647 425 3756 vocantibus,
470 3650 707 3756 Beltranus,
755 3651 864 3736 classe
919 3651 968 3736 ad
996 3646 1243 3734 defectionem
1273 3647 1443 3736 solicitat.
1580 3675 1585 3686 '

156 3767 349 3853 discedere
379 3768 501 3879 jussa,
532 3797 613 3856 suas
638 3769 713 3880 ipse
741 3769 865 3882 copias
995 3769 1139 3851 XXXI.
1212 3767 1379 3851 Thomas
1414 3767 1540 3852 Fusius
1570 3767 1622 3852 rei

154 3884 198 3972 in
226 3889 404 3971 Sanctum
433 3887 689 3974 Sebastianum
712 3887 865 3972 reducit.
920 3883 1195 3972 Mediolanensi
1217 3913 1287 3996 pro
1322 3879 1432 3964 fratre
1463 3882 1622 3967 Odetho

246 4005 390 4090 XXVI.
477 4006 582 4092 Idem
653 4011 867 4104 Fontemra·
921 4010 1105 4090 Iautreco
1124 4021 1343 4112 procurator
1366 3999 1525 4114 Regium
1551 4005 1622 4084 Le·

156 4119 263 4202 biam
276 4121 442 4225 obsidet,
457 4147 495 4208 et
508 4123 725 4209 mulierculis
740 4185 750 4229 ,
767 4153 866 4240 quae
922 4121 998 4233 pidi
1029 4147 1095 4232 per
1143 4113 1275 4198 dolum
1302 4113 1496 4202 Invadens
1538 4143 1623 4201 stre·

157 4235 297 4322 cibaria
322 4240 471 4324 obsessis
514 4241 756 4354 deportant,
802 4270 867 4325 au·
923 4264 997 4320 nue
1024 4231 1201 4344 rejIcitur.

160 4352 294 4438 riculas
321 4356 514 4467 proposito
546 4358 713 4468 praemio
735 4357 868 4440 abscin·
982 4355 1141 4436 XXXII.
1215 4350 1390 4436 Odethus
1422 4357 1624 4439 Lauttccus

162 4470 205 4556 di
228 4469 385 4586 indigno
410 4474 583 4586 exemplo
611 4471 714 4585 jubet
745 4535 756 4577 ,
786 4472 870 4556 clas
922 4469 1163 4556 aFrancisco
1198 4467 1395 4553 Gallorum
1439 4474 1543 4588 Rege
1583 4473 1623 4557 in

165 4617 319 4701 semque
347 4589 397 4674 ad
413 4589 561 4676 hostiles
577 4619 730 4676 navesa
755 4614 868 4704 portu
923 4589 1064 4673 Italiam
1111 4614 1308 4702 properare
1353 4588 1492 4699 jussus.
1542 4595 1623 4675 Leo

165 4707 342 4792 arcendas
374 4735 439 4818 per
484 4706 687 4796 Alfonsum
729 4712 870 4794 Merca·
923 4703 1098 4790 Pontifex
1129 4707 1315 4790 Mantuae
1340 4707 1542 4820 Principem
1558 4712 1624 4791 Ita·

169 4822 262 4908 dum
291 4849 500 4938 comparat.
923 4824 1079 4908 licorum
1099 4823 1269 4934 peditum
1292 4825 1535 4938 equitumque
1561 4825 1624 5020 ‹pe-

156 4959 161 4972 '
1293 4939 1366 5024 Ba
1586 4967 1629 5021 e-
