4368 5984
260 555 364 678 fere
377 559 442 676 ab
461 555 656 671 interitu
673 551 948 684 vindicatis,
977 552 1234 702 praebuisti
1249 603 1268 689 3.
1296 591 1344 670 et
1362 649 1379 692 ,
1400 564 1535 714 quod
1566 568 1704 720 initiq

255 747 584 874 testabamur,
600 740 886 891 etfierijanr
906 777 1049 885 posse
1066 781 1173 849 non
1195 745 1573 881 existimabatur,
1599 793 1705 866 am-

254 925 496 1074 plissimae
521 918 810 1029 meritorum
838 955 1051 1024 ruonurn
1078 917 1239 1026 famae
1264 950 1311 1027 et
1349 924 1593 1070 splendori
1617 971 1701 1038 cu-

254 1106 454 1215 mulum
480 1083 634 1212 veluti
660 1099 927 1250 quemdam
958 1099 1181 1250 adjecisti.
1225 1102 1377 1212 Adde·
1405 1109 1544 1255 quod
1573 1145 1702 1222 certe

256 1321 361 1392 run
386 1279 459 1388 ob
485 1275 675 1386 imitam
690 1275 985 1384 modestiam
1003 1315 1278 1426 numquam
1302 1279 1524 1393 animum
1546 1288 1704 1416 subiit,

255 1461 530 1572 Academia
549 1490 717 1565 tamen
729 1455 878 1563 totius
895 1456 963 1566 rei
978 1487 1124 1604 caput.
1136 1496 1237 1566 esse
1250 1543 1265 1586 ,
1279 1489 1327 1566 et
1340 1499 1442 1568 non
1458 1498 1570 1572 casu
1588 1551 1601 1592 ,
1620 1465 1709 1574 sed.

255 1634 482 1790 singulari
501 1635 603 1743 Dei
615 1634 822 1743 consilio
833 1633 1058 1744 accidisse
1072 1667 1317 1767 autumat,
1334 1671 1388 1746 ut
1410 1642 1706 1788 Sepulvedae

251 1815 433 1926 scilicet.
445 1853 596 1962 opera
621 1811 725 1922 hoc
757 1845 982 1962 tempore.
1003 1817 1366 1968 evulgarentur,
1407 1858 1462 1929 ea
1493 1859 1708 1965 praescr--

247 1999 341 2109 tim
355 2087 373 2128 ,
395 2036 526 2149 quae:
549 1997 680 2106 adeo·
697 1998 897 2109 illustria
919 2031 972 2110 et
982 2039 1131 2148 paene
1152 1999 1449 2110 incredibilia
1461 2001 1708 2149 Hispanae

247 2176 405 2328 gentis
419 2179 698 2328 inutroque
711 2178 850 2289 Orbe
867 2180 1148 2328 summique:
1158 2179 1469 2328 Imperatoris
1486 2179 1706 2294 facinora

247 2358 657 2504 complectuntur.
685 2357 748 2467 N
748 2363 834 2468 am
847 2400 995 2511 quern
1011 2400 1080 2468 ru
1089 2448 1109 2490 ,
1135 2359 1356 2468 Cnnora.
1380 2365 1491 2469 Rrx
1508 2392 1594 2489 ,ut
1610 2402 1709 2472 no*

245 2540 380 2650 mine
400 2539 577 2672 refers,
610 2513 846 2652 itaetiam
872 2541 1045 2653 bellica
1055 2543 1202 2653 laude·
1212 2549 1317 2694 jam
1328 2543 1521 2690 pridem
1533 2585 1704 2656 aemu-

245 2717 355 2828 laris
373 2761 391 2847 ς
420 2721 652 2828 eumdem
674 2757 781 2826 non
808 2718 989 2868 justitia
1008 2718 1162 2825 modo
1172 2802 1195 2846 ,.
1217 2723 1614 2854 mansuetudine,
1649 2753 1706 2833 et:

244 2898 588 3046 temperantia,
621 2897 710 3008 sed.
736 2899 889 3012 etiam.
908 2894 1067 3009 effuso.
1090 2901 1146 3008 in
1164 2901 1398 3047 optimas,
1416 2933 1464 3010 et
1477 2900 1703 3012 humano>

244 3075 412 3227 generi.
434 3074 709 3184 fructuosas
726 3080 879 3187 Artes
899 3075 1225 3224 Scienti'asque
1251 3075 1548 3222 patrocium,
1575 3059 1694 3187 invi-

244 3286 328 3364 cta
336 3241 389 3363 in
402 3249 626 3365 secundis
637 3257 940 3406 adversisque
963 3254 1110 3367 rebus
1136 3254 1536 3406 aequanimitate,
1555 3295 1691 3402 prae-

244 3437 394 3546 stanti.
413 3409 634 3591 'denique
666 3439 723 3547 in.
751 3439 964 3586 populos.
984 3477 1112 3547 runa
1149 3474 1298 3546 curae
1337 3466 1394 3544 et·
1446 3436 1692 3549 clientelae

244 3617 541 3729 commissos
562 3619 874 3729 beneficentia
902 3704 916 3749 ‚
949 3618 1217 3768 ceterisque·
1238 3610 1530 3741 virtutibus,
1568 3651 1699 3761 quae

244 3801 437 3949 Regem
450 3837 567 3908 vere
590 3798 788 3908 deceant
804 3884 822 3927 ,
835 3830 1064 3908 nontam
1087 3771 1199 3906 suae
1214 3878 1229 3922 ,
1243 3825 1298 3902 et:
1326 3793 1573 3905 interdum.
1594 3795 1693 3904 ina-

242 3970 297 4078 ni
315 3970 533 4123 gloriae,
557 4011 711 4118 quam
729 3971 954 4118 publicae
979 3971 1172 4081 utilitati
1195 3967 1518 4099 servientem,
1540 3975 1688 4126 longe

243 4149 396 4257 etiam
415 4148 646 4258 omnium:
662 4148 844 4300 judicio
862 4149 1120 4258 antecellis,
1155 4151 1297 4278 Quae
1321 4187 1441 4254 cum.
1463 4148 1536 4257 ita.
1561 4151 1686 4278 sint,

242 4326 454 4436 Maximi.
497 4327 780 4475 Principis,
818 4332 956 4478 cujus
999 4327 1165 4438 famae
1214 4329 1473 4474 praeconia
1524 4359 1693 4439 totum.

241 4508 402 4617 fenne·
418 4527 660 4620 terrarum.
676 4509 856 4620 orbem.
880 4542 1193 4658 pervaserunt
1210 4599 1231 4638 „
1251 4549 1416 4619 rerum
1445 4538 1686 4659 gestarum

238 4683 412 4808 ¹virum
456 4688 725 4838 quamdam
769 4689 1033 4843 imaginem
1080 4689 1152 4816 in¹
1178 4727 1358 4801 manus..
1392 4684 1685 4798 hominum,

1606 4863 1819 4968 Tu·
