4294 5972
566 469 653 592 296
967 490 1051 570 os
1097 485 1295 568 nasus
1337 479 1552 563 ossrrs

519 647 681 751 tabulis
717 681 860 767 tecta,
897 681 1208 785 aequataques
1254 643 1413 744 deinde
1460 639 1709 744 transversis
1752 639 1994 771 asseribus,
2130 761 2131 786 Ν

523 793 651 934 quasi
689 794 853 934 pariete
891 791 1026 932 paulo
1071 824 1232 889 statura
1274 785 1472 888 humana
1517 784 1776 908 humiliore,
1813 789 1863 888 in
1886 792 1993 894 duas

521 974 681 1076 aequas
717 973 859 1077 partes
894 933 1213 1076 distinguitur,
1251 967 1302 1030 ut
1337 931 1652 1072 Regulorum,
1690 933 1992 1076 pecuniaeque

522 1077 809 1189 custodibus,
845 1117 948 1178 cum
985 1111 1124 1177 essent
1168 1073 1341 1211 cymbis
1378 1075 1587 1192 advecti,
1631 1076 1756 1213 quasi
1800 1079 1992 1183 duorum

522 1223 852 1367 ponticulorum
892 1224 1039 1322 vicem
1074 1221 1123 1320 in
1166 1218 1493 1360 permutatione
1541 1217 1825 1358 praeberent.
1871 1229 1993 1328 Tum

523 1366 700 1511 paribus
736 1367 975 1508 equitum,
1012 1366 1304 1504 peditumque
1345 1361 1572 1503 praesidiis
1607 1364 1656 1463 in
1690 1401 1878 1508 utraque
1914 1406 1990 1471 ter·

525 1553 575 1616 ra
609 1511 802 1631 relictis,
844 1510 1054 1612 Kalendis
1097 1508 1213 1643 Julii
1248 1505 1354 1604 hinc
1400 1507 1447 1609 in
1488 1544 1623 1607 unam
1678 1507 1893 1644 cymbam
1944 1555 1994 1616 ex
2131 1589 2132 1610 .

522 1663 706 1796 garantia
748 1654 1063 1757 consuetudine
1112 1647 1376 1768 Cantabrica
1417 1652 1692 1772 nominatis,
1741 1650 1859 1754 ferro
1936 1657 1994 1760 ari

528 1799 723 1903 nummis
760 1801 953 1940 pondere
990 1796 1284 1914 saburratanr,
1328 1832 1431 1896 curn
1467 1796 1651 1937 Regulis
1694 1831 1737 1896 et
1776 1695 1996 1938 Delpllini

529 1946 661 2082 (quo
698 1942 880 2040 nominc
917 1939 1031 2039 Galli
1066 1939 1211 2080 stirpis
1247 1939 1416 2081 Regiae
1453 1940 1701 2041 maximum
1735 1943 1994 2086 appellant)

528 2083 718 2186 nutritio
764 2083 1045 2227 Imperatorii
1079 2081 1263 2226 Legati,
1318 2119 1362 2183 et
1397 2081 1621 2184 nobilium
1663 2119 1839 2186 nostrae
1882 2125 1996 2230 gen·

530 2229 585 2330 tis
622 2225 819 2328 virorum
855 2227 1055 2329 custodia
1090 2228 1420 2338 conscendunt3
1471 2227 1592 2332 illinc
1628 2228 1678 2330 in
1719 2229 1904 2330 alteram
1948 2275 1993 2332 e·
2132 2309 2133 2350 ,

530 2372 701 2509 jusdem
738 2374 908 2514 generis
944 2371 1156 2508 cymbam
1205 2409 1498 2474 nummorum
1544 2413 1668 2475 arcae
1711 2372 1993 2518 obsignatae,

533 2557 560 2616 a
602 2513 764 2657 quibus
806 2518 991 2615 Alvarus
1033 2525 1181 2656 Lugus
1218 2555 1466 2657 numquam
1503 2514 1791 2638 discedebat,
1847 2521 1992 2661 impo-

533 2695 700 2760 nuntur
750 2657 971 2798 clavisque
1007 2653 1273 2800 affiguntur,
1310 2695 1355 2760 et
1390 2700 1494 2762 cum
1529 2663 1706 2803 Legatis
1741 2663 1874 2766 Gallis
1914 2703 1986 2764 no·

533 2800 693 2903 billum
727 2803 924 2931 ejusdem
959 2801 1151 2901 nationis
1187 2813 1385 2904 virorum
1428 2845 1506 2947 par
1541 2807 1809 2947 Hispanicae
1845 2844 1991 2909 custo-

533 2946 607 3046 dia
643 2947 977 3064 conscendunt,
1019 2947 1295 3089 totidemque
1341 2953 1559 3092 remiges,
1595 2985 1645 3050 ut
1688 2951 1990 3092 Hispanorum

535 3090 850 3231 Gallorumque
885 3125 1114 3191 vectorum
1150 3130 1227 3230 par
1274 3126 1379 3193 esset
1416 3094 1465 3193 in
1515 3131 1705 3238 utraque
1748 3097 1908 3231 cymba
1951 3132 1995 3198 et

536 3234 740 3376 pariter,
778 3236 865 3336 hoc
903 3268 1002 3354 est,
1046 3235 1202 3378 gladiis
1245 3237 1475 3338 dumtaxat
1520 3277 1796 3340 armatorum
1856 3240 1994 3342 temi-

535 3417 738 3522 gumque
781 3419 1033 3499 numerus,
1090 3416 1133 3480 et
1177 3421 1255 3522 par
1303 3417 1544 3484 ceterarum
1595 3424 1740 3486 rerum
1790 3385 1996 3486 omnium
2133 3389 2134 3394 ‘

535 3523 767 3643 conditio,
802 3525 886 3624 nisi
920 3525 1047 3665 quod
1082 3525 1286 3626 Velascus
1312 3527 1652 3650 Comestabilis,
1690 3529 1771 3671 qui
1796 3531 1999 3633 nondum

535 3668 650 3769 vires
686 3708 739 3767 ex
776 3667 938 3769 morbo
975 3707 1224 3809 receperat,
1261 3669 1309 3771 in
1347 3711 1484 3814 quem
1529 3673 1873 3813 gravissimum,
1922 3717 2001 3776 nec

536 3811 629 3912 sine
665 3811 912 3949 suspicione
949 3812 1041 3912 dati
1087 3814 1248 3914 veneni
1290 3814 1586 3954 superioribus
1631 3814 1783 3920 diebus
1830 3819 2001 3920 incide-

536 3990 604 4055 rat
617 4032 632 4075 ,
675 3990 794 4057 extra
837 3957 1042 4058 ordinem
1086 3957 1283 4098 pugione
1326 3993 1498 4061 tantum
1544 3995 1770 4084 armatus,
1810 3999 1864 4062 ut
1910 3999 2002 4065 erat

536 4100 871 4222 constitutum,
925 4101 1208 4202 conscendit.
1263 4111 1398 4204 Erant
1445 4139 1662 4246 praeterea
1713 4106 2002 4246 speculatores

536 4246 748 4386 utrinque
796 4245 910 4346 mari
983 4281 1219 4387 terraque,
1271 4248 1441 4390 nequid
1501 4247 1761 4350 insidiarum
1816 4250 2001 4374 lateret,

539 4389 741 4529 dispositi
774 4427 817 4492 et
853 4388 1108 4531 praemissi,
1154 4390 1233 4532 qui
1274 4429 1432 4496 cuncta
1446 4470 1462 4514 ,
1499 4426 1548 4492 ut
1583 4428 1720 4496 essent
1756 4395 1854 4538 pari
1890 4435 2002 4498 con·

539 4529 742 4658 ditione,
781 4537 1134 4635 considerarent.

616 4690 721 4780 XV.
804 4679 976 4778 Eodem
1011 4678 1149 4821 igitur
1185 4716 1385 4824 tempore
1419 4679 1645 4829 profectae
1686 4683 1870 4822 cymbae
1917 4679 2006 4784 ubi

539 4822 596 4925 ad
640 4821 928 4927 constitutam
971 4825 1220 4934 naviculam
1263 4866 1363 4932 sunt
1405 4831 1647 4974 appulsae,
1689 4825 2004 4989 comestabilis

1960 5009 2005 5071 m
