4368 5984
584 429 744 507 xxxiv.
970 417 1105 512 Jonu.
1123 415 1237 489 ceu.
1262 415 1569 493 sEuUtvEDAE
1649 457 1651 464 ,

561 555 740 649 Bruxellis
769 549 909 636 XVIII.
938 546 1102 633 Kalend.
1131 545 1326 631 Novemb.
1357 575 1445 632 ann.
1472 576 1616 658 1531,
1658 551 1731 636 &c
1764 581 1880 668 quem
1908 557 2006 651 idem

559 673 772 794 Sepulveda
804 669 1042 754 inclementer
1077 664 1222 781 sugillat
1255 682 1268 721 ¹
1309 667 1418 781 quod
1433 669 1575 753 Erasmi
1592 695 1737 785 praeter
1768 675 1925 762 modum
1942 683 2007 768 ad·

561 799 713 883 mirator
745 821 810 876 eos
840 787 1003 905 graviter
1027 810 1199 889 accuset,
1225 786 1292 900 qui
1323 786 1499 872 adversus
1532 787 1653 872 virum
1684 793 1814 898 hunc,
1849 796 2005 886 doctum

557 915 665 1020 licet,
701 937 867 998 attamen
883 930 1124 1022 arrogantem
1149 933 1193 988 ac
1218 930 1368 991 tanturn
1395 935 1477 991 non
1506 907 1708 1026 Religionis
1725 911 1873 999 hostem
1890 916 2005 1005 infen-

558 1037 737 1125 sissimum
766 1029 953 1112 calamum
974 1025 1228 1110 strinxerunt.

649 1160 764 1240 Anno
785 1176 910 1256 1531.
937 1173 1025 1229 cum
1049 1173 1191 1261 magno
1221 1143 1348 1229 studio
1379 1173 1595 1263 magnaque
1620 1147 1822 1235 doctorum
1838 1153 2005 1242 virorum

556 1270 801 1361 contentione
825 1265 998 1381 quaestio
1024 1265 1073 1350 de
1107 1264 1272 1349 divortio
1292 1264 1525 1381 agitarentr,
1559 1267 1663 1353 haud
1680 1270 1858 1384 equidem
1874 1302 1920 1358 ex
1948 1272 2007 1360 ol·

557 1393 644 1480 ficio
659 1421 697 1478 se
714 1389 901 1474 facturum
926 1383 1088 1499 putavit,
1106 1382 1188 1468 siin
1207 1383 1319 1467 tantis
1344 1382 1572 1470 clamoribus
1587 1387 1881 1496 conticesceret,
1904 1394 2006 1490 Qui-

558 1512 704 1630 gnonio
722 1539 809 1595 eum
827 1504 1041 1620 praesertim
1075 1502 1390 1588 adscribendum
1421 1503 1599 1589 hortante
1630 1531 1745 1622 atque
1778 1508 2001 1622 impellente.

557 1637 692 1747 ltaque
709 1658 788 1715 non
804 1647 954 1710 tantum
983 1653 1080 1707 onus
1097 1671 1113 1728 ,τ
1132 1622 1242 1736 quod
1275 1621 1339 1706 sibi
1354 1652 1378 1704 a
1394 1623 1612 1737 gravissimo
1642 1625 1705 1709 illo
1721 1625 1804 1713 viro
1830 1629 2003 1742 impone-

555 1751 695 1854 batur,
722 1771 856 1862 sponte
876 1743 1062 1858 suscepit,
1085 1741 1151 1827 sed
1180 1739 1307 1858 vagari
1323 1740 1458 1845 latius,
1487 1766 1665 1827 ettotam
1691 1745 1740 1829 de
1765 1745 1836 1830 ritu
1854 1748 2002 1862 nuptia-

557 1901 643 1956 rum
668 1865 991 1981 disputationem,
1020 1886 1207 1976 quatenus
1234 1889 1289 1944 tes
1323 1860 1605 1946 matrimonium
1621 1861 1864 1976 impedientes
1892 1866 2006 1954 attin-

558 1991 641 2106 git,
672 1988 787 2101 paulo
817 1980 1051 2085 accuratius,
1082 1981 1148 2065 sed
1177 1978 1329 2064 strictim
1354 2005 1483 2065 tamen
1505 1982 1610 2066 obire
1624 1981 1850 2091 constituit3
1875 1984 2005 2070 umul-

429 2139 431 2142 ·
560 2137 636 2222 que
666 2105 770 2190 haud
799 2101 915 2217 paulo
930 2099 1205 2214 impeditiorem
1231 2099 1489 2213 quaestionem
1521 2100 1570 2187 de
1588 2100 1862 2214 dispensatione
1896 2102 2005 2188 disse·

559 2253 654 2311 tere.
681 2230 812 2338 Itaque
826 2225 974 2305 Rornae
989 2217 1106 2304 edidit
1129 2219 1193 2300 De
1214 2226 1294 2300 ritu
1311 2228 1523 2327 nuptiarum
1549 2235 1587 2300 et
1602 2224 1872 2328 dt'spensutt'one
1887 2225 2005 2305 libros

561 2359 642 2427 tres
667 2342 716 2427 ad
733 2340 965 2426 Franciscum
998 2335 1264 2452 Quignonium
1283 2340 1318 2420 S.
1336 2340 1384 2420 R.
1399 2343 1445 2421 E.
1474 2338 1714 2426 Cardinalem
1738 2340 1862 2424 Presb.
1895 2340 1953 2426 tit.
1970 2343 2006 2424 S.

562 2461 693 2546 Crucis
708 2461 745 2544 in
762 2457 991 2574 Jerusalem,
1025 2455 1255 2570 Episcopum
1273 2456 1530 2542 (auriensem.
1777 2465 1779 2469 '

655 2579 770 2662 Libro
785 2577 909 2690 primo
935 2573 1202 2688 impedimenta
1218 2574 1434 2689 nuptiarum
1451 2637 1464 2680 ,
1490 2574 1564 2659 hoc
1581 2599 1657 2680 est,
1686 2605 1747 2663 eas
1763 2605 1820 2663 res
1842 2639 1854 2683 ,
1871 2577 2008 2694 quibus

563 2697 868 2782 antecedentibus
885 2693 1165 2777 matrimonium
1181 2723 1262 2778 non
1289 2693 1483 2798 consistit,
1511 2719 1551 2779 et
1565 2724 1646 2810 quo
1663 2725 1719 2779 tes
1738 2727 1915 2812 quaeque
1932 2697 2009 2806 jure

563 2815 772 2932 impediat,
800 2811 968 2898 latissime
987 2837 1120 2897 auctor
1135 2813 1302 2926 explicat.
1337 2819 1380 2897 In
1405 2813 1573 2899 secundo
1595 2812 1810 2915 disseritur,
1840 2815 1934 2931 quid
1964 2815 2009 2899 sit

566 2933 822 3050 dispensatio,
853 2957 892 3018 et
907 2961 1024 3046 quant
1057 2933 1256 3016 necessaria
1279 2931 1329 3016 ad
1347 2933 1475 3050 leges,
1508 2932 1643 3047 quibus
1673 2933 1840 3016 humana
1855 2936 2010 3018 societas

566 3079 604 3140 et
620 3052 751 3169 religio
777 3075 1049 3156 conservatur,
1079 3050 1354 3134 moderandas:
1386 3053 1513 3167 legum
1539 3080 1696 3166 quoque
1724 3081 1864 3168 genera
1893 3079 2011 3168 quae,

567 3199 606 3259 et
623 3171 747 3286 qualia
763 3169 1000 3273 habeantur,
1030 3193 1068 3253 et
1098 3168 1234 3283 quibus
1250 3169 1383 3254 datum
1401 3169 1445 3253 sit
1460 3198 1521 3252 eas
1554 3169 1614 3255 vel
1641 3172 1806 3254 condere
1821 3169 1883 3255 vel
1898 3171 2010 3255 inter·

569 3290 733 3406 pretari,
766 3312 832 3372 aut
863 3287 901 3370 in
932 3287 1014 3402 ipsis
1040 3287 1325 3403 quoquomodo
1356 3285 1592 3401 dispensare,
1624 3288 1809 3373 docetur:
1839 3288 2013 3373 adhaec

535 3459 538 3466 Δ
570 3408 608 3492 in
627 3410 751 3525 legum
769 3435 1014 3607 quocumque
1049 3433 1184 3520 genere
1202 3405 1513 3521 dispensationem
1539 3405 1685 3492 boniet
1701 3405 1812 3521 aequi
1835 3407 2015 3524 interpre-

570 3528 751 3613 tationem
785 3553 862 3611 esse
891 3526 961 3610 dec
976 3548 1125 3608 aratur.
1157 3525 1306 3608 Tertius
1335 3524 1425 3608 libet
1459 3549 1563 3609 totus
1580 3549 1636 3610 est
1667 3525 1705 3607 in
1737 3524 2014 3640 impedimentis

571 3644 796 3732 matrimonii
823 3641 1080 3744 recensendis,
1117 3667 1155 3726 et
1171 3669 1358 3758 quatenus
1374 3643 1411 3726 in
1439 3642 1587 3760 singulis
1617 3643 1882 3756 dispensationi
1896 3647 1942 3731 sit
1958 3643 2014 3728 lo·

570 3795 663 3851 cus.
697 3765 771 3850 Scd
799 3763 837 3845 in
871 3792 916 3846 ea
943 3760 1162 3876 quaestione
1190 3763 1347 3848 maxime
1378 3763 1505 3847 haeret
1533 3762 1773 3875 Sepulveda,
1797 3792 1896 3876 quae
1922 3787 2014 3850 tunc

572 3883 749 3996 temporis
785 3882 983 3995 praecipue
1015 3879 1256 3995 agitabatur,
1288 3883 1338 3967 de
1369 3880 1642 3994 dispensatione
1667 3881 1894 3966 matrimonii
1925 3909 2015 3967 cum

574 3999 740 4087 defuncti
763 3997 880 4084 fratris
904 4029 948 4084 ac
974 3997 1048 4082 sine
1064 3997 1182 4083 liberis
1208 3999 1421 4084 decedentis
1437 3999 1552 4085 vidua
1569 4061 1582 4104 ,
1598 4029 1714 4114 quam
1740 4027 1808 4084 nec
1836 4001 1943 4085 sacris
1958 3999 2015 4081 lit·

571 4119 686 4222 teris‚
719 4147 788 4202 nec
806 4118 873 4228 iuri
891 4143 1076 4222 naturae,
1108 4147 1177 4203 nec
1201 4117 1406 4232 priscorum
1422 4116 1648 4203 Pontificum
1682 4117 1857 4203 consultis
1881 4118 2016 4206 advet-

573 4269 652 4324 sam
668 4265 769 4341 esse,
788 4235 881 4346 iusta
897 4266 1008 4322 causa
1024 4262 1273 4351 suppetente,
1291 4238 1380 4324 totis
1401 4236 1542 4322 viribus
1558 4235 1707 4322 asserit.
1734 4239 1866 4330 Quare
1878 4262 2016 4322 eorum

573 4355 762 4470 improbat
782 4356 975 4440 consilium
995 4416 1006 4459 ,
1036 4356 1104 4467 qui
1138 4386 1257 4468 nuper
1271 4357 1440 4442 Hentico
1473 4356 1736 4442 Britannorum
1755 4355 1850 4472 Regi
1866 4355 2016 4469 optimo

573 4501 614 4559 et
629 4473 896 4590 religiosissimo
925 4472 1140 4586 scrupulum
1165 4475 1393 4583 injecerant,
1421 4502 1471 4557 ne
1498 4499 1631 4558 contra
1645 4473 1862 4589 religionem
1893 4469 2017 4557 facere

572 4593 763 4680 videretur
781 4654 793 4697 ,
813 4593 840 4676 si
866 4591 1111 4676 Catharinam
1129 4592 1311 4706 Reginam
1329 4653 1342 4696 ,
1374 4591 1572 4705 pudicitiae
1600 4621 1724 4676 ratum
1742 4619 1786 4674 ac
1803 4593 1926 4678 omnis
1941 4590 2016 4678 vit*²

573 4713 661 4799 tutis
684 4709 927 4824 exemplum,
952 4739 1069 4826 quant
1086 4741 1109 4796 a
1126 4705 1238 4795 fratte
1255 4713 1420 4797 Arcturo
1437 4709 1592 4796 viduam
1607 4709 1772 4796 relictam
1798 4708 1904 4797 duxit
1921 4771 1933 4818 ,
1959 4735 2017 4842 τε·

1972 4852 2017 4911 n·

617 5014 630 5055 r
676 4995 801 5071 EpIstol.
815 4995 956 5072 sequenti.
