4294 5972
543 469 630 576 3⁵8
952 472 1034 554 DE
1075 470 1280 560 nauus
1328 461 1590 554 trustra¹

499 675 658 744 tensa
704 628 1017 736 communiet
1056 629 1282 747 militari,
1325 669 1560 732 conscenso
1605 665 1724 771 equo
1770 627 1819 732 in
1861 640 1966 738 Ger-

500 819 697 899 manos,
742 815 938 921 quorum
986 775 1197 879 sermonis
1243 706 1508 878 rionnullum
1557 815 1686 878 usum
1740 773 1956 903 habebat,

500 961 725 1028 curaturus
763 925 1143 1065 imperaturusque
1182 919 1442 1022 contendit.
1480 930 1545 1020 Ex
1582 921 1743 1062 quibus
1776 861 1960 1028 militeni

498 1068 835 1212 scloppetarium
877 1067 1008 1209 paulo
1045 1063 1224 1208 longius
1268 1065 1551 1166 excedentem
1594 1067 1871 1208 conspicatus
1918 1071 1963 1172 in

497 1256 598 1320 eum
634 1215 756 1317 hasta
788 1207 986 1330 infensa,
1027 1250 1165 1351 quarn
1202 1249 1386 1352 parvam
1421 1249 1557 1310 manu
1588 1210 1819 1353 gestabat,
1863 1252 1965 1316 ver-

497 1357 614 1462 bis
603 1398 827 1501 increpans
863 1355 1118 1459 invehitur.
1166 1366 1405 1456 Germanus
1443 1391 1629 1472 autem,
1667 1356 1740 1457 cui
1778 1359 1962 1460 Carolus

499 1540 590 1606 erat
626 1506 837 1648 ignotus,
876 1541 957 1602 nec
994 1536 1122 1606 antea
1158 1501 1310 1618 visus,
1353 1527 1510 1601 contra
1546 1499 1643 1598 vim
1679 1541 1768 1602 sese
1811 1497 1964 1606 defen·

499 1651 602 1750 dere
640 1683 795 1792 parat,
838 1684 954 1748 ratus
990 1644 1154 1746 scilicet
1195 1577 1407 1746 Carrilum
1450 1638 1724 1784 praefectum
1770 1645 1962 1790 aliquem

499 1794 803 1952 Hispanorum
846 1831 967 1909 esse,
1016 1788 1096 1930 qui
1143 1785 1229 1888 sibi
1280 1788 1409 1890 vellet
1458 1787 1652 1908 vulnus,
1701 1825 1777 1892 aut
1823 1791 1962 1893 eriam

498 1974 693 2038 mortem
729 1973 855 2037 more
900 1934 1207 2073 Hispanorum
1243 1971 1294 2032 ac
1334 1932 1547 2032 Italorum
1613 1866 1811 2047 iriferre,
1862 1974 1960 2036 non

497 2079 674 2222 ignatus
710 2079 914 2181 videlicet
955 2077 1113 2176 harum
1155 2076 1361 2219 gentium
1404 2077 1769 2179 consuetudinem
1811 2071 1964 2196 ferre,

497 2259 551 2324 ut
584 2264 632 2326 ιιι
659 2223 787 2329 bello
812 2205 967 2333 militis
1003 2220 1289 2384 pervicacta,
1311 2221 1382 2323 vel
1414 2220 1589 2323 licentia
1618 2219 1841 2326 interdum
1867 2261 1960 2324 ma·

498 2407 559 2472 nu
603 2369 725 2470 ducis
761 2402 1044 2485 coerceatur,
1079 2401 1123 2465 et
1158 2363 1344 2467 severius
1381 2365 1518 2506 quarn
1547 2403 1631 2508 pro
1667 2368 1837 2469 ratione
1868 2367 1959 2470 cul-

499 2551 582 2652 pae
619 2515 675 2614 ad
713 2519 879 2613 ceteros
916 2509 1196 2609 deterrendos
1233 2507 1500 2630 vindicetur,
1537 2547 1563 2608 a
1599 2549 1688 2652 qua
1725 2549 1959 2614 consueru-

498 2656 603 2756 dine
638 2656 833 2755 multum
874 2650 1111 2753 abhorrent
1147 2653 1397 2774 Germani,
1437 2691 1542 2796 gens
1589 2690 1746 2758 natura
1788 2653 1958 2758 liberti

498 2836 603 2917 ma,
640 2799 844 2902 libentius
880 2795 1080 2940 legibus,
1100 2835 1260 2938 quam
1272 2799 1614 2941 Magistratuum
1650 2797 1961 2940 Principumve

498 2929 685 3043 arbitrio
719 2978 794 3044 aut
829 2941 1048 3043 voluntati
1084 2979 1278 3081 parens,
1316 2982 1409 3084 quo
1446 2939 1529 3062 fit,
1562 2980 1612 3044 ut
1652 2943 1879 3046 neminem
1921 2943 1960 3043 i

497 3121 678 3223 psorum
724 3085 983 3229 patiantur,
1022 3123 1076 3184 ne
1122 3086 1170 3186 in
1216 3083 1333 3186 bello
1370 3019 1590 3228 quidtin,
1630 3087 1798 3188 indicta
1834 3125 1956 3188 causa

497 3229 672 3367 plecti,
716 3271 797 3332 nec
840 3229 897 3332 ab
943 3229 1074 3349 alio,
1108 3266 1246 3372 quarn
1289 3231 1434 3332 asuis
1478 3227 1812 3373 Magistratibus
1849 3269 1955 3334 con·

497 3374 726 3476 demnari.

568 3526 673 3618 XX.
747 3515 1038 3618 Germanus
1026 3513 1162 3659 rgitut
1190 3513 1275 3618 sibi
1306 3553 1504 3618 mentens
1538 3517 1754 3620 aCarolo
1770 3555 1956 3662 ,quern

496 3661 586 3760 telo
622 3656 782 3762 infesto
817 3699 860 3761 se
894 3662 1174 3762 invadentem
1212 3662 1509 3803 conspiciebat
1543 3702 1599 3763 eo
1637 3661 1838 3785 sublato,
1860 3703 1958 3765 suae

496 3803 621 3905 saluti
657 3786 881 3906 consulere
932 3835 1107 3948 parans
1136 3805 1481 3968 scloppetttm
1468 3843 1517 3906 ιιι
1555 3805 1821 3909 Carolum
1809 3843 1956 3908 ruten-

496 3946 592 4068 dit,
629 3939 907 4092 igniculum,
943 3987 1080 4092 quem
1113 3947 1262 4055 flando
1299 3988 1420 4092 prrus
1454 3949 1742 4069 excitaverat,
1779 3949 1815 4051 si
1854 3989 1958 4092 pro·

497 4091 595 4234 pius
620 4093 803 4194 Carolus
828 4095 1030 4195 accedere
1035 4129 1294 4258 pergeret,
1313 4094 1596 4195 admoturus.
1637 4093 1842 4213 Carolus,
1869 4095 1956 4193 hoc

495 4236 830 4358 animadverso,
866 4237 1068 4378 ancipitis
1098 4277 1154 4337 ac
1190 4237 1411 4382 inopinati
1445 4237 1680 4401 periculi
1664 4275 1781 4373 justo
1814 4273 1957 4338 etna·

498 4382 693 4480 turali
663 4418 825 4484 umore
860 4389 1074 4523 perculsus
1101 4421 1278 4523 equum
1296 4381 1464 4486 inhibet
1481 4383 1825 4546 ,paulisperque
1853 4420 1955 4482 con·

499 4521 641 4624 sistit:
686 4557 791 4626 tunc
828 4527 1098 4628 auctoritatis
1134 4562 1178 4629 et
1224 4525 1556 4630 existimationis
1607 4564 1707 4630 suae
1758 4561 1950 4642 mernor,

497 4701 556 4776 ne
593 4701 716 4832 turpe
750 4668 972 4772 videretur
1006 4682 1323 4812 Imperatorem
1365 4705 1487 4774 metu
1527 4672 1658 4773 unius
1700 4671 1766 4772 sui
1807 4664 1956 4770 militis

499 4808 605 4912 ab
593 4813 797 4914 instituto
833 4815 1073 4937 desistere,
1114 4853 1258 4918 rursus
1300 4817 1346 4918 in
1388 4827 1659 4944 Germanum
1701 4814 1958 4931 invehitur,

1862 4997 1960 5058 non
