4326 5986
572 461 665 559 414
1011 453 1099 537 ou
1147 451 1346 536 nunus
1392 451 1620 536 cnsrts
1694 421 1697 424 ’

531 624 587 724 de
624 613 826 733 ratione,
866 651 956 756 qua
991 622 1288 755 Magonenses
1325 612 1381 711 de
1425 649 1506 712 suo
1551 605 1743 713 adventu
1792 609 1988 720 certiores

531 762 716 881 faceret,
736 795 781 860 et
817 799 922 859 cum
958 756 1018 856 eis
1055 756 1236 856 consilia
1270 755 1652 876 communicaret,
1672 752 1798 855 anxie
1835 757 1984 861 delibe-

533 907 650 1010 ranti
694 902 836 1004 homo
878 900 1064 1043 quidam
1112 898 1302 1040 impiger
1350 935 1394 998 et
1436 898 1695 1021 animosus,
1733 899 1814 1040 qui
1854 904 1982 1043 capite

531 1054 760 1153 damnatus
795 1041 902 1186 fuga
938 1084 981 1144 se
1018 1082 1187 1184 poenae
1224 1040 1519 1161 subtraxerat,
1550 1079 1674 1143 suam
1710 1079 1894 1183 operam
1921 1047 1988 1148 de-

530 1194 661 1312 tulit,
697 1231 748 1290 ac
783 1187 1046 1328 impunitate
1080 1186 1299 1326 veniaque
1336 1185 1560 1327 proposita
1596 1186 1829 1328 negotium
1861 1190 1986 1292 eundi

536 1372 579 1438 et
615 1334 826 1470 redeundi
861 1331 1074 1472 suscepit.
1118 1341 1156 1430 Is
1193 1365 1271 1470 per
1316 1366 1487 1470 partem
1532 1323 1588 1428 ab
1630 1326 1830 1430 hostibus
1872 1370 1987 1433 aver·

534 1518 628 1582 sam
670 1517 759 1578 sese
801 1475 914 1575 mari
964 1473 1247 1575 committens
1291 1473 1338 1573 in
1375 1473 1595 1612 oppidum
1632 1473 1883 1594 adnotavit,
1917 1511 1987 1614 pet

533 1661 670 1767 quem
706 1620 860 1720 eadem
896 1618 967 1720 via
995 1618 1252 1718 redeuntem
1277 1614 1493 1757 oppidani
1519 1616 1726 1716 Oliverio
1751 1656 1831 1757 pto
1859 1618 1985 1719 maxi-

532 1806 611 1867 mo
647 1761 864 1867 beneficio
908 1760 1176 1862 immortales
1222 1760 1380 1900 gratias
1423 1792 1603 1901 agunt3
1642 1798 1779 1900 quam
1820 1762 1868 1861 in
1912 1803 1987 1863 an.

532 1944 662 2051 gusto
698 1944 762 2007 res
798 1906 885 2024 sit,
924 1905 1113 2012 docenti
1150 1937 1321 2044 partem
1358 1903 1473 2004 muri
1499 1903 1555 2004 ab
1588 1898 1784 2003 hostibus
1814 1939 1985 2006 stratam

533 2091 651 2182 esse,
672 2088 752 2150 nec
791 2088 914 2189 posse
951 2081 1097 2148 tantae
1134 2046 1411 2148 multitudini
1449 2081 1541 2147 tam
1577 2084 1774 2187 paucos,
1793 2046 1876 2148 nisi
1899 2087 1987 2146 ma·

532 2231 625 2296 ture
664 2192 976 2310 subveniatur,
1015 2186 1252 2297 obsisteret
1286 2227 1408 2292 orate
1443 2225 1486 2290 et
1510 2219 1592 2330 ‘per
1627 2202 1780 2292 Deum
1810 2191 1987 2291 immor·
2127 2204 2128 2246 ¹

529 2338 663 2440 talem
698 2334 936 2454 obtestari,
974 2369 1025 2434 ut
1060 2368 1273 2474 coeptum
1311 2329 1579 2436 beneficium
1607 2330 1838 2454 absolvat,
1862 2331 1987 2434 facta·

530 2520 618 2625 que
655 2481 703 2580 in
740 2479 886 2579 hostes
922 2477 1205 2618 impressione
1242 2477 1291 2575 itt
1327 2476 1548 2615 oppidum
1585 2474 1824 2618 irrumpere
1859 2516 1985 2577 cone-

530 2661 632 2732 turs
671 2623 793 2726 aliter
828 2621 1051 2764 impetum
1086 2618 1286 2721 hostium
1322 2619 1488 2722 diutius
1530 2659 1556 2718 a
1591 2659 1636 2720 se
1671 2620 1870 2722 sustineri
1901 2659 1983 2722 non

529 2803 695 2911 posse.

602 2917 678 3014 Vl.
712 2997 714 3002 ,
751 2904 973 3012 Oliverius
1008 2899 1164 3008 officio
1207 2937 1251 3006 ct
1293 2903 1567 3006 humanitate
1611 2905 1808 3027 ductus,
1849 2945 1909 3009 ne
1948 2947 1987 3007 se

529 3050 800 3193 inspectante
836 3085 880 3153 et
915 3050 1193 3193 quiescente,
1234 3085 1490 3193 expugnato
1536 3048 1711 3191 oppido
1748 3091 1849 3152 suae
1895 3049 1989 3154 fidei

527 3197 797 3314 commisso,
835 3226 880 3296 et
916 3192 1033 3294 bello
1080 3190 1335 3295 melioribus
1380 3191 1619 3312 concissis,
1663 3193 1858 3336 reliquus
1902 3195 1986 3336 pius
2129 3257 2130 3290 ÷

527 3339 718 3480 populus
755 3329 1055 3439 miserabiliter
1090 3334 1147 3438 ab
1183 3337 1334 3478 impiis
1383 3335 1430 3440 in
1474 3334 1730 3440 servitutem
1770 3337 1994 3440 abstrahe-

527 3517 678 3602 retur,
719 3482 869 3582 statuit
904 3481 976 3584 vel
1011 3519 1117 3583 cum
1154 3519 1234 3581 suo
1270 3479 1578 3621 auxiliansque
1612 3519 1767 3583 manus
1794 3482 1993 3586 maximo

527 3624 725 3768 periculo
761 3619 986 3726 fortunam
1028 3623 1135 3725 belli
1178 3659 1371 3727 tentare.
1425 3633 1643 3726 Hortatur
1683 3625 1822 3768 igitur
1868 3665 1998 3749 suos,

527 3805 584 3867 ne
619 3769 667 3868 in
702 3799 895 3870 extremo
931 3765 1126 3907 periculo
1162 3767 1352 3888 vicinis,
1392 3803 1436 3868 et
1473 3767 1659 3888 amicis,
1698 3769 1894 3912 denique
1932 3809 1997 3872 re·

527 3909 696 4053 ligione
731 3912 856 4054 quasi
889 3907 1094 4014 fratribus
1129 3909 1362 4032 deessent,
1394 3951 1528 4055 seque
1564 3913 1724 4015 ducem
1759 3915 1815 4017 ad
1852 3953 1993 4058 opem

527 4053 831 4157 miserabiliter
881 4051 1182 4159 laborantibus
1229 4047 1455 4157 ferendam
1504 4093 1828 4201 sequerentutt
1878 4059 2001 4161 viam

528 4238 616 4301 esse
684 4237 730 4300 er
771 4199 942 4300 medios
977 4197 1121 4301 hostes
1164 4239 1259 4301 non
1304 4201 1397 4303 sine
1439 4201 1636 4344 periculo
1680 4202 1999 4345 aperiendam

527 4345 602 4441 sed
637 4239 823 4446 iiittibus
859 4342 995 4464 viris,
1034 4378 1078 4445 et
1114 4343 1236 4485 piam
1271 4382 1446 4448 causam
1479 4341 1735 4450 foventibus
1760 4347 1879 4450 nihil
1911 4389 1998 4450 esse

527 4475 737 4605 difficile,
775 4487 854 4626 qui
891 4524 936 4586 re
972 4489 1205 4627 expedita,
1246 4485 1424 4593 laudem
1466 4490 1764 4594 immortalem
1806 4529 1852 4594 et
1897 4531 1997 4636 gra·

527 4625 637 4726 tiam
672 4626 728 4729 ab
764 4624 1021 4730 hominibus
1057 4666 1196 4732 essent
1230 4631 1426 4755 inituri,
1462 4634 1529 4737 sin
1565 4670 1712 4742 autem
1754 4675 1877 4738 secus
1920 4671 1994 4735 ac-

527 4769 730 4918 cidisset,
766 4772 907 4917 ipsam
943 4813 1126 4920 quoque
1163 4811 1361 4884 mortem
1396 4779 1636 4924 gloriosam
1670 4776 1797 4905 fore,
1826 4814 1868 4886 et
1895 4789 1997 4920 gra·

1882 4923 1995 5024 dum
