4294 5972
551 391 636 478 332
946 374 1030 452 DE
1070 371 1277 451 REBUS
1317 370 1541 452 Gestis

506 511 636 657 bris,
669 531 748 674 qui
783 526 867 631 fuir
901 567 1035 630 annus
1072 567 1098 626 a
1132 525 1314 626 Christo
1348 564 1453 626 nato
1478 522 1724 667 trigesimus
1752 525 1965 630 'secundus

515 717 640 819 supra
685 674 966 776 millesimum
1001 669 1436 810 quingentesimum.
1469 671 1567 770 -sed
1601 709 1703 772 cum
1746 672 1803 770 ad
1846 671 1963 770 mul-

514 856 604 921 tam
642 819 758 918 diem
796 851 901 918 esset
935 814 1174 914 commoda
1208 809 1489 953 navigatione
1524 851 1662 932 usus,
1698 852 1793 912 non
1828 813 1958 954 longe

519 1007 545 1066 a
580 961 924 1078 Promontorio,
961 957 1084 1098 quod
1120 955 1258 1097 vulgo
1293 961 1587 1088 Spartaeotntum
1608 954 1856 1095 appellant,
1879 991 1963 1056 tur-

521 1104 626 1208 bato
665 1139 839 1244 repente
874 1100 999 1201 coelo
1050 1096 1281 1201 vehemens
1317 1133 1472 1198 ventus
1516 1137 1619 1200 cum
1661 1098 1801 1198 imbre
1837 1137 1966 1198 com-

521 1230 672 1350 mistus
708 1247 808 1348 llare
844 1244 1025 1384 coepit,
1061 1241 1121 1341 ita
1157 1274 1206 1340 ut
1240 1239 1367 1340 classe
1401 1241 1580 1369 disjecta
1632 1278 1761 1342 naves
1814 1278 1967 1341 onera-

524 1392 641 1508 riae,
660 1427 770 1528 quae
808 1423 851 1486 se
886 1387 933 1486 in
968 1385 1107 1485 altum
1130 1419 1265 1482 vento
1299 1382 1504 1481 dederant
1521 1460 1536 1502 ,
1555 1383 1783 1483 contractis
1819 1381 1970 1482 omni-

525 1529 603 1633 bus
638 1532 742 1630 velis
791 1529 987 1668 quinque
1029 1524 1213 1630 circiter,
1244 1521 1371 1621 horas
1405 1562 1507 1624 cum
1544 1562 1708 1664 magno
1744 1565 1824 1624 suo
1850 1525 1969 1663 peri·

526 1675 628 1773 culo
671 1682 956 1802 jactarentur.
1009 1676 1131 1766 Nam
1179 1700 1383 1765 rostratae
1429 1666 1615 1808 remigio
1657 1666 1706 1766 in
1748 1667 1972 1769 Calabriae
2118 1739 2119 1774 r

527 1814 776 1956 proximam
836 1849 960 1909 oram
1012 1807 1174 1907 delatae
1220 1807 1269 1906 in
1326 1805 1525 1908 anchoris
1569 1809 1879 1926 constitemnt3
1923 1847 1971 1908 et

529 1953 730 2093 quamvis
766 1990 857 2054 non
894 1952 985 2050 sine
1021 1947 1245 2089 periculo,
1281 1949 1498 2088 impetum
1535 1985 1684 2049 tamen
1719 1949 1862 2050 nimbi
1895 1950 1971 2051 vi«

531 2129 761 2196 taverunt.
800 2090 895 2193 Ubi
929 2129 1082 2193 ventus
1119 2089 1290 2228 quievit
1325 2090 1373 2190 in
1407 2089 1757 2231 Peloponnesum
1789 2094 1853 2194 ire
1877 2131 1971 2232 per-

531 2273 672 2381 gunt,
708 2276 799 2377 quo
836 2233 1031 2374 magistri
1065 2271 1217 2332 omnes
1253 2233 1433 2334 navium
1466 2236 1569 2368 jussi
1601 2230 1804 2362 fuerant,
1825 2235 1861 2334 si
1890 2234 1971 2334 tale

532 2379 745 2519 quiddam
787 2377 1035 2494 accidisset,
1077 2414 1252 2476 cursum
1292 2376 1509 2517 dirigere.
1555 2379 1627 2478 Ad
1668 2375 1973 2512 Zacynthum,

533 2523 836 2658 Peloponneso
879 2519 1149 2647 adjacentem
1202 2517 1426 2638 insulam,
1467 2517 1713 2622 triremibus
1760 2520 1969 2661 appulsis,

533 2663 674 2764 Doria
708 2660 756 2760 in
791 2656 989 2758 anchoris
1024 2698 1151 2760 naves
1187 2660 1427 2781 onerarias,
1463 2701 1577 2802 quae
1611 2662 1821 2802 dispersae
1856 2657 1972 2762 fere-

535 2801 723 2921 banmr,
761 2836 999 2940 exspectare
1042 2801 1294 2902 constituit.
1335 2803 1634 2905 Assectabatur
1669 2805 1862 2906 triremes
1896 2843 1976 2904 na-

536 2945 601 3044 vis
637 2946 851 3086 quaedam
884 2939 1025 3044 forma
1058 2980 1102 3046 er
1136 2944 1438 3086 magnitudine
1474 2935 1716 3066 onerariae,
1753 2945 1884 3086 paulo
1915 2981 1976 3046 ta-

537 3125 641 3188 men
676 3123 719 3186 et
754 3087 990 3226 depressior
1024 3122 1067 3185 et
1103 3086 1231 3187 latior
1276 3089 1504 3222 (Galeonem
1539 3091 1675 3230 vulgo
1718 3088 1976 3223 nominant)

539 3268 673 3368 quarn
710 3229 835 3328 omni
869 3268 1023 3367 genere
1057 3246 1305 3349 armorum,
1344 3232 1570 3372 praecipue
1599 3229 1855 3332 bombardis
1890 3231 1980 3371 pri-

536 3409 635 3471 mae
669 3369 1014 3510 magnitudinis,
1051 3406 1142 3472 tam
1190 3372 1445 3473 instructam
1486 3372 1676 3475 habebat
1723 3372 1899 3502 Doris,
1935 3407 1983 3472 ut

537 3511 669 3612 instar
704 3548 809 3612 esset
844 3511 951 3612 arcis
985 3514 1324 3622 munitissimaes
1360 3554 1492 3655 quare
1527 3517 1668 3657 ipsam
1685 3555 1709 3614 a
1728 3512 1985 3616 triremibus

538 3655 751 3756 discedere
787 3694 1010 3795 nunquam
1046 3653 1327 3793 patiebatur,
1353 3697 1378 3755 a
1404 3658 1562 3796 quihus
1593 3658 1788 3760 remulco
1813 3658 1862 3758 in
1891 3697 1987 3758 ma·

537 3795 646 3897 lacia
681 3837 773 3897 non
806 3799 898 3896 sine
932 3836 1096 3938 magno
1130 3798 1275 3899 labore
1303 3796 1546 3902 trahebatur
1558 3865 1580 3902 .-
1610 3812 1740 3902 Hanc
1760 3799 1885 3934 juber
1907 3801 1988 3903 eir«

537 3959 589 4036 ca
622 3938 899 4075 Zacynthum
941 3939 1059 4039 ultro
1107 3941 1306 4080 citroque
1353 3943 1533 4082 vagari,
1573 3978 1623 4042 ur
1659 3944 1880 4044 vectoriae
1915 3985 1989 4045 na-

536 4117 610 4182 ves
646 4082 702 4179 ad
738 4079 848 4181 hanc
884 4118 1158 4220 prospectam
1194 4121 1364 4183 cursum
1402 4084 1668 4224 dirigerent.
1707 4097 1771 4184 Ira
1804 4123 1910 4226 post
1948 4127 1990 4185 ad

536 4219 682 4361 liquot
726 4223 816 4322 dies
868 4225 1085 4324 onerariae
1135 4227 1190 4328 ad
1241 4223 1561 4366 Cephaloniam
1613 4227 1841 4348 insulam,
1885 4229 1986 4327 inde

537 4363 812 4496 Zacynthum
848 4401 1166 4502 pervenerunt,
1201 4372 1317 4467 unde
1353 4405 1445 4468 tota
1481 4368 1621 4492 classis
1657 4371 1847 4470 secundo
1882 4369 1983 4466 flatu

536 4504 692 4604 eodem
729 4505 799 4603 die
835 4507 1151 4640 proficiscitur,
1180 4548 1274 4606 non
1303 4510 1548 4609 intermisso
1574 4547 1700 4610 cursu
1714 4589 1730 4630 ,
1755 4514 1894 4611 donec
1925 4507 1984 4605 ad

534 4681 661 4745 oram
696 4646 985 4788 Peloponnesi
1020 4647 1134 4750 circa
1168 4647 1431 4751 Methonem
1466 4642 1686 4792 oppidum
1721 4653 1986 4794 appelleren-

1884 4829 1989 4909 tur,
