4326 5986
434 613 436 617 ,
564 495 647 606 460
955 515 1041 594 uu
1086 513 1295 600 nunus
1342 509 1563 593 eustts

504 680 709 776 ,riretum
756 661 884 792 Quae
935 670 1116 770 tandem
1159 666 1293 809 igitur
1334 668 1551 768 temeritas
1596 698 1747 786 esset,
1787 660 1980 768 fluctibus

530 816 742 920 saevienti
782 813 893 914 mati
937 851 1066 912 naves
1108 811 1260 953 longas
1307 810 1627 930 committere,
1665 809 1713 909 in
1762 808 1974 949 altumque

536 957 776 1105 provehere
812 955 867 1056 ad
891 991 1073 1056 vastum
1110 953 1286 1095 pelagus
1322 953 1569 1056 continenti
1612 953 1772 1053 diurno
1807 988 1981 1052 noctur-

538 1143 687 1243 noque
714 1125 848 1200 'cursu
883 1096 1291 1198 transmittendum?
1325 1107 1476 1196 Errare
1501 1133 1660 1236 porto,
1680 1095 1761 1235 qui
1787 1129 1985 1237 putarent

540 1278 806 1346 euronotum
840 1281 927 1341 esse
961 1239 1065 1340 huic
1098 1238 1369 1380 navigationi
1405 1237 1822 1357 accommodatum,
1854 1277 1982 1378 quent

543 1387 822 1488 observatum
856 1419 963 1483 esset
997 1379 1089 1484 fere
1124 1383 1180 1482 ad
1226 1380 1424 1480 medium
1470 1381 1615 1481 sinum
1655 1379 1984 1482 Narbonensem

543 1532 591 1633 in
638 1525 819 1628 africum
863 1526 1062 1648 mutari,
1099 1524 1179 1665 qui
1215 1519 1372 1623 africus
1416 1522 1518 1664 ipsis
1563 1556 1670 1623 esset
1710 1522 1876 1622 cunctis
1916 1561 1983 1622 ra-

544 1668 739 1772 tionibus
773 1670 975 1768 vitandus
986 1707 1073 1787 ,ne
1091 1744 1104 1786 ,
1139 1701 1242 1765 cum
1277 1665 1371 1765 vim
1406 1665 1619 1764 fluctuum
1635 1741 1649 1783 ,
1671 1705 1783 1805 quos
1818 1666 1890 1765 ille
1923 1665 1987 1764 in·

547 1807 694 1957 gentes
730 1814 792 1912 ad
821 1810 974 1910 orbem
1011 1843 1209 1907 nostrum
1244 1807 1457 1923 evolvat,
1494 1805 1775 1948 effugissent,
1813 1807 1863 1908 in
1899 1843 1984 1908 ter-

524 1993 638 2055 ram
675 1952 861 2072 Galliam
895 1949 1036 2051 adacti
1074 1948 1122 2048 in
1157 1987 1310 2049 manus
1345 1946 1540 2048 hostium
1575 1949 1845 2067 inciderent,
1878 1950 1987 2088 qui,
2131 2079 2132 2084 Ν

547 2096 633 2197 nisi
667 2084 1006 2231 essentlptotsus
1042 2092 1274 2216 vecordes,
1308 2091 1365 2192 ad
1400 2130 1552 2192 omnes
1587 2131 1678 2192 non
1714 2093 1858 2192 solum
1892 2129 1988 2230 pot·

548 2277 647 2357 tus,
685 2237 928 2336 sedetiam
963 2234 1144 2334 navium
1179 2233 1384 2333 stationes
1428 2233 1649 2374 praesidiis
1700 2274 1750 2333 ac
1801 2269 1986 2334 tormen·

548 2383 601 2482 tis
637 2379 897 2519 dispositis,
933 2375 1077 2515 siquid
1112 2375 1194 2475 tale
1230 2374 1480 2495 accideret,
1512 2374 1830 2476 observarent:
1865 2411 1984 2475 teme
2131 2363 2132 2378 Ν

548 2523 658 2624 tatia
693 2559 736 2621 et
773 2516 1010 2660 periculosa
1043 2516 1221 2617 consilia
1255 2520 1382 2620 rebus
1417 2518 1550 2620 ctiam
1586 2515 1883 2636 difficillimis,
1915 2557 1984 2616 nc-

547 2669 655 2765 dum
691 2698 837 2763 tamen
871 2660 1133 2800 desperatis,
1170 2661 1318 2800 quoad
1354 2659 1446 2761 ficti
1480 2661 1646 2802 possit,
1665 2701 1753 2761 esse
1789 2661 1983 2760 vitanda:

549 2806 739 2946 proinde
771 2805 978 2922 censere,
1015 2837 1065 2901 ut
1110 2799 1231 2902 flatus
1273 2801 1494 2942 aquilonis
1545 2841 1855 2944 exspectetur,
1899 2842 1987 2943 quo

551 2947 749 3048 serenitas
783 2944 970 3064 induci,
1007 2979 1050 3044 et
1084 2983 1201 3044 mare
1237 2947 1293 3044 ad
1328 2985 1398 3044 eas
1431 2945 1631 3087 regiones
1664 2945 1804 3045 sedari
1832 2945 1987 3052 solent3

550 3088 669 3188 bunc
718 3088 837 3188 enim
887 3087 993 3187 anni
1035 3121 1235 3227 tempore
1284 3127 1377 3190 non
1427 3087 1601 3230 magis,
1644 3126 1781 3228 quarn
1828 3123 1988 3187 ceteros

549 3264 709 3330 ventos
744 3229 940 3348 excludi,
975 3238 1097 3360 cujus
1132 3226 1319 3369 obliquo
1361 3229 1465 3331 llatu
1499 3232 1737 3332 commode
1771 3229 1904 3369 possit
1943 3229 1989 3328 in

552 3373 814 3512 Hispaniam
858 3372 1090 3513 navigarir
1126 3375 1251 3512 quod
1287 3373 1322 3473 si
1363 3371 1664 3474 vehementius
1700 3372 1773 3474 hic
1814 3410 1989 3512 quoque

553 3551 707 3614 ventus
742 3514 940 3614 instituta
981 3512 1262 3653 navigatione
1297 3514 1520 3635 saevisset,
1555 3551 1701 3616 tamen
1736 3513 1873 3615 levius
1909 3553 1991 3614 esse

552 3657 717 3758 malurn
761 3655 809 3754 in
854 3692 976 3756 oram
1022 3651 1197 3759 Africae
1244 3658 1435 3798 depelli,
1479 3668 1601 3789 cujus
1641 3659 1759 3760 bona
1801 3695 1899 3796 pars
1946 3655 1992 3754 in

553 3798 777 3915 clientela,
799 3797 887 3896 vel
902 3833 1115 3937 potestate
1151 3801 1301 3898 Caroli
1335 3800 1418 3918 sit,
1444 3836 1488 3900 ct
1522 3838 1635 3901 cette
1650 3877 1665 3921 ,
1701 3839 1814 3941 quae
1849 3799 1991 3900 minus

552 3940 689 4078 possit
724 3934 940 4059 officere,
975 3941 1225 4080 praesertim
1259 3942 1502 4080 imparata,
1538 3981 1674 4082 quam
1708 3946 1756 4044 in
1790 3941 1992 4057 Galliam,

438 4171 444 4181 .
551 4120 666 4221 quae
701 4080 944 4182 recentibus
979 4082 1149 4182 damnis
1185 4119 1227 4186 et
1261 4084 1532 4184 contumeliis
1567 4085 1717 4184 ardens
1753 4084 1925 4184 intento
1952 4123 1994 4182 a·

549 4223 678 4324 nimo
722 4258 971 4324 nostrorum
1013 4225 1232 4327 malorum
1288 4227 1535 4328 occasiones
1580 4226 1833 4343 observat,
1873 4226 1992 4364 siqua

548 4359 663 4464 forte
699 4407 750 4464 ex
786 4405 836 4466 ca
872 4368 1079 4506 temporis
1115 4367 1342 4508 iniquitate
1377 4370 1529 4469 detur.

629 4518 797 4610 XXIV.
878 4507 1001 4609 Haec
1053 4548 1154 4609 cum
1203 4510 1376 4609 dixisset
1416 4513 1652 4628 Andreas,
1695 4508 1991 4651 Berenguellus

547 4647 781 4752 Sicularum
813 4653 990 4752 navium
1021 4647 1288 4792 praefectus,
1312 4654 1376 4754 vir
1400 4653 1447 4753 in
1478 4654 1674 4794 periculis
1699 4654 1851 4754 animo
1870 4688 1990 4786 prae-

544 4827 662 4895 sente
698 4830 741 4894 et
781 4795 1032 4937 vigilante,
1072 4796 1279 4938 idemque
1328 4796 1524 4898 nauticae
1567 4797 1632 4897 tei
1678 4792 1986 4934 peritissimus,

1902 4971 1976 5036 ro·
