4294 5984
553 467 795 566 ennom
844 467 899 552 V.
949 466 1167 556 Lunv.
1261 546 1264 552 .
1473 482 1556 584 159
1677 589 1680 600 .

134 677 207 749 tna
250 627 371 740 febre
414 667 673 776 cortepms,
710 669 792 735 nec
837 626 930 732 sine
971 633 1130 732 veneni
1165 623 1442 777 suspicione,
1485 638 1602 748 inte-

134 788 232 896 riits
271 783 331 886 sic
367 778 488 880 enim
521 775 767 901 increbuit,
803 773 1059 879 Antonium
1093 775 1174 880 hac
1209 782 1378 884 ratione
1414 783 1602 890 voluisse

134 932 223 1035 sinc
260 925 454 1032 tumultu
495 924 681 1067 ancipiti
723 920 843 1024 malo
884 923 1086 1042 mederi,
1130 963 1185 1026 eo
1227 927 1388 1031 scilicet
1430 925 1602 1034 sublato

133 1072 408 1198 demedio,
443 1070 526 1212 qui
561 1068 786 1173 seditionis
822 1103 971 1170 auctor
1006 1063 1137 1170 fuisse
1175 1070 1441 1213 putabatur.

201 1227 364 1321 XXIII.
439 1215 592 1317 Paucis
627 1249 730 1356 post
766 1209 947 1334 diebus,
983 1223 1314 1320 Germanorum
1352 1218 1486 1320 altera
1529 1259 1603 1324 sex

130 1363 270 1467 millia
302 1361 352 1463 in
375 1393 507 1462 castra
539 1361 595 1459 ad
624 1359 822 1460 Laudem
855 1395 1176 1498 pervenerunt,
1213 1399 1409 1504 quotum
1437 1363 1603 1467 adven-

132 1543 180 1610 tu
217 1504 395 1607 recreati
441 1503 690 1605 Caesariani
731 1502 890 1622 duces,
926 1500 1045 1606 haud
1082 1508 1379 1610 cunctandum
1414 1507 1497 1609 sibi
1533 1551 1602 1611 es-

132 1691 177 1751 se
220 1648 532 1762 constituunt,
573 1648 687 1790 quin
726 1657 935 1791 Regem,
977 1648 1015 1748 si
1059 1652 1119 1751 ad
1167 1689 1318 1792 parem
1370 1654 1602 1796 pugnandi

132 1794 439 1896 conditionem
473 1792 633 1894 deduci
670 1793 839 1935 possit,
875 1790 1042 1934 praelio
1079 1794 1355 1904 lacesserent;
1393 1799 1470 1898 sed
1505 1835 1600 1902 ma-

134 1959 238 2080 gna'
256 1931 515 2037 difficultate
550 1932 884 2055 afficiebantur,
928 1938 1164 2075 quomodo
1199 1939 1249 2040 in
1292 1973 1413 2040 tanta
1454 1976 1609 2080 penu·⁸

133 2083 232 2201 tia,
278 2078 499 2219 stipendio
545 2116 639 2178 non
684 2079 865 2196 soluto,
907 2078 1070 2177 milites
1110 2081 1417 2203 adducerent,
1458 2121 1509 2187 ut
1545 2083 1612 2188 ex

133 2222 344 2360 hybernis
379 2222 436 2321 ad
472 2220 628 2361 signa,
665 2254 708 2321 et
742 2259 832 2321 una
867 2255 1005 2320 castra
1040 2223 1359 2346 conuenirent,
1395 2261 1441 2326 et
1477 2265 1599 2329 excr-

133 2369 277 2468 eitum
303 2363 360 2464 ad
389 2361 552 2505 praelio
579 2361 882 2464 dimicandum
911 2363 1151 2503 paratum,
1179 2364 1392 2508 dictoque
1418 2369 1598 2470 audien-

131 2543 225 2612 tem
261 2505 494 2608 haberent.
532 2517 653 2606 Cum
689 2505 823 2648 igitur
860 2506 1100 2647 pecuniae,
1137 2543 1356 2648 quantum
1391 2509 1491 2610 satis
1521 2551 1599 2630 ‚es-

134 2688 233 2772 set,
268 2647 532 2751 conficiendi
565 2648 683 2749 nulla
717 2648 830 2749 ratio
866 2649 971 2750 initi
1005 2685 1183 2790 posset,
1216 2651 1343 2789 quod
1379 2652 1612 2795 reliquum

135 2831 260 2915 erat,
294 2795 350 2895 ad
386 2829 529 2934 preces
564 2793 855 2914 descendere,
890 2831 935 2895 et
971 2792 1172 2937 pollicitis
1208 2790 1457 2938 blandaque
1493 2836 1600 2900 ora-

134 2941 258 3044 tione
290 2978 397 3041 cum
429 2934 645 3041 militibus
680 2975 807 3081 agere
843 2938 1046 3079 placuit,
1091 2973 1239 3041 sumto
1280 2938 1338 3042 ab
1381 2941 1609 3085 Hispanis.

135 3084 299 3203 initio,
335 3118 386 3184 ut
421 3120 613 3226 quotum
649 3083 823 3203 animi,
858 3117 968 3184 tum
997 3118 1150 3186 natura
1196 3082 1506 3188 tractabiliores
1552 3121 1597 3188 et

132 3229 439 3332 calamitatum
472 3226 769 3328 tolerantiores
805 3261 974 3347 essent,
1002 3263 1103 3329 tunt
1137 3226 1395 3365 hujusmodi
1422 3229 1595 3332 irtcom-

132 3372 283 3474 modis
323 3372 465 3515 magis
507 3372 709 3492 assueti3
749 3410 853 3472 nam
903 3373 1035 3474 ceteri
1076 3366 1167 3474 fere
1217 3373 1429 3496 milites,
1471 3375 1597 3517 quasi

134 3514 415 3624 mercenariis
444 3514 636 3760 Hispani
671 3552 903 3657 tamquam
938 3551 982 3619 et
1015 3515 1311 3640 existimatio,
1338 3552 1383 3618 et
1419 3556 1485 3621 tes
1520 3558 1596 3621 eo·

134 3702 233 3764 rum
269 3695 495 3804 ageretur,
564 3658 697 3765 ellum
732 3659 968 3805 gerebant.
1009 3659 1145 3806 Igitur
1188 3665 1433 3765 Fetnandus
1468 3666 1594 3763 Ava-

135 3806 199 3908 lus
236 3806 448 3908 Piscariae
483 3803 719 3927 Marchio,
753 3842 803 3909 ut
837 3842 927 3909 erat
962 3807 1153 3912 universi
1189 3809 1405 3950 peditatus
1429 3803 1594 3945 Hispa-

133 3949 184 4050 ni
219 3952 387 4088 generis
422 3945 693 4092 praefectus,
723 3987 768 4055 et
795 3953 844 4060 in
880 3953 1005 4058 omni
1040 3949 1231 4054 exercitu
1265 3948 1594 4069 auctoritatem,

133 4099 309 4224 Lanojo
343 4095 521 4236 imperii
553 4137 771 4202 summam
806 4095 1043 4214 obtinenti,
1066 4093 1340 4237 proximam,
1377 4129 1421 4194 et
1457 4131 1595 4236 paene

136 4274 291 4378 parem
334 4237 569 4364 habebat,
616 4245 735 4387 apud
777 4243 1000 4388 Hispanos
1048 4237 1332 4343 concionatur
1379 4239 1428 4339 in
1477 4234 1596 4340 hunc

136 4381 329 4484 maxime
366 4387 584 4487 modum.

209 4535 380 4630 XXIV.
453 4527 541 4649 „Si
586 4528 657 4630 vel
697 4566 835 4650 mea,
877 4563 1216 4670 ceterorumque
1262 4528 1428 4630 ducum
1468 4525 1597 4667 culpa

137 4742 170 4788 „
179 4663 354 4774 factum
380 4707 512 4790 esset,
537 4673 886 4796 commilitones,
921 4710 972 4777 ut
1007 4672 1174 4777 tamdiu
1209 4673 1396 4776 emerito
1431 4670 1597 4811 stipen-

137 4886 170 4940 ,‚
183 4813 263 4920 dio
307 4817 537 4942 careretis,
585 4854 662 4924 aut
703 4853 853 4947 vestra
888 4819 1047 4923 militia
1093 4816 1360 4960 stipendium
1402 4815 1596 4934 maxime

1450 4991 1596 5081 „mo-
