4292 5984
574 516 630 631 3⁶
973 535 1058 616 oa
1100 530 1299 614 nasus
1336 526 1559 612 castis

529 687 678 791 'dacta.
705 693 866 833 Neque
897 727 1004 790 vero
1037 691 1178 790 solum
1205 723 1370 830 praeter
1401 675 1716 826 Portugalliam
1745 676 1872 783 omni
1910 679 1988 784 Hi·

533 833 738 974 spaniae,
773 873 876 934 cum
911 832 1129 936 veteribus
1155 829 1415 950 clientibus,
1446 826 1692 930 Pernandus
1722 823 1988 967 babellaque

531 977 872 1118 imperitarunt3
915 972 1006 1078 sed'
1031 1017 1128 1078 suae
1172 1014 1355 1118 quoque
1397 970 1561 1072 ditioni
1604 970 1856 1100 adjecerunt
1896 981 1991 1072 Re-

532 1158 673 1260 gnum
714 1121 1064 1261 Neapolitanum
1107 1120 1155 1219 in
1196 1117 1350 1235 Italia,
1388 1117 1513 1217 etin
1557 1107 1733 1212 Africae
1776 1151 1852 1213 ota
1888 1153 1992 1214 curn

531 1261 615 1361 alia
652 1261 857 1404 oppida,
894 1299 992 1364 tum
1032 1262 1254 1404 Tripolim
1295 1292 1427 1399 atque
1462 1255 1684 1396 Bugiam,
1725 1255 1836 1355 item
1871 1266 1991 1358 Ora-

529 1446 639 1508 num
684 1415 954 1549 Portumque
1002 1415 1265 1546 Magnum,
1308 1403 1387 1543 qui
1435 1439 1551 1500 nunc
1593 1403 1866 1534 Mazalqut'air
1915 1439 1989 1540 pa-

531 1548 654 1670 trio,
692 1550 766 1650 sed
802 1550 921 1651 idern
958 1547 1229 1693 significante
1264 1543 1505 1663 vocabulo,
1539 1523 1845 1682 nuncupatui.
1884 1551 1988 1642 Ho-

529 1730 629 1792 rum
685 1734 867 1836 quoque
920 1692 1177 1833 Principum
1231 1688 1456 1790 voluntate
1498 1722 1542 1785 et
1592 1720 1740 1786 sumtu
1785 1683 1987 1787 Christo-

529 1832 696 1976 phorus
720 1839 919 1938 Colonus
956 1837 1115 1935 eodem
1151 1874 1298 1952 anno,
1335 1873 1429 1975 quo
1472 1841 1662 1931 Granata
1698 1866 1871 1970 recepta
1907 1865 1986 1950 est,

531 2019 555 2075 a
592 1977 788 2080 Gadibus
825 2020 929 2081 cum
977 1978 1106 2078 classe
1153 1971 1372 2119 profectus
1420 1974 1469 2075 in
1511 1974 1666 2075 insulas
1701 1985 1986 2094 Fortunatas,

531 2161 642 2262 quae
676 2132 768 2254 jam
805 2126 978 2265 pridem
1014 2156 1136 2224 erant
1172 2121 1221 2222 in
1257 2117 1428 2219 ditione
1463 2119 1598 2259 Regis
1634 2116 1882 2237 Castellae,
1919 2159 1986 2218 rta-

529 2265 735 2406 tigavitr
772 2304 905 2405 atque
942 2266 1046 2367 inde
1083 2265 1194 2365 inter
1230 2302 1433 2364 occasum
1470 2297 1513 2362 et
1552 2258 1788 2362 meridiem
1824 2261 1985 2404 trigin-

528 2441 572 2506 ta
596 2409 733 2509 trium
760 2410 931 2510 dierum
957 2409 1037 2510 iter
1062 2449 1304 2549 progressus
1340 2408 1397 2507 ad
1430 2406 1586 2508 insulas
1622 2406 1818 2545 pervenit
1852 2417 1986 2507 Luca-

519 2549 647 2684 jorum
685 2554 825 2691 patrio
853 2551 1072 2652 vocabulo
1109 2551 1477 2694 cognominatas,
1503 2548 1726 2693 prioribus
1751 2546 1868 2650 orbis
1904 2589 1983 2650 no·

527 2695 600 2792 stri
633 2692 889 2794 mortalibus
926 2733 982 2794 ne
1017 2689 1133 2794 fama
1170 2697 1352 2836 quidem
1388 2695 1620 2837 cognitas,
1657 2693 1706 2796 in
1740 2733 1792 2794 ea
1827 2694 1985 2794 mundi

527 2836 656 2978 plaga
691 2836 821 2957 sitas,
890 2879 994 2938 uam
1030 2875 1195 2939 veteres
1231 2838 1467 2939 Torridam
1502 2845 1706 2959 Zonam‚
1742 2837 1868 2980 quasi
1913 2876 1983 2938 ae-

527 3015 595 3078 stu
632 2981 731 3081 solis
767 2879 1132 3102 inhabitabilem,
1168 3019 1467 3104 vocaverunt,
1503 3021 1605 3085 cum
1647 2983 1698 3086 sit
1739 3017 1983 3124 temperata

527 3122 627 3222 satis
674 3124 731 3224 ad
776 3126 911 3226 vitam
954 3127 1248 3229 animantium
1300 3163 1345 3228 et
1391 3128 1627 3230 multarum
1673 3121 1880 3269 frugum,
1928 3167 1985 3226 o-

525 3265 726 3407 mnisque
751 3270 918 3412 generis
941 3271 1219 3373 metallorum
1243 3267 1527 3396 feracissima,
1560 3307 1604 3372 et
1634 3269 1900 3413 quibusdam
1933 3269 1983 3372 in

525 3406 632 3508 locis
681 3421 782 3513 toto
822 3454 941 3517 anno
981 3450 1205 3536 vernans,
1251 3456 1388 3558 usque
1431 3418 1579 3536 adeo,
1629 3449 1679 3516 ut
1718 3413 1983 3516 luxuriantia

525 3544 744 3654 frumenta
781 3558 838 3658 ad·
866 3561 1164 3662 maturitatem·
1189 3599 1461 3703 messemque
1492 3560 1725 3700 perducere
1748 3558 1899 3658 multis
1933 3559 1983 3657 in

522 3691 630 3796 locis
671 3739 764 3801 non
807 3701 978 3802 valeat.
1025 3714 1259 3819 Quantum
1301 3706 1425 3805 enim
1466 3705 1598 3824 dies,
1641 3703 1829 3844 solisque
1872 3700 1986 3800 radii

524 3841 579 3938 ad
616 3844 976 3984 perpendiculum
1013 3847 1231 3980 conjecti,
1267 3850 1337 3947 vel
1374 3886 1527 3988 parurn
1562 3846 1619 3949 ab
1662 3889 1719 3948 eo
1758 3844 1986 3946 declinan-

524 4014 586 4080 tes
621 3985 836 4089 caloribus
868 3992 1055 4110 addunt,
1091 4027 1265 4091 tanturn
1300 3986 1391 4092 fere
1428 4027 1642 4092 nocturna
1677 3987 1843 4134 frigora
1880 3983 1984 4088 sub-

520 4125 721 4251 ducunt,
768 4169 946 4273 propter
994 4133 1320 4277 sempiternam¹
1345 4135 1513 4236 dierum
1564 4134 1854 4273 noctiumque
1898 4171 1977 4273 pa-

520 4266 693 4371 ritatem
723 4309 800 4374 aut
832 4276 1068 4378 minimam
1102 4279 1466 4421 discrepantiam
1497 4318 1578 4378 nec
1612 4280 1767 4380 desunt
1803 4277 1853 4376 in
1884 4273 1976 4373 altis

519 4413 745 4515 montibus
781 4418 927 4520 nives.
969 4431 1075 4538 Qua
1110 4425 1183 4522 via
1224 4423 1343 4524 uelut
1388 4460 1538 4565 aperta
1581 4458 1624 4524 et
1666 4451 1979 4523 commostrata

518 4556 670 4653 nostris
702 4556 987 4677 hominibus,
1024 4564 1156 4702 longe
1184 4566 1361 4663 ulterius
1392 4603 1641 4704 processum
1674 4603 1765 4684 est,
1802 4598 1846 4662 et
1882 4598 1980 4702 pro-

514 4733 570 4854 pe
611 4699 667 4797 ad
708 4699 1029 4802 Antichthones
1063 4743 1201 4845 usque
1237 4741 1550 4846 penetratum,
1584 4746 1628 4810 et
1665 4709 1828 4808 multae
1865 4703 1977 4803 aliae

514 4839 676 4941 msulae
702 4880 746 4942 et
785 4844 913 4946 altera
947 4848 1172 4950 continens
1203 4885 1347 4972 terta,
1385 4891 1521 4994 quam
1565 4887 1753 4992 magnae
1798 4881 1976 4963 tenent,

1902 4989 1978 5090 sed
