4326 5986
611 471 849 564 canunt
891 473 944 555 V.
987 475 1096 556 LIB.
1145 477 1236 557 XV.
1535 481 1622 580 449

201 630 320 734 scalis
356 668 401 732 et
437 639 565 733 muro
607 632 890 753 deturbatis,
931 635 1088 772 pedem
1130 635 1345 757 retulere,
1385 635 1471 740 hoc
1514 643 1659 751 minus

196 773 454 914 immorati,
489 776 904 918 oppugnationique
940 776 1060 879 urbis
1095 777 1374 898 insistentes,
1404 787 1528 922 quod
1565 798 1662 889 Gu-

198 919 380 1021 tierrum
415 920 624 1020 Padillam
659 958 762 1019 curn
798 929 1125 1022 Germanorum
1160 923 1497 1066 Italicorumque
1526 968 1663 1035 manu

200 1060 248 1165 in
302 1063 604 1164 Genuensium
654 1061 865 1163 auxilium
923 1066 1277 1206 appropinquare
1336 1071 1663 1211 cognoverantt

200 1204 370 1346 quippe
406 1204 494 1304 hoc
530 1207 761 1306 Gallorum
788 1205 974 1305 consilio
1006 1208 1191 1348 cognito
1226 1211 1525 1325 Guardinadus
1544 1214 1662 1315 Cha-

199 1348 393 1448 tachiola
429 1348 678 1448 Mediolani
713 1342 951 1490 praefectus
988 1387 1032 1450 et
1069 1351 1294 1452 Gutierrus
1321 1353 1514 1475 Fadilla,
1532 1395 1662 1492 com-

198 1488 435 1590 municatis
471 1492 527 1591 ad
562 1491 743 1633 Papiam
778 1491 1007 1634 consiliis,
1032 1492 1260 1634 optimum
1295 1489 1417 1598 factu
1455 1537 1542 1598 esse
1578 1535 1661 1604 sta-⁴

199 1665 420 1753 tuerunt,
454 1670 505 1735 ut
542 1634 735 1775 primum
771 1632 980 1736 omnium
1015 1676 1068 1736 ex
1103 1634 1240 1737 tribus
1284 1637 1367 1740 illis
1410 1651 1662 1745 Germano-¹

200 1813 302 1876 rum
344 1775 577 1895 millibus,
614 1775 696 1916 qui
736 1777 793 1876 ad
834 1781 1038 1877 Castellum
1076 1784 1196 1878 altum
1235 1820 1329 1882 non
1370 1783 1520 1924 procul
1561 1787 1664 1888 Ml:

199 1918 381 2018 randula
415 1919 733 2034 consederant,
758 1916 880 2014 mille
906 1919 1084 2017 ducenti
1101 1933 1304 2022 Genuam
1325 1923 1527 2026 subsidio
1553 1929 1661 2030 mit-

199 2095 422 2168 terenturs
457 2058 617 2160 deinde
665 2057 885 2198 praesidiis
920 2059 1152 2181 deductis,
1184 2099 1227 2160 et
1262 2063 1487 2166 militibus.
1516 2069 1566 2172 in
1601 2111 1658 2172 u·-

199 2241 311 2304 num
355 2204 508 2304 locum
549 2201 784 2304 contractis
838 2233 1014 2325 cetera,
1047 2237 1180 2346 prout
1214 2243 1276 2309 res
1316 2243 1542 2348 posceret,
1576 2217 1661 2316 ad-·

200 2381 576 2452 ministrarentur.
1213 2391 1216 2400 ⁴

276 2499 388 2591 VIII.
462 2493 599 2636 Igitur
632 2504 955 2597 Germanorum
990 2529 1113 2640 parte
1147 2493 1450 2601 Genuensibus
1466 2575 1481 2619 ,
1496 2533 1551 2601 ut
1581 2499 1659 2600 de·

200 2667 498 2737 monstratum
533 2671 626 2757 est,
654 2637 850 2739 subsidio
885 2637 1014 2740 missa
1030 2718 1045 2760 ,
1061 2699 1064 2706 ‚
1080 2640 1222 2780 copiis·
1252 2641 1513 2743 felicianum
1548 2683 1659 2746 con⁴

200 2776 350 2879 venire
384 2779 544 2911 jussis,
581 2779 664 2922 ipsi
700 2822 754 2882 ex
789 2781 946 2882 eodem
981 2784 1192 2903 castello,
1229 2784 1341 2925 quid
1376 2784 1517 2888 hostes
1553 2825 1659 2889 mo⁴

200 2917 418 3043 litentur,
452 2919 776 3044 observabant,
805 2955 999 3064 quorum
1046 2961 1279 3027 numerum
1319 2967 1423 3028 cum
1465 2928 1658 3033 multum

199 3101 429 3205 augescere
463 3103 809 3208 cognoscerent,
845 3103 890 3167 et
924 3067 1083 3211 opinio
1117 3069 1290 3171 consilii
1324 3071 1379 3170 de
1409 3069 1657 3173 invadenda

198 3217 354 3310 Genua
388 3207 438 3309 in
486 3209 577 3309 dies
628 3209 1002 3331 confirmaretur,
1037 3250 1117 3314 nec
1157 3213 1345 3353 suspicio
1392 3213 1657 3314 domestica-
1757 3313 1760 3322 .

198 3386 297 3448 rum
333 3347 591 3455 insidiarum
626 3349 816 3461 abessem
848 3353 905 3452 ad
928 3353 1173 3495 Melignani
1203 3352 1511 3460 Marchionem
1550 3354 1656 3456 scri·

197 3487 349 3612 bunt,
386 3529 437 3595 ut
472 3495 630 3597 omissa
672 3500 896 3639 Augustae
936 3498 1235 3598 Taurinorum
1277 3495 1508 3599 obsidione
1550 3491 1654 3598 reli·-

199 3668 363 3776 etoque
390 3638 448 3739 ad
470 3636 822 3741 Monehalesium
856 3638 1072 3780 praesidio
1097 3680 1201 3742 cum
1236 3639 1403 3782 reliqua
1438 3678 1573 3742 manu
1598 3638 1654 3740 ad

199 3817 244 3878 se
280 3782 429 3883 venite
463 3817 725 3884 maturaret.
770 3794 827 3882 Is·
844 3822 948 3886 cum
983 3821 1123 3925 prope
1157 3777 1351 3882 affuisset
1371 3855 1388 3906 ,
1407 3780 1655 3915 conjunctis

201 3922 341 4062 copiis
390 3925 558 4025 Padilla
605 3962 650 4026 et
692 3923 900 4025 Marclaio
954 3925 1128 4068 magnis
1177 3922 1402 4028 itineribus
1452 3937 1654 4030 Genuam

199 4066 513 4175 contenduntt
551 4067 626 4168 scd
667 4077 905 4170 Fornarum
945 4065 1217 4210 progressis,
1255 4070 1381 4208 quod
1427 4067 1653 4172 castellum

200 4201 323 4308 abest
357 4249 383 4308 a
419 4218 573 4310 Genua
608 4211 947 4351 quatuordecim
973 4211 1110 4312 millia
1144 4249 1346 4352 passuum
1362 4210 1536 4332 ,hostes
1570 4249 1653 4351 op-

198 4351 473 4492 pugnatione
506 4363 685 4455 Genuae
718 4349 872 4456 frustra
906 4390 1071 4456 tentata
1105 4353 1265 4496 repulsi
1290 4354 1520 4458 discessisse
1551 4390 1653 4456 nun·

199 4491 392 4594 riantur.
432 4496 668 4637 Tantisper
694 4497 829 4638 igitur
857 4497 924 4600 ibi
958 4498 1266 4618 constiterunt,
1286 4499 1414 4621 dum,
1433 4497 1544 4638 quid
1570 4493 1654 4598 bo-

198 4669 283 4736 stes
326 4637 495 4740 consilii
528 4677 771 4780 caperent,
813 4677 888 4742 aut
930 4681 1066 4783 quam
1103 4642 1152 4743 in
1192 4679 1365 4785 partem
1409 4639 1653 4744 contende·

199 4810 329 4895 rent,
347 4877 351 4882 ,
368 4794 733 4922 cognoscereturs
769 4823 960 4928 cumque
994 4784 1215 4888 Taurinos
1250 4822 1394 4901 uersus
1427 4782 1509 4890 iter
1544 4778 1652 4882 diri-

275 4918 387 5022 Tom.
405 4933 442 5025 I.
912 4976 916 4985 ’
1095 4926 1179 5030 'Lll
1514 4941 1519 4948 ’
1572 4961 1655 5068 ge-
