4294 5972
554 441 638 558 360
949 454 1030 534 DE
1060 449 1262 532 REBUS
1310 445 1527 527 GESTIS

506 615 666 714 Goleta
712 607 954 749 vicinisque
1009 605 1116 706 locis
1169 597 1422 745 petebatur.
1471 611 1570 704 Hac
1614 639 1665 700 ex
1714 599 1964 707 triremibus

505 797 738 900 parumper
781 745 1026 856 tormentis
1045 787 1276 850 concussae
1319 747 1547 848 accedente
1582 745 1792 886 agmine,
1827 788 1852 846 a
1885 789 1960 849 cu·-

506 901 706 1002 srodi'bus
742 935 866 1000 metu
902 895 1132 1038 perterritis
1147 971 1161 1014 ,
1179 931 1229 994 ut
1265 891 1505 1034 alia,quae
1539 930 1644 990 cum
1679 883 1784 991 fano
1822 891 1872 992 in
1896 934 1959 994 ca-

505 1045 685 1158 cumine
711 1042 1035 1154 ⁴Promontorii
1076 1036 1359 1178 Carthaginis
1409 1031 1777 1155 custodiebatur,
1835 1035 1961 1138 missa

505 1192 811 1329 Hispanorum
845 1185 1037 1287 cohorte·
1066 1185 1285 1288 desertaes
1333 1179 1421 1280 vici
1456 1220 1637 1321 quoque
1662 1196 1694 1302 ,'
1716 1215 1759 1280 et
1794 1181 1961 1282 castella

507 1333 588 1432 sita
624 1335 680 1432 ad
717 1330 996 1472 Carthaginis
1034 1328 1178 1429 ruinas
1222 1321 1543 1425 habitatoribus
1590 1313 1697 1464 lisga
1732 1324 1961 1426 subtractis

505 1513 745 1618 occupatur
783 1476 1036 1613 eisdemque
1072 1471 1119 1572 in
1156 1469 1262 1571 locis
1299 1462 1534 1588 frumenti,
1570 1467 1674 1587 lini,
1699 1468 1818 1588 olei,
1842 1469 1963 1610 legu⁴

505 1619 770 1761 mitiumque
806 1660 900 1722 non
929 1613 1190 1728 ¹medriocris
1211 1651 1292 1756 pro
1324 1613 1519 1753 ipsorum
1542 1613 1853 1754 magnitudine
1887 1655 1962 1714 co·

505 1765 581 1904 pia
622 1801 816 1904 reperta.
861 1773 985 1864 Haec
1025 1793 1174 1858 aurem
1225 1789 1343 1898 gesta
1393 1793 1493 1858 sunt
1545 1757 1665 1857 nulla
1707 1792 1960 1860 nostrorum

436 1975 438 1981 -
505 1908 706 2026 militum¹
739 1917 930 2039 jactura,
971 1929 1143 2044 praeter
1165 1939 1363 2040 paucos,
1403 1901 1484 2041 'qui
1524 1902 1579 2000 ad
1624 1901 1835 2041 proximas
1884 1903 1958 2003 vi-

504 2090 605 2168 neas
641 2089 826 2152 uvarum
870 2086 1001 2189 atque
1047 2043 1213 2148 ficuum
1248 2054 1340 2176 jam
1361 2044 1772 2144 'maturescentium
1813 2044 1961 2146 avidi-

503 2230 594 2294 tate
630 2195 812 2337 digressi
853 2193 901 2304 in
942 2189 1145 2292 hostium
1180 2187 1431 2328 equitatum
1475 2186 1757 2313 inciderunt,
1799 2190 1881 2330 qui
1915 2231 1962 2289 e-

504 2339 656 2440 missus
684 2383 743 2452 ¹er
774 2335 884 2438 urbe
917 2371 1171 2444 nostrorum
1197 2371 1358 2474 agmen
1395 2328 1698 2474 obequitando
1735 2333 1961 2440 neminem

343 2551 362 2562 „
504 2481 755 2621 patiebatur
791 2483 973 2617 impune
1012 2476 1235 2618 divagari.
1272 2476 1357 2576 His
1392 2474 1497 2584 locis
1533 2475 1790 2618 occupatis,
1827 2487 1958 2578 Caro

503 2627 568 2724 lus
605 2626 759 2725 stativa
794 2625 844 2724 in
871 2623 931 2724 eis
966 2618 1126 2722 habere
1161 2618 1417 2739 constituit,
1447 2621 1557 2720 dum
1594 2620 1699 2762 equi
1733 2659 1951 2762 exponun-

504 2799 601 2887 tur,
636 2805 679 2868 ct
716 2770 772 2868 de
806 2766 970 2907 reliqua
1004 2764 1109 2867 belli
1143 2759 1335 2864 faciendi
1365 2762 1534 2864 ratione
1570 2763 1863 2868 deliberatur.

506 2999 511 3008 .
574 2919 717 3014 XXII.
791 2919 900 3049 Jam
934 2949 1077 3012 serum
1113 2907 1201 3007 diei
1236 2943 1327 3008 erat
1341 2982 1356 3025 ,
1396 2945 1508 3043 cum
1535 2908 1756 3049 equitatus
1782 2917 1955 3012 Noma-

502 3054 612 3178 'dum
650 3083 700 3158 'et
742 3062 985 3156 Turcarum
1032 3060 1202 3182 majore
1245 3046 1474 3171 numero,
1519 3053 1813 3195 peditumque
1862 3093 1950 3154 non

504 3238 637 3340 parva
672 3239 853 3320 manus,
889 3237 932 3297 et
966 3199 1014 3298 in
1049 3195 1116 3295 his
1152 3195 1278 3296 multi
1313 3195 1594 3336 scloppetarii
1631 3235 1719 3296 sese
1756 3199 1946 3299 ostende·

500 3377 641 3460 runt,
679 3383 729 3442 ac
771 3343 951 3484 propius
991 3341 1239 3442 accedentes
1292 3337 1465 3441 duobus
1508 3339 1805 3442 mediocribus
1860 3377 1952 3442 tot-

502 3485 690 3608 mentis,
727 3526 840 3626 quae
877 3483 1085 3584 vehiculis
1121 3483 1329 3625 imposita
1366 3483 1473 3626 equi
1509 3484 1774 3588 velocissimi
1811 3481 1955 3586 trahe-

506 3627 642 3748 bant,
678 3665 849 3730 nostros
884 3629 1083 3730 lacessere
1120 3663 1386 3769 coeperunt.
1433 3641 1602 3733 Contra
1639 3626 1719 3729 hos
1755 3629 1956 3770 scloppe-

503 3773 602 3872 tarii
637 3774 772 3884 nostri
808 3774 1089 3915 procedunt,
1124 3766 1331 3912 factoque
1353 3769 1425 3882 ¹ab
1461 3770 1527 3878 his
1575 3772 1823 3876 certaminis
1868 3773 1956 3874 ini-

502 3917 599 4036 ri0,
636 3918 757 4044 jussis
805 3917 1033 4018 Germanis
1075 3916 1314 4056 ceterisque
1338 3915 1500 4056 copiis
1536 3914 1584 4014 in
1615 3918 1715 4027 ,acie
1750 3916 1958 4019 consiste·

504 4097 581 4184 te,
618 4061 803 4162 Carolus
839 4098 1060 4162 veteranas
1097 4059 1399 4200 Hispanorum
1428 4056 1630 4160 cohortes
1666 4060 1860 4201 sesequi
1889 4070 1960 4187 ju-

505 4201 614 4325 bet,
649 4206 836 4348 ipsoque
871 4229 975 4305 cum
1010 4201 1076 4302 his
1113 4205 1494 4345 appropinquante
1520 4203 1680 4314 ,hostes
1707 4204 1825 4319 mira
1849 4205 1958 4304 cele·

505 4348 632 4448 ritate
670 4391 713 4448 se
751 4387 841 4451 tam
874 4350 1011 4491 longe
1045 4341 1151 4488 fuga
1187 4346 1464 4468 subtraxere,
1493 4383 1556 4482 ut
1589 4345 1824 4488 peditibus
1846 4389 1953 4450 con-

504 4494 647 4632 sequi,
668 4531 776 4612 non·
793 4528 906 4634 esset
970 4503 1077 4612 Hoc
1116 4492 1419 4610 animadverso
1458 4489 1788 4606 ,Carolus12suast
1812 4492 1951 4633 copias

506 4633 555 4754 in
582 4636 1952 4792 castra‚reducis-,militesque,jubee2eor-purt.,qunr0„3‚qurp.

507 4820 563 4922 pe
597 4784 740 4884 omnis
777 4781 988 4944 exqrcitus
1023 4780 1070 4883 in
1106 4782 1203 4918 acie
1239 4775 1379 4896 fuerat
1414 4801 1537 4894 toto'·
1557 4775 1697 4914 ferme
1718 4783 1800 4890 'die
1816 4856 1828 4879 .
1844 4877 1848 4884 .
1866 4790 1960 4879 lta-

1875 4961 1963 5062 que
