4326 5986
538 495 625 605 438
920 505 1006 588 oe
1051 504 1259 587 nunus
1301 504 1523 622 eastre

490 708 599 789 tur,
633 661 784 784 Galli,
823 660 902 804 qui
940 702 991 762 ex
1028 661 1240 804 proximis
1287 660 1395 762 vicis
1438 653 1708 802 castellisque
1752 659 1953 809 profuge.-

483 853 582 920 tant
595 889 610 933 ,
641 807 915 954 propinquas
950 805 1074 908 silvas
1110 806 1445 927 incenderunt,
1485 845 1579 946 quo
1616 804 1826 908 incendio
1855 849 1945 952 pau-

488 1001 542 1061 ca
579 957 798 1100 quaedam
833 962 1057 1086 jumenta,
1078 985 1156 1071 et,
1191 950 1272 1093 qui
1309 949 1416 1052 haec
1447 948 1668 1092 agebant,
1688 951 1861 1054 calones
1889 955 1955 1057 in-

487 1102 662 1205 terclusi
698 1099 950 1242 perierunt.
987 1093 1084 1198 Ubi
1118 1108 1280 1196 Forum
1316 1095 1432 1235 Julii
1475 1130 1657 1198 ventum
1693 1131 1794 1216 est,
1832 1102 1956 1240 quod

484 1257 611 1387 jam,
653 1280 702 1347 ut
740 1240 1168 1362 demonstravimus,
1209 1276 1301 1340 erat
1336 1241 1386 1340 in
1422 1275 1677 1342 nostrorum
1711 1277 1953 1382 potestate,
2036 1355 2044 1376 ι

484 1391 729 1493 secundum
769 1388 890 1488 littus
945 1386 1130 1487 Carolus
1175 1421 1312 1486 castra
1347 1384 1513 1486 muniri
1548 1381 1672 1516 jubet
1688 1461 1703 1504 ,
1721 1418 1768 1486 et
1805 1428 1857 1487 ex
1886 1428 1953 1490 na-

482 1534 617 1641 ¹vibus
654 1533 863 1635 onerariis
901 1528 1021 1651 huc,
1057 1566 1107 1632 ut
1142 1527 1466 1674 imperaverat,
1493 1528 1730 1669 compulsis
1767 1567 1952 1635 tormen·

485 1716 531 1782 ta
567 1715 610 1781 et
645 1714 917 1780 commeatus
955 1674 1157 1817 exponi3
1196 1709 1293 1774 rum
1331 1674 1436 1814 quia
1479 1683 1569 1807 jam
1611 1671 1717 1773 hinc
1759 1717 1784 1776 a
1824 1675 1953 1777 classe

486 1862 532 1925 er
567 1823 717 1924 littore
752 1819 1048 1921 recedendum
1085 1852 1209 1937 erat,
1244 1816 1407 1919 cibaria
1442 1815 1490 1916 in
1526 1817 1617 1917 dies
1659 1853 1763 1920 octo
1794 1819 1954 1962 singu-

484 1968 537 2068 lis
574 1961 788 2066 militibus
824 1958 1080 2079 distribuit,
1114 1993 1158 2059 et
1194 1960 1366 2104 oppido
1401 1959 1657 2061 Italicorum
1692 1961 1951 2102 praesidium

483 2107 708 2251 imponit.
747 2114 812 2206 Ex
846 2119 961 2208 Foro
998 2101 1112 2240 Julii
1148 2141 1254 2204 cum
1290 2109 1442 2245 Aquas
1477 2105 1638 2207 Sextias
1673 2143 1818 2208 versus
1853 2145 1956 2208 mo-

483 2255 617 2358 visset
659 2251 882 2372 Carolus,
929 2247 1236 2382 Montijanum
1278 2243 1552 2390 praefectum
1599 2289 1703 2351 cum
1753 2249 1953 2392 peditum

484 2395 689 2540 expedita
724 2433 862 2496 manu
898 2427 941 2493 et
977 2391 1180 2534 equiturn
1221 2429 1362 2494 turma
1398 2393 1455 2492 ad
1496 2393 1754 2536 Brignolam
1800 2397 1950 2496 castel·

484 2539 581 2643 lum
624 2579 711 2640 esse
755 2537 1042 2683 speculatores
1086 2537 1371 2656 nuntiarunt,
1413 2536 1596 2637 missum
1636 2579 1662 2638 a
1695 2549 1865 2680 Rege,
1900 2573 1948 2640 ut

483 2678 694 2784 frumenti
730 2716 774 2781 et
809 2679 961 2821 pabuli
997 2678 1220 2822 quidquid
1255 2680 1305 2780 in
1341 2680 1457 2822 agris
1489 2716 1534 2782 et
1569 2680 1675 2782 vicis
1704 2679 1952 2804 haberetur,

480 2865 574 2968 ,qua
598 2826 753 2929 nostris
781 2859 889 2925 esset
924 2825 1006 2926 iter
1022 2903 1037 2944 ,
1056 2824 1162 2967 igne
1198 2857 1520 2965 corrumperet.
1558 2824 1634 2926 Ad
1658 2823 1778 2926 hunc
1801 2827 1950 2969 oppti-

482 2972 701 3073 mendum
737 2969 918 3072 Carolus
960 2968 1234 3071 Fernandum
1278 2979 1540 3111 Gonzagam
1575 2968 1746 3080 mittit3
1793 2970 1851 3074 ab
1896 3011 1949 3072 eo

459 3151 579 3254 ,pars
615 3115 866 3257 equitum,
905 3154 1016 3257 quae
1058 3111 1231 3214 hostem
1272 3113 1576 3254 adequitando
1620 3118 1946 3256 pugnandoque

482 3293 757 3378 moraretur,
794 3294 1064 3397 praecurrere
1098 3267 1237 3390 jussa3
1282 3254 1330 3356 hi
1372 3257 1504 3400 paulo
1549 3257 1657 3358 citra
1692 3257 1944 3401 Brignolam

480 3398 659 3503 hostem
693 3403 811 3503 nacti
845 3402 1060 3542 praelium
1095 3399 1386 3502 committunt
1423 3434 1465 3500 et
1490 3401 1601 3502 dum
1638 3403 1836 3504 cedentes
1870 3440 1948 3503 ur-

482 3580 620 3688 gent,
643 3543 840 3691 permisti
874 3584 977 3647 cum
1012 3544 1145 3646 Gallis
1175 3544 1507 3688 pugnandoque
1532 3548 1759 3650 castellum
1790 3548 1949 3650 irrum-

480 3723 627 3831 punt3
668 3725 864 3792 ceterum
899 3727 1004 3790 cum
1047 3728 1092 3788 se
1136 3690 1252 3792 Galli
1293 3689 1363 3790 ex*
1386 3685 1493 3832 fuga
1528 3725 1572 3791 et
1623 3690 1786 3792 timore
1830 3730 1947 3796 rece·

479 3831 643 3973 pissent
652 3911 667 3955 ,
691 3867 916 3979 perspecta
952 3871 996 3934 et
1031 3867 1253 3937 contemta
1287 3869 1540 3936 nostrorum
1577 3835 1793 3974 paucitate
1829 3873 1948 3975 prae-

480 3976 595 4078 lium
640 4015 807 4121 magno
848 3976 1001 4078 animo
1044 3978 1306 4099 restituunt,
1342 4014 1387 4078 et
1421 4013 1675 4082 nostrorum
1710 3979 1948 4080 nonnullos

482 4119 659 4265 longius
704 4161 958 4265 progressos
999 4122 1219 4263 capiunt,
1261 4125 1479 4265 quosdam
1521 4123 1657 4226 etiam
1704 4125 1944 4224 occidunt.

481 4266 565 4365 Sed
601 4270 830 4369 fernando
871 4305 978 4372 cum
1020 4267 1191 4429 reliquo
1236 4269 1437 4409 equitatu
1480 4267 1815 4411 superveniente
1850 4305 1947 4370 rur-

482 4446 553 4506 sus
588 4409 705 4510 Galli
745 4410 794 4513 in
828 4405 983 4555 lugam
1026 4449 1174 4534 versa,
1210 4451 1306 4554 pars
1350 4412 1484 4516 etiam
1525 4412 1678 4535 caesi,
1715 4414 1805 4515 dux
1855 4415 1945 4557 ipse

481 4551 758 4685 Montijanus
794 4592 975 4694 captus.

553 4705 705 4799 XXX.
779 4698 960 4802 Carolus
996 4697 1234 4802 Massiliam
1271 4733 1602 4842 praetergressus
1631 4739 1723 4804 non
1752 4699 1881 4843 longe
1914 4735 1944 4798 a

482 4835 706 4950 Rhodano
741 4839 920 4949 flumine
955 4843 1104 4988 copias
1139 4883 1244 4950 cum
1281 4845 1552 4970 deduxisset,
1573 4845 1630 4947 ad
1665 4851 1819 4988 Aquas
1847 4857 1942 5003 Sex-

1864 5021 1944 5088 tras
