4368 5984
572 409 699 486 avan.
993 414 1584 508 Joamntusmntvnoas

644 542 762 626 Instat
784 561 908 626 rursus
930 541 1177 656 Ixopoldus,
1203 542 1240 626 in
1269 537 1371 626 bello
1394 540 1492 654 justo
1519 567 1598 625 non
1616 533 1744 628 solum'
1758 533 1890 654 justam
1907 567 2004 628 cau·

556 687 664 761 sam,
694 660 758 746 sed
783 661 928 746 bonum
944 659 1057 745 etiam
1073 661 1242 745 animum
1268 685 1307 745 et
1327 685 1466 746 rectam
1494 661 1648 776 gerendi
1670 660 1854 746 tationem
1868 661 2005 776 requi·

558 777 617 862 ti:
648 777 756 889 quod
782 803 985 892 utrumque
1005 780 1043 864 in
1067 781 1140 864 hoc
1166 779 1392 864 desideratur
1421 839 1434 883 ,
1459 806 1548 864 cum
1580 777 1670 862 nihil
1695 779 1796 866 aliud
1829 781 2005 894 gerenti·

560 895 630 980 bus
652 897 699 981 sit
721 897 982 1010 propositum,
1014 927 1131 1012 quam
1155 896 1425 1012 utplurimum
1450 898 1529 981 auri
1555 921 1594 981 ct
1623 897 1765 1012 argenti
1791 925 1858 1012 pet
1884 895 1943 982 fas
1960 923 2005 984 et-

562 1009 665 1098 nefas
686 1012 939 1103 lucrifaciants
968 1015 1094 1132 iraque
1117 1013 1257 1100 bellum
1283 1043 1363 1101 non
1385 1013 1453 1099 nisi
1476 1042 1563 1100 cum
1591 1042 1728 1132 magna
1755 1017 2008 1103 barbarorum

563 1131 692 1246 injuria
729 1157 768 1217 et
795 1134 1013 1219 crudelitate
1038 1133 1310 1238 administrari,
1340 1133 1438 1219 adeo
1466 1158 1509 1218 ut
1540 1161 1596 1218 res
1621 1135 1760 1220 ablatas
1788 1133 1851 1218 illis
1880 1134 2006 1220 nihilo

566 1251 688 1336 minus
712 1251 901 1336 restituere
923 1276 1146 1356 teneantur,
1176 1279 1293 1364 quam
1322 1251 1483 1336 latrones
1499 1250 1702 1338 viatoribus
1719 1252 1893 1368 spoliatis.

606 1371 607 1374 ‘
656 1371 768 1452 Hanc
797 1369 1019 1454 calumniam
1042 1394 1087 1454 ut
1109 1395 1286 1456 amoveat
1310 1375 1553 1454 Democrates
1586 1429 1599 1473 ,
1632 1396 1732 1455 recte
1760 1371 1889 1457 statuit
1918 1399 2006 1457 non

564 1487 606 1572 in
629 1485 835 1600 Principem
852 1487 1042 1590 recidere,
1068 1511 1133 1572 aut
1161 1514 1310 1572 causam
1333 1486 1410 1598 ejus
1427 1487 1649 1602 deteriorem
1674 1483 1820 1592 lacere,
1854 1489 1882 1574 si
1906 1490 2007 1604 quid

569 1633 592 1688 a
617 1599 806 1717 praefectis
835 1629 951 1720 atque
981 1605 1234 1720 praesidibus,
1260 1634 1426 1719 quorum
1449 1601 1536 1690 fidei
1561 1604 1637 1719 ipse
1653 1635 1719 1690 sua
1752 1607 2008 1723 gubernanda

568 1721 782 1827 commisit,
812 1751 958 1826 avare,
989 1722 1185 1809 crudeliter
1209 1747 1247 1807 et
1270 1722 1450 1840 flagitiose
1482 1747 1735 1838 perpetratum
1758 1749 1814 1809 cst
1844 1783 1858 1830 ,
1893 1755 2010 1840 prae·

566 1869 742 1956 terquam
771 1839 799 1925 si
829 1841 994 1955 ipsorum
1026 1840 1250 1960 negligentia
1280 1869 1323 1925 ac
1353 1839 1533 1926 clanculo
1554 1839 1684 1930 favore
1716 1865 1884 1928 auctores
1916 1843 2010 1928 inci·

569 1957 1012 2074 tenturaudacioresque
1027 1957 1132 2044 fiant.
1166 1957 1355 2044 sibertum
1385 1959 1496 2074 igitur
1524 1959 1575 2044 ita
1591 1985 1772 2075 geratur,
1793 1959 1907 2077 impie
1938 1989 2006 2078 ge·

570 2076 662 2166 titur
682 2100 721 2161 et
741 2073 954 2192 flagitiose,
981 2077 1101 2192 etqui
1118 2077 1166 2162 sic
1182 2101 1318 2193 gerunt
1335 2132 1349 2179 ,
1371 2075 1408 2159 in
1426 2101 1490 2160 eos
1516 2105 1635 2189 paene
1657 2101 1852 2192 tamquam
1881 2079 1921 2162 in
1953 2081 2007 2165 la·

569 2218 698 2282 trones
720 2223 764 2278 ac
790 2194 983 2311 plagiarios
999 2193 1375 2280 animadvertendum
1389 2217 1457 2278 est.
1473 2193 1547 2279 Sed
1572 2223 1641 2279 nec
1656 2197 1708 2280 ab
1721 2195 1936 2284 hominibus
1953 2199 2006 2284 sic

569 2311 708 2399 bellum
725 2313 1020 2400 administratum
1040 2340 1117 2400 esse
1132 2313 1308 2397 didicerat
1333 2316 1574 2397 Democrates
1599 2341 1645 2397 ex
1659 2311 1884 2426 quibusdam
1899 2345 2010 2402 com·

571 2430 755 2517 mentariis
785 2432 833 2515 ab
852 2461 892 2517 se
914 2431 1104 2546 perlectis,
1133 2449 1218 2515 nec·
1231 2430 1280 2514 de
1306 2429 1563 2514 moderatione
1588 2457 1654 2514 aut
1684 2431 1818 2516 scelere
1844 2431 2006 2520 militum

571 2573 611 2634 et
626 2545 896 2661 praefectorum
915 2551 1004 2655 ,sed
1029 2551 1077 2636 de
1104 2547 1320 2634 conditione
1336 2546 1420 2631 belli
1441 2546 1550 2658 hujus
1564 2547 1613 2632 ad
1638 2544 1775 2660 justum
1791 2550 2002 2664 Principem

569 2666 761 2782 justosque
786 2667 898 2752 duces
930 2667 1032 2752 relati
1055 2666 1288 2780 disputatur:
1318 2691 1418 2778 quae
1445 2663 1627 2776 ejusmodi
1656 2690 1772 2772 erat,
1804 2691 1848 2751 ut
1871 2695 2002 2774 tecte,

569 2781 664 2898 juste
679 2811 724 2867 ac
738 2783 798 2897 pie
821 2809 861 2869 et
880 2813 968 2869 cum
991 2785 1114 2899 aliqua
1129 2784 1283 2870 victricis
1296 2785 1444 2900 gentis,
1474 2783 1539 2870 sed
1556 2782 1676 2869 multo
1693 2783 1810 2900 magis
1827 2811 1914 2868 cum
1937 2788 2006 2873 de·

570 2902 758 2988 victorum
788 2902 1031 2988 barbarorum
1047 2902 1202 2988 utilitate
1224 2903 1301 3019 geri
1325 2930 1431 3014 posse
1447 2901 1661 3007 videretur,
1676 2926 1715 2986 et
1730 2961 1743 3005 ,
1759 2902 1868 3016 quod
1883 2929 2003 3016 caput

572 3043 657 3126 cst,
685 3049 805 3134 parvo
816 3020 975 3136 negotio
1005 3045 1155 3106 etcum
1178 3045 1385 3135 paucorum
1413 3021 1528 3105 caede
1553 3044 1593 3105 er
1623 3019 1803 3136 sanguine
1833 3019 2003 3128 confici,

444 3141 446 3148 ⁴
572 3138 783 3254 praesertim
805 3138 835 3222 si
855 3135 922 3226 viri
946 3165 1026 3224 non
1043 3137 1163 3226 modo
1181 3135 1325 3244 lortcs,
1349 3137 1415 3225 scd
1430 3137 1541 3223 ctiam
1556 3137 1640 3250 iusti
1654 3161 1693 3224 ct
1722 3137 1876 3222 humani
1892 3167 2003 3254 prae·

572 3253 783 3342 licerentur.
959 3276 960 3280 ‘

662 3370 915 3459 Necessariam
929 3370 1015 3459 belli
1029 3373 1182 3490 gerendi
1196 3372 1378 3460 rationem
1399 3399 1482 3458 eam
1506 3397 1582 3456 esse
1597 3371 1647 3458 ait
1669 3379 1912 3460 Democrates
1930 3436 1943 3480 ,
1960 3399 2006 3462 ut

574 3490 696 3604 primo
721 3490 858 3576 belltun
874 3490 1082 3596 indicatur,
1114 3492 1188 3576 hoc
1203 3517 1289 3598 est,
1319 3517 1363 3577 ut
1393 3490 1539 3575 barbari
1569 3490 1668 3603 prius
1698 3493 2003 3600 admoneantur,

575 3632 619 3692 ut
634 3608 797 3694 maximo
810 3638 881 3693 suo
895 3611 1102 3696 commodo
1116 3610 1264 3724 optimis
1290 3609 1432 3726 legibus
1456 3610 1709 3714 instruantur,
1735 3610 1906 3695 humanis
1918 3643 2004 3697 mo·

574 3725 675 3810 ribus
690 3753 734 3810 ac
752 3753 840 3812 vera
864 3722 1039 3843 religione
1056 3727 1298 3829 imbuantur,
1330 3727 1368 3810 ni
1391 3727 1507 3814 velint
1532 3725 1626 3838 juste
1640 3728 1690 3811 ab
1706 3727 1905 3842 Hispanis,
1930 3727 2000 3844 qui

574 3841 684 3953 hujus
697 3843 749 3929 tei
772 3871 882 3928 causa
897 3871 921 3925 a
936 3872 1005 3930 suo
1029 3871 1116 3958 rege
1142 3844 1238 3932 missi
1263 3843 1425 3949 fuerint,
1454 3844 1766 3958 hostilia-perpeti.
1795 3845 1834 3930 si
1850 3846 1999 3932 barbati

477 4059 480 4066 Ι
572 3961 733 4073 spatium
760 3963 810 4048 ad
836 3957 1115 4048 deliberandum
1132 3961 1399 4074 postulaverint
1414 4022 1427 4067 ,
1441 3961 1726 4048 concedendum
1741 3987 1797 4048 est
1810 3988 2001 4077 quantum

572 4077 658 4162 satis
683 4106 867 4195 superque
891 4075 1000 4165 fuerit
1014 4080 1293 4195 adcogendum
1310 4080 1498 4194 publicum
1514 4079 1710 4163 concilium
1734 4104 1772 4164 et
1796 4103 1887 4164 vota
1904 4107 2000 4164 con·

570 4191 739 4290 ferenda,
767 4197 804 4281 Si
819 4221 912 4312 ergo
927 4197 976 4284 ad
1001 4198 1102 4282 hunc
1119 4197 1278 4284 modum
1293 4198 1476 4284 admoniti
1500 4197 1676 4310 imperata
1700 4193 1851 4282 fecerint
1867 4256 1879 4298 ,
1898 4197 1938 4280 in
1954 4196 1999 4283 fi-

492 4413 495 4418 ,
570 4313 660 4402 dem
678 4313 873 4429 recipiendi
894 4340 1008 4421 sunt,
1036 4340 1076 4410 et
1106 4317 1205 4430 pacis
1232 4344 1311 4401 non
1341 4315 1490 4430 iniquae
1519 4343 1589 4427 pro
1615 4313 1778 4426 ipsorum
1809 4315 1997 4400 conditio·

569 4459 619 4516 ne
645 4431 743 4548 leges
770 4433 940 4536 dandae,
961 4457 1034 4538 ut,
1057 4434 1382 4547 quemadmodum
1408 4457 1463 4518 cst
1488 4432 1527 4514 in
1546 4447 1560 4487 ¹
1583 4432 1907 4536 Deuteronomio,
1923 4433 1995 4515 sab

566 4550 709 4634 tributo
727 4560 911 4636 ammana.
941 4551 1005 4636 Sin
1036 4576 1163 4637 autem
1181 4552 1350 4668 neglecta
1376 4547 1635 4636 admonitione
1652 4609 1663 4653 ,
1680 4549 1742 4634 vel
1772 4549 1899 4664 legatis
1927 4577 1995 4664 per

565 4668 810 4756 temeritatem
825 4699 905 4758 non
920 4667 1111 4779 admissis,
1144 4693 1182 4758 et
1212 4667 1402 4786 colloquio
1424 4665 1655 4784 pertinaciter
1683 4691 1881 4774 recusato,
1913 4695 1994 4870 seqe¹

1941 4813 1964 4870 a

596 4945 613 4989 a
655 4927 730 5009 Cap,
741 4929 814 5000 XX.
