4294 5972
1523 427 1604 512 281

285 615 411 759 ro.
461 613 860 747 onuasn
919 617 1531 756 sururvanm

493 889 616 998 DE
676 888 953 996 REBUS
1006 890 1333 1000 GESTIS

271 1127 879 1288 CAROLI
963 1130 1535 1318 QUINTI

352 1442 782 1524 lMPERATonrs
814 1445 893 1524 ET
913 1451 1087 1526 REGIS
1119 1453 1444 1530 HISPANIAE

578 1789 823 1894 LIBER
921 1787 976 1891 N
993 1791 1044 1894 Ο
1061 1789 1115 1896 N
1133 1795 1184 1898 U
1201 1795 1245 1901 S.

203 2068 236 2160 1.
271 1979 470 2162 DUM
517 2057 625 2160 haec
659 2058 716 2158 ad
751 2055 997 2198 Neapolim
1031 2093 1263 2201 geruntur,
1300 2062 1481 2165 Carolus
1517 2079 1627 2170 Cae*

166 2240 253 2320 sar,
283 2204 341 2305 ab
377 2201 510 2303 initio
546 2196 650 2302 belli
684 2197 812 2332 hujus
848 2202 897 2300 in
932 2203 1215 2304 Germaniam
1238 2207 1424 2343 pecunia
1461 2207 1509 2307 in
1545 2213 1626 2311 sti-

166 2349 380 2488 pendium
416 2345 604 2448 militate
639 2344 802 2466 missa,
834 2343 1034 2447 Henrico
1069 2348 1185 2448 nuci
1218 2349 1515 2450 Prunsvicensi
1550 2389 1628 2489 per

165 2489 328 2594 litteras
363 2489 634 2631 nuntiosque
669 2489 904 2631 negotium
938 2489 1143 2610 dederat,
1170 2525 1250 2610 ut,
1271 2487 1469 2592 confecta
1505 2493 1629 2594 mili-

164 2635 248 2736 tari
283 2670 451 2754 manu,
484 2632 598 2734 hane
631 2633 679 2734 in
713 2632 884 2734 Italiam
921 2667 965 2732 er
998 2635 1245 2774 Neapolim
1282 2634 1543 2756 deduceret,
1579 2676 1626 2739 et

165 2775 408 2880 Philibetto
421 2853 438 2898 ‚
471 2776 551 2919 qui
584 2818 611 2877 a
650 2775 898 2877 Lautrecho
940 2809 985 2876 er
1028 2779 1201 2920 magnis
1243 2778 1476 2880 Gallorum
1516 2794 1626 2882 Foe-

163 2922 509 3062 deratorumque
543 2917 683 3062 copiis
718 2917 1041 3042 obsidebatur,
1070 2919 1268 3024 subsidio
1303 2921 1497 3023 veniret.
1544 2923 1628 3024 Sed

164 3065 214 3168 in
250 3064 359 3168 fines
393 3065 744 3167 Mediolanenses
779 3062 953 3208 magnis
996 3064 1136 3206 copiis
1177 3103 1454 3208 progressum
1496 3076 1628 3166 Hen-

164 3209 309 3311 ricum
343 3243 499 3312 monet
535 3207 757 3310 Antonius
792 3211 928 3310 Leiva
962 3243 1209 3354 rogatque,
1245 3246 1296 3310 ut
1330 3208 1540 3351 tantisper
1576 3211 1625 3314 in

165 3350 235 3453 his
269 3351 528 3496 regionibus
563 3389 804 3457 moraretur
811 3431 827 3476 ,
843 3356 954 3456 dum
988 3353 1157 3496 oppida
1190 3354 1409 3495 quaedam
1444 3355 1627 3456 Medio-

165 3496 352 3600 lanensis
395 3495 628 3617 ditionis,
677 3500 803 3638 quod
844 3493 972 3598 facile
1008 3532 1052 3597 et
1085 3495 1135 3596 in
1170 3498 1377 3638 expedito
1414 3496 1623 3637 Hispanis

166 3638 487 3781 Germanisque
522 3643 769 3773 conjunctis
803 3637 948 3762 foret,
972 3640 1284 3783 reciperentur.

238 3799 288 3887 11.
361 3784 538 3910 Quibus
580 3784 811 3924 postulatis
855 3827 906 3887 ae
948 3785 1150 3928 precibus
1190 3825 1293 3888 cum
1336 3781 1628 3926 adquievisset

166 3927 418 4050 Henticus'‚
446 3928 779 4033 communicato
815 3930 1001 4032 consilio
1031 3933 1227 4030 Laudem
1258 3937 1517 4067 Pompejam
1545 3927 1627 4070 pti·

165 4106 293 4172 mum
329 4109 586 4214 oppugnare
621 4075 792 4212 placet,
825 4075 948 4214 quod
985 4072 1207 4212 oppidum
1240 4077 1433 4208 Joannes
1469 4074 1626 4173 Paulus

165 4208 327 4316 Sfottia
361 4254 465 4315 cum
500 4213 631 4315 firmo
666 4216 884 4356 praesidio
920 4213 1159 4357 multisque
1194 4215 1425 4318 tormentis
1460 4216 1627 4318 obtine·

168 4354 276 4458 bat.
312 4367 487 4498 Coepta
521 4360 858 4501 oppugnatione
893 4377 937 4460 et
974 4394 1096 4500 parte
1138 4362 1258 4462 muri
1300 4395 1628 4462 tormentorum

167 4501 264 4600 telis
307 4501 403 4601 solo
454 4537 663 4642 aequata,
705 4502 893 4645 Hispani
941 4497 1056 4605 facta
1104 4507 1319 4610 testudine
1372 4505 1630 4622 succedunt,

169 4681 425 4786 magnoque
470 4646 639 4786 impetu
690 4645 930 4790 irrumpere
975 4687 1220 4761 conantum
1263 4649 1337 4752 sed
1376 4682 1630 4791 propugna-

55 4909 62 4926 .
173 4818 320 4890 torum
354 4788 516 4892 virtute
558 4825 602 4893 et
638 4825 962 4896 tormentorum
996 4794 1278 4894 multitudine
1315 4791 1631 5032 altitudineque

250 4931 362 5032 Tam.
382 4941 419 5036 I.
1174 4944 1253 5038 Nn
1566 4972 1635 5032 os-
