<?xml version="1.0" encoding="UTF-8"?>
<!DOCTYPE html PUBLIC "-//W3C//DTD XHTML 1.0 Transitional//EN"
    "http://www.w3.org/TR/xhtml1/DTD/xhtml1-transitional.dtd">
<html xmlns="http://www.w3.org/1999/xhtml" xml:lang="en" lang="en">
 <head>
  <title>
</title>
<meta http-equiv="Content-Type" content="text/html;charset=utf-8" />
  <meta name='ocr-system' content='tesseract 3.04.00' />
  <meta name='ocr-capabilities' content='ocr_page ocr_carea ocr_par ocr_line ocrx_word'/>
</head>
<body>
  <div class='ocr_page' id='page_1' title='image "./joannisgenesiis02sepgoog_0041.png"; bbox 0 0 4368 5984; ppageno 0'>
   <div class='ocr_carea' id='block_1_1' title="bbox 720 441 1623 532">
    <p class='ocr_par' dir='ltr' id='par_1_1' title="bbox 720 441 1623 532">
     <span class='ocr_line' id='line_1_1' title="bbox 720 441 1623 532; baseline 0.014 -17"><span class='ocrx_word' id='word_1_1' title='bbox 720 441 839 516; x_wconf 82' lang='lat' dir='ltr'>VITA</span> <span class='ocrx_word' id='word_1_2' title='bbox 864 443 930 514; x_wconf 85' lang='lat' dir='ltr'>ET</span> <span class='ocrx_word' id='word_1_3' title='bbox 955 446 1168 520; x_wconf 80' lang='lat' dir='ltr'>SCRIPTA·</span> <span class='ocrx_word' id='word_1_4' title='bbox 1530 461 1623 532; x_wconf 81' lang='lat' dir='ltr'>XXI.</span> 
     </span>
    </p>
   </div>
   <div class='ocr_carea' id='block_1_2' title="bbox 176 565 1646 4704">
    <p class='ocr_par' dir='ltr' id='par_1_2' title="bbox 182 565 1646 1517">
     <span class='ocr_line' id='line_1_2' title="bbox 275 565 1646 698; baseline 0.009 -36"><span class='ocrx_word' id='word_1_5' title='bbox 275 565 416 662; x_wconf 75' lang='lat' dir='ltr'>Mirari</span> <span class='ocrx_word' id='word_1_6' title='bbox 445 569 542 661; x_wconf 84' lang='lat' dir='ltr'>subit</span> <span class='ocrx_word' id='word_1_7' title='bbox 573 634 586 681; x_wconf 89' lang='lat'>‚</span> <span class='ocrx_word' id='word_1_8' title='bbox 616 572 831 661; x_wconf 86' lang='lat' dir='ltr'>orationem</span> <span class='ocrx_word' id='word_1_9' title='bbox 864 573 1012 680; x_wconf 89' lang='lat' dir='ltr'>istanc,</span> <span class='ocrx_word' id='word_1_10' title='bbox 1052 601 1153 688; x_wconf 88' lang='lat' dir='ltr'>quae</span> <span class='ocrx_word' id='word_1_11' title='bbox 1192 572 1369 661; x_wconf 89' lang='lat' dir='ltr'>omnibus</span> <span class='ocrx_word' id='word_1_12' title='bbox 1408 575 1646 698; x_wconf 88' lang='lat' dir='ltr'>eloquentiae</span> 
     </span>
     <span class='ocr_line' id='line_1_3' title="bbox 189 690 1643 801; baseline 0.006 -19"><span class='ocrx_word' id='word_1_13' title='bbox 189 695 395 782; x_wconf 85' lang='lat' dir='ltr'>luminibus</span> <span class='ocrx_word' id='word_1_14' title='bbox 420 720 555 781; x_wconf 85' lang='lat' dir='ltr'>ornata</span> <span class='ocrx_word' id='word_1_15' title='bbox 587 719 671 801; x_wconf 90' lang='lat' dir='ltr'>est,</span> <span class='ocrx_word' id='word_1_16' title='bbox 713 694 888 779; x_wconf 84' lang='lat' dir='ltr'>insertam</span> <span class='ocrx_word' id='word_1_17' title='bbox 917 724 999 780; x_wconf 93' lang='lat' dir='ltr'>non</span> <span class='ocrx_word' id='word_1_18' title='bbox 1029 690 1140 780; x_wconf 89' lang='lat' dir='ltr'>fuisse</span> <span class='ocrx_word' id='word_1_19' title='bbox 1164 692 1203 776; x_wconf 93' lang='lat' dir='ltr'>in</span> <span class='ocrx_word' id='word_1_20' title='bbox 1241 693 1462 784; x_wconf 87' lang='lat' dir='ltr'>collectione</span> <span class='ocrx_word' id='word_1_21' title='bbox 1494 705 1643 792; x_wconf 83' lang='lat' dir='ltr'>Oratio-</span> 
     </span>
     <span class='ocr_line' id='line_1_4' title="bbox 188 812 1643 929; baseline 0.006 -30"><span class='ocrx_word' id='word_1_22' title='bbox 188 844 276 900; x_wconf 90' lang='lat' dir='ltr'>num</span> <span class='ocrx_word' id='word_1_23' title='bbox 306 816 587 920; x_wconf 84' lang='lat' dir='ltr'>Turcicurum,</span> <span class='ocrx_word' id='word_1_24' title='bbox 631 815 708 900; x_wconf 90' lang='lat' dir='ltr'>sive</span> <span class='ocrx_word' id='word_1_25' title='bbox 741 844 856 929; x_wconf 86' lang='lat' dir='ltr'>opere</span> <span class='ocrx_word' id='word_1_26' title='bbox 885 813 1085 929; x_wconf 86' lang='lat' dir='ltr'>inscripto:</span> <span class='ocrx_word' id='word_1_27' title='bbox 1131 812 1461 920; x_wconf 64' lang='lat' dir='ltr'>Consiliubeliioa</span> <span class='ocrx_word' id='word_1_28' title='bbox 1490 849 1515 903; x_wconf 89' lang='lat' dir='ltr'>u</span> <span class='ocrx_word' id='word_1_29' title='bbox 1545 852 1643 908; x_wconf 87' lang='lat' dir='ltr'>sum·</span> 
     </span>
     <span class='ocr_line' id='line_1_5' title="bbox 182 927 1643 1045; baseline -0.008 -25"><span class='ocrx_word' id='word_1_30' title='bbox 182 945 255 1020; x_wconf 88' lang='lat' dir='ltr'>mis</span> <span class='ocrx_word' id='word_1_31' title='bbox 272 929 554 1041; x_wconf 73' lang='lat' dir='ltr'>Pontificibus,</span> <span class='ocrx_word' id='word_1_32' title='bbox 590 933 914 1045; x_wconf 74' lang='lat' dir='ltr'>imperatoribus,</span> <span class='ocrx_word' id='word_1_33' title='bbox 944 941 1150 1038; x_wconf 84' lang='lat' dir='ltr'>ceterisque</span> <span class='ocrx_word' id='word_1_34' title='bbox 1167 932 1213 1014; x_wconf 89' lang='lat' dir='ltr'>S.</span> <span class='ocrx_word' id='word_1_35' title='bbox 1228 927 1280 1023; x_wconf 68' lang='lat' dir='ltr'>ii.</span> <span class='ocrx_word' id='word_1_36' title='bbox 1315 932 1469 1043; x_wconf 83' lang='lat' dir='ltr'>Imperii</span> <span class='ocrx_word' id='word_1_37' title='bbox 1488 942 1643 1032; x_wconf 80' lang='lat' dir='ltr'>Electa.</span> 
     </span>
     <span class='ocr_line' id='line_1_6' title="bbox 183 1051 1642 1164; baseline 0.005 -24"><span class='ocrx_word' id='word_1_38' title='bbox 183 1051 310 1159; x_wconf 83' lang='lat' dir='ltr'>ribus,</span> <span class='ocrx_word' id='word_1_39' title='bbox 324 1056 571 1164; x_wconf 82' lang='lat' dir='ltr'>Principibus</span> <span class='ocrx_word' id='word_1_40' title='bbox 588 1081 634 1138; x_wconf 91' lang='lat' dir='ltr'>uc</span> <span class='ocrx_word' id='word_1_41' title='bbox 650 1056 684 1139; x_wconf 95' lang='lat' dir='ltr'><em>S</em></span> <span class='ocrx_word' id='word_1_42' title='bbox 684 1057 850 1160; x_wconf 85' lang='lat' dir='ltr'>tutibus,</span> <span class='ocrx_word' id='word_1_43' title='bbox 868 1060 1045 1138; x_wconf 83' lang='lat' dir='ltr'>nonnullis</span> <span class='ocrx_word' id='word_1_44' title='bbox 1061 1062 1173 1135; x_wconf 83' lang='lat' dir='ltr'>etium</span> <span class='ocrx_word' id='word_1_45' title='bbox 1187 1057 1276 1134; x_wconf 84' lang='lat' dir='ltr'>aliis</span> <span class='ocrx_word' id='word_1_46' title='bbox 1292 1053 1495 1140; x_wconf 85' lang='lat' dir='ltr'>homiuibus</span> <span class='ocrx_word' id='word_1_47' title='bbox 1505 1065 1642 1146; x_wconf 84' lang='lat' dir='ltr'>doctis·</span> 
     </span>
     <span class='ocr_line' id='line_1_7' title="bbox 184 1173 1639 1284; baseline 0.006 -26"><span class='ocrx_word' id='word_1_48' title='bbox 184 1182 318 1276; x_wconf 84' lang='lat' dir='ltr'>simis,</span> <span class='ocrx_word' id='word_1_49' title='bbox 330 1181 523 1283; x_wconf 79' lang='lat' dir='ltr'>proximis</span> <span class='ocrx_word' id='word_1_50' title='bbox 555 1175 695 1258; x_wconf 84' lang='lat' dir='ltr'>duobus</span> <span class='ocrx_word' id='word_1_51' title='bbox 721 1181 881 1257; x_wconf 86' lang='lat' dir='ltr'>saeculis</span> <span class='ocrx_word' id='word_1_52' title='bbox 900 1235 912 1278; x_wconf 92' lang='lat'>‚</span> <span class='ocrx_word' id='word_1_53' title='bbox 920 1179 1100 1284; x_wconf 80' lang='lat' dir='ltr'>pleraque</span> <span class='ocrx_word' id='word_1_54' title='bbox 1126 1180 1165 1252; x_wconf 89' lang='lat' dir='ltr'>in</span> <span class='ocrx_word' id='word_1_55' title='bbox 1190 1180 1342 1254; x_wconf 78' lang='lat' dir='ltr'>mmmis</span> <span class='ocrx_word' id='word_1_56' title='bbox 1356 1173 1567 1262; x_wconf 80' lang='lat' dir='ltr'>Christiani</span> <span class='ocrx_word' id='word_1_57' title='bbox 1582 1210 1639 1266; x_wconf 87' lang='lat' dir='ltr'>or·</span> 
     </span>
     <span class='ocr_line' id='line_1_8' title="bbox 183 1293 1638 1411; baseline 0.008 -36"><span class='ocrx_word' id='word_1_58' title='bbox 183 1294 243 1375; x_wconf 86' lang='lat' dir='ltr'>bis</span> <span class='ocrx_word' id='word_1_59' title='bbox 260 1293 440 1378; x_wconf 86' lang='lat' dir='ltr'>Conciiiis</span> <span class='ocrx_word' id='word_1_60' title='bbox 464 1308 575 1398; x_wconf 84' lang='lat' dir='ltr'>utque</span> <span class='ocrx_word' id='word_1_61' title='bbox 601 1294 772 1378; x_wconf 87' lang='lat' dir='ltr'>Comitiis</span> <span class='ocrx_word' id='word_1_62' title='bbox 787 1308 916 1378; x_wconf 84' lang='lat' dir='ltr'>contra</span> <span class='ocrx_word' id='word_1_63' title='bbox 932 1293 1095 1378; x_wconf 76' lang='lat' dir='ltr'>Turnum</span> <span class='ocrx_word' id='word_1_64' title='bbox 1122 1294 1345 1398; x_wconf 85' lang='lat' dir='ltr'>explicatu:</span> <span class='ocrx_word' id='word_1_65' title='bbox 1376 1321 1479 1380; x_wconf 89' lang='lat' dir='ltr'>anno</span> <span class='ocrx_word' id='word_1_66' title='bbox 1514 1301 1638 1411; x_wconf 85' lang='lat'>1603.</span> 
     </span>
     <span class='ocr_line' id='line_1_9' title="bbox 184 1406 1368 1517; baseline 0.003 -23"><span class='ocrx_word' id='word_1_67' title='bbox 184 1411 290 1498; x_wconf 87' lang='lat' dir='ltr'>edita</span> <span class='ocrx_word' id='word_1_68' title='bbox 320 1441 365 1496; x_wconf 84' lang='lat' dir='ltr'>ex</span> <span class='ocrx_word' id='word_1_69' title='bbox 395 1406 548 1496; x_wconf 87' lang='lat' dir='ltr'>officina</span> <span class='ocrx_word' id='word_1_70' title='bbox 578 1412 766 1498; x_wconf 88' lang='lat' dir='ltr'>Grosiana</span> <span class='ocrx_word' id='word_1_71' title='bbox 781 1414 820 1496; x_wconf 90' lang='lat' dir='ltr'>in</span> <span class='ocrx_word' id='word_1_72' title='bbox 840 1411 884 1517; x_wconf 85' lang='lat'>4⁰</span> <span class='ocrx_word' id='word_1_73' title='bbox 1367 1459 1368 1462; x_wconf 12' lang='grc' dir='ltr'><strong><em>κ</em></strong></span> 
     </span>
    </p>

    <p class='ocr_par' dir='ltr' id='par_1_3' title="bbox 185 1529 1639 2247">
     <span class='ocr_line' id='line_1_10' title="bbox 282 1529 1639 1648; baseline 0.01 -34"><span class='ocrx_word' id='word_1_74' title='bbox 282 1529 424 1616; x_wconf 89' lang='lat' dir='ltr'>Carolo</span> <span class='ocrx_word' id='word_1_75' title='bbox 459 1534 620 1616; x_wconf 85' lang='lat' dir='ltr'>Caesare</span> <span class='ocrx_word' id='word_1_76' title='bbox 651 1532 690 1616; x_wconf 91' lang='lat' dir='ltr'>in</span> <span class='ocrx_word' id='word_1_77' title='bbox 722 1533 968 1619; x_wconf 81' lang='lat' dir='ltr'>Germaniam</span> <span class='ocrx_word' id='word_1_78' title='bbox 998 1531 1202 1648; x_wconf 87' lang='lat' dir='ltr'>digresso,</span> <span class='ocrx_word' id='word_1_79' title='bbox 1232 1555 1276 1616; x_wconf 92' lang='lat' dir='ltr'>ut</span> <span class='ocrx_word' id='word_1_80' title='bbox 1310 1529 1584 1623; x_wconf 87' lang='lat' dir='ltr'>Viennensibus</span> <span class='ocrx_word' id='word_1_81' title='bbox 1613 1572 1639 1627; x_wconf 94' lang='lat' dir='ltr'>a</span> 
     </span>
     <span class='ocr_line' id='line_1_11' title="bbox 189 1647 1638 1766; baseline 0.009 -33"><span class='ocrx_word' id='word_1_82' title='bbox 189 1654 316 1735; x_wconf 85' lang='lat' dir='ltr'>Turta</span> <span class='ocrx_word' id='word_1_83' title='bbox 343 1649 497 1735; x_wconf 88' lang='lat' dir='ltr'>obsessis</span> <span class='ocrx_word' id='word_1_84' title='bbox 528 1680 643 1765; x_wconf 89' lang='lat' dir='ltr'>opem</span> <span class='ocrx_word' id='word_1_85' title='bbox 685 1648 825 1758; x_wconf 88' lang='lat' dir='ltr'>ferret,</span> <span class='ocrx_word' id='word_1_86' title='bbox 861 1651 1009 1738; x_wconf 90' lang='lat' dir='ltr'>videtur</span> <span class='ocrx_word' id='word_1_87' title='bbox 1035 1647 1247 1766; x_wconf 88' lang='lat' dir='ltr'>Sepulveda</span> <span class='ocrx_word' id='word_1_88' title='bbox 1277 1655 1442 1736; x_wconf 89' lang='lat' dir='ltr'>Romam</span> <span class='ocrx_word' id='word_1_89' title='bbox 1470 1660 1638 1746; x_wconf 90' lang='lat' dir='ltr'>revertis·</span> 
     </span>
     <span class='ocr_line' id='line_1_12' title="bbox 189 1769 1636 1886; baseline 0.008 -32"><span class='ocrx_word' id='word_1_90' title='bbox 189 1797 228 1854; x_wconf 87' lang='lat' dir='ltr'>se</span> <span class='ocrx_word' id='word_1_91' title='bbox 261 1797 339 1852; x_wconf 89' lang='lat' dir='ltr'>una</span> <span class='ocrx_word' id='word_1_92' title='bbox 382 1798 470 1854; x_wconf 91' lang='lat' dir='ltr'>cum</span> <span class='ocrx_word' id='word_1_93' title='bbox 514 1770 741 1886; x_wconf 88' lang='lat' dir='ltr'>Quignonio</span> <span class='ocrx_word' id='word_1_94' title='bbox 767 1769 981 1859; x_wconf 86' lang='lat' dir='ltr'>Cardinali:</span> <span class='ocrx_word' id='word_1_95' title='bbox 1013 1769 1138 1884; x_wconf 89' lang='lat' dir='ltr'>ibique</span> <span class='ocrx_word' id='word_1_96' title='bbox 1177 1795 1396 1856; x_wconf 89' lang='lat' dir='ltr'>consuetam</span> <span class='ocrx_word' id='word_1_97' title='bbox 1428 1774 1636 1865; x_wconf 89' lang='lat' dir='ltr'>studiorum</span> 
     </span>
     <span class='ocr_line' id='line_1_13' title="bbox 188 1887 1638 2008; baseline 0.008 -36"><span class='ocrx_word' id='word_1_98' title='bbox 188 1887 374 1974; x_wconf 89' lang='lat' dir='ltr'>rationem</span> <span class='ocrx_word' id='word_1_99' title='bbox 406 1887 486 2003; x_wconf 87' lang='lat' dir='ltr'>pari</span> <span class='ocrx_word' id='word_1_100' title='bbox 523 1890 657 1976; x_wconf 88' lang='lat' dir='ltr'>ardore</span> <span class='ocrx_word' id='word_1_101' title='bbox 694 1919 809 2006; x_wconf 89' lang='lat' dir='ltr'>arque</span> <span class='ocrx_word' id='word_1_102' title='bbox 842 1889 1031 2008; x_wconf 84' lang='lat' dir='ltr'>diligentia</span> <span class='ocrx_word' id='word_1_103' title='bbox 1056 1911 1274 2002; x_wconf 87' lang='lat' dir='ltr'>prosecutus</span> <span class='ocrx_word' id='word_1_104' title='bbox 1295 1912 1351 1974; x_wconf 89' lang='lat' dir='ltr'>est</span> <span class='ocrx_word' id='word_1_105' title='bbox 1377 1949 1389 1993; x_wconf 90' lang='lat'><strong><em>,</em></strong></span> <span class='ocrx_word' id='word_1_106' title='bbox 1417 1919 1487 1976; x_wconf 89' lang='lat' dir='ltr'>ceu</span> <span class='ocrx_word' id='word_1_107' title='bbox 1520 1920 1638 1982; x_wconf 86' lang='lat' dir='ltr'>testa-</span> 
     </span>
     <span class='ocr_line' id='line_1_14' title="bbox 185 2005 1637 2122; baseline 0.008 -33"><span class='ocrx_word' id='word_1_108' title='bbox 185 2029 247 2090; x_wconf 89' lang='lat' dir='ltr'>tur</span> <span class='ocrx_word' id='word_1_109' title='bbox 280 2009 541 2116; x_wconf 85' lang='lat' dir='ltr'>Antapologiu</span> <span class='ocrx_word' id='word_1_110' title='bbox 566 2027 641 2119; x_wconf 87' lang='lat' dir='ltr'>pro</span> <span class='ocrx_word' id='word_1_111' title='bbox 663 2013 822 2096; x_wconf 82' lang='lat' dir='ltr'>Alberto</span> <span class='ocrx_word' id='word_1_112' title='bbox 853 2005 930 2098; x_wconf 69' lang='lat' dir='ltr'>lPio</span> <span class='ocrx_word' id='word_1_113' title='bbox 956 2017 996 2092; x_wconf 91' lang='lat' dir='ltr'>in</span> <span class='ocrx_word' id='word_1_114' title='bbox 1020 2009 1256 2115; x_wconf 86' lang='lat' dir='ltr'>Erasmum,</span> <span class='ocrx_word' id='word_1_115' title='bbox 1295 2007 1398 2122; x_wconf 78' lang='lat' dir='ltr'>cujus</span> <span class='ocrx_word' id='word_1_116' title='bbox 1423 2010 1637 2102; x_wconf 85' lang='lat' dir='ltr'>scribendae</span> 
     </span>
     <span class='ocr_line' id='line_1_15' title="bbox 186 2125 1235 2247; baseline 0 -37"><span class='ocrx_word' id='word_1_117' title='bbox 186 2125 336 2213; x_wconf 87' lang='lat' dir='ltr'>occasio</span> <span class='ocrx_word' id='word_1_118' title='bbox 366 2126 484 2240; x_wconf 89' lang='lat' dir='ltr'>paulo</span> <span class='ocrx_word' id='word_1_119' title='bbox 501 2125 611 2212; x_wconf 88' lang='lat' dir='ltr'>etita</span> <span class='ocrx_word' id='word_1_120' title='bbox 628 2130 740 2214; x_wconf 91' lang='lat' dir='ltr'>nobis</span> <span class='ocrx_word' id='word_1_121' title='bbox 770 2128 980 2247; x_wconf 85' lang='lat' dir='ltr'>diligentius</span> <span class='ocrx_word' id='word_1_122' title='bbox 1010 2126 1235 2213; x_wconf 85' lang='lat' dir='ltr'>extricanda.</span> 
     </span>
    </p>

    <p class='ocr_par' dir='ltr' id='par_1_4' title="bbox 179 2245 1639 3784">
     <span class='ocr_line' id='line_1_16' title="bbox 284 2245 1636 2365; baseline 0.006 -36"><span class='ocrx_word' id='word_1_123' title='bbox 284 2263 298 2301; x_wconf 86' lang='lat'>¹</span> <span class='ocrx_word' id='word_1_124' title='bbox 323 2251 498 2330; x_wconf 87' lang='lat' dir='ltr'>Erasmus</span> <span class='ocrx_word' id='word_1_125' title='bbox 523 2246 562 2330; x_wconf 92' lang='lat' dir='ltr'>in</span> <span class='ocrx_word' id='word_1_126' title='bbox 589 2245 743 2361; x_wconf 88' lang='lat' dir='ltr'>epistola</span> <span class='ocrx_word' id='word_1_127' title='bbox 771 2249 822 2334; x_wconf 90' lang='lat' dir='ltr'>ad</span> <span class='ocrx_word' id='word_1_128' title='bbox 835 2247 1010 2332; x_wconf 93' lang='lat' dir='ltr'>Coelium</span> <span class='ocrx_word' id='word_1_129' title='bbox 1040 2246 1314 2361; x_wconf 85' lang='lat' dir='ltr'>Calcagninum</span> <span class='ocrx_word' id='word_1_130' title='bbox 1331 2305 1343 2350; x_wconf 94' lang='lat'>,</span> <span class='ocrx_word' id='word_1_131' title='bbox 1360 2251 1419 2330; x_wconf 92' lang='lat' dir='ltr'>lll.</span> <span class='ocrx_word' id='word_1_132' title='bbox 1454 2251 1509 2334; x_wconf 90' lang='lat' dir='ltr'>ld.</span> <span class='ocrx_word' id='word_1_133' title='bbox 1541 2253 1636 2365; x_wconf 83' lang='lat' dir='ltr'>Maj.</span> 
     </span>
     <span class='ocr_line' id='line_1_17' title="bbox 189 2363 1639 2482; baseline 0.005 -34"><span class='ocrx_word' id='word_1_134' title='bbox 189 2386 343 2448; x_wconf 85' lang='lat' dir='ltr'>exarata</span> <span class='ocrx_word' id='word_1_135' title='bbox 384 2392 473 2447; x_wconf 86' lang='lat' dir='ltr'>ann.</span> <span class='ocrx_word' id='word_1_136' title='bbox 514 2393 641 2475; x_wconf 85' lang='lat'>1525.</span> <span class='ocrx_word' id='word_1_137' title='bbox 675 2391 828 2481; x_wconf 90' lang='lat' dir='ltr'>questus</span> <span class='ocrx_word' id='word_1_138' title='bbox 848 2391 957 2471; x_wconf 88' lang='lat' dir='ltr'>etat,</span> <span class='ocrx_word' id='word_1_139' title='bbox 990 2363 1097 2451; x_wconf 91' lang='lat' dir='ltr'>Pium</span> <span class='ocrx_word' id='word_1_140' title='bbox 1111 2369 1259 2448; x_wconf 89' lang='lat' dir='ltr'>Romae</span> <span class='ocrx_word' id='word_1_141' title='bbox 1287 2363 1326 2446; x_wconf 93' lang='lat' dir='ltr'>in</span> <span class='ocrx_word' id='word_1_142' title='bbox 1358 2365 1458 2448; x_wconf 89' lang='lat' dir='ltr'>curia</span> <span class='ocrx_word' id='word_1_143' title='bbox 1491 2394 1639 2482; x_wconf 89' lang='lat' dir='ltr'>specta-</span> 
     </span>
     <span class='ocr_line' id='line_1_18' title="bbox 188 2481 1636 2602; baseline 0.006 -38"><span class='ocrx_word' id='word_1_144' title='bbox 188 2503 273 2564; x_wconf 90' lang='lat' dir='ltr'>tum</span> <span class='ocrx_word' id='word_1_145' title='bbox 301 2511 347 2568; x_wconf 85' lang='lat' dir='ltr'>ex</span> <span class='ocrx_word' id='word_1_146' title='bbox 372 2481 496 2567; x_wconf 87' lang='lat' dir='ltr'>litteris</span> <span class='ocrx_word' id='word_1_147' title='bbox 538 2507 577 2568; x_wconf 87' lang='lat' dir='ltr'>et</span> <span class='ocrx_word' id='word_1_148' title='bbox 613 2486 782 2571; x_wconf 88' lang='lat' dir='ltr'>Oratoris</span> <span class='ocrx_word' id='word_1_149' title='bbox 802 2485 967 2570; x_wconf 88' lang='lat' dir='ltr'>Caesaris</span> <span class='ocrx_word' id='word_1_150' title='bbox 1005 2511 1188 2587; x_wconf 89' lang='lat' dir='ltr'>munere,</span> <span class='ocrx_word' id='word_1_151' title='bbox 1228 2483 1266 2566; x_wconf 93' lang='lat' dir='ltr'>in</span> <span class='ocrx_word' id='word_1_152' title='bbox 1303 2483 1455 2595; x_wconf 86' lang='lat' dir='ltr'>publicis</span> <span class='ocrx_word' id='word_1_153' title='bbox 1497 2510 1537 2571; x_wconf 89' lang='lat' dir='ltr'>et</span> <span class='ocrx_word' id='word_1_154' title='bbox 1566 2489 1636 2602; x_wconf 63' lang='lat' dir='ltr'>pri-v</span> 
     </span>
     <span class='ocr_line' id='line_1_19' title="bbox 185 2599 1636 2718; baseline 0.006 -34"><span class='ocrx_word' id='word_1_155' title='bbox 185 2599 283 2684; x_wconf 88' lang='lat' dir='ltr'>vatis</span> <span class='ocrx_word' id='word_1_156' title='bbox 313 2599 508 2718; x_wconf 90' lang='lat' dir='ltr'>colloquiis</span> <span class='ocrx_word' id='word_1_157' title='bbox 540 2603 794 2715; x_wconf 77' lang='lat' dir='ltr'>praedicasse,</span> <span class='ocrx_word' id='word_1_158' title='bbox 823 2611 1021 2690; x_wconf 89' lang='lat' dir='ltr'>Erasmum</span> <span class='ocrx_word' id='word_1_159' title='bbox 1046 2631 1116 2687; x_wconf 87' lang='lat' dir='ltr'>nec</span> <span class='ocrx_word' id='word_1_160' title='bbox 1139 2630 1216 2686; x_wconf 92' lang='lat' dir='ltr'>esse</span> <span class='ocrx_word' id='word_1_161' title='bbox 1238 2599 1536 2716; x_wconf 85' lang='lat' dir='ltr'>philosophum,</span> <span class='ocrx_word' id='word_1_162' title='bbox 1566 2635 1636 2694; x_wconf 93' lang='lat' dir='ltr'>nec</span> 
     </span>
     <span class='ocr_line' id='line_1_20' title="bbox 185 2717 1634 2833; baseline 0.005 -31"><span class='ocrx_word' id='word_1_163' title='bbox 185 2717 400 2833; x_wconf 88' lang='lat' dir='ltr'>quidquam</span> <span class='ocrx_word' id='word_1_164' title='bbox 433 2719 594 2806; x_wconf 92' lang='lat' dir='ltr'>omnino</span> <span class='ocrx_word' id='word_1_165' title='bbox 626 2749 754 2810; x_wconf 89' lang='lat' dir='ltr'>tenere</span> <span class='ocrx_word' id='word_1_166' title='bbox 775 2724 915 2810; x_wconf 86' lang='lat' dir='ltr'>solidae</span> <span class='ocrx_word' id='word_1_167' title='bbox 944 2721 1150 2809; x_wconf 88' lang='lat' dir='ltr'>doctrinae.</span> <span class='ocrx_word' id='word_1_168' title='bbox 1179 2718 1282 2804; x_wconf 88' lang='lat' dir='ltr'>Hinc</span> <span class='ocrx_word' id='word_1_169' title='bbox 1309 2719 1374 2802; x_wconf 84' lang='lat' dir='ltr'>Vl.</span> <span class='ocrx_word' id='word_1_170' title='bbox 1405 2721 1459 2805; x_wconf 90' lang='lat' dir='ltr'>ld.</span> <span class='ocrx_word' id='word_1_171' title='bbox 1491 2725 1634 2811; x_wconf 88' lang='lat' dir='ltr'>Octob.</span> 
     </span>
     <span class='ocr_line' id='line_1_21' title="bbox 184 2835 1636 2958; baseline 0.006 -38"><span class='ocrx_word' id='word_1_172' title='bbox 184 2835 353 2947; x_wconf 83' lang='lat' dir='ltr'>ejusdem</span> <span class='ocrx_word' id='word_1_173' title='bbox 385 2838 475 2923; x_wconf 90' lang='lat' dir='ltr'>anni</span> <span class='ocrx_word' id='word_1_174' title='bbox 499 2839 641 2925; x_wconf 87' lang='lat' dir='ltr'>Basilea</span> <span class='ocrx_word' id='word_1_175' title='bbox 658 2844 709 2929; x_wconf 91' lang='lat' dir='ltr'>ad</span> <span class='ocrx_word' id='word_1_176' title='bbox 733 2843 853 2958; x_wconf 89' lang='lat' dir='ltr'>ipsum</span> <span class='ocrx_word' id='word_1_177' title='bbox 873 2841 1081 2955; x_wconf 89' lang='lat' dir='ltr'>Principem</span> <span class='ocrx_word' id='word_1_178' title='bbox 1097 2838 1230 2925; x_wconf 89' lang='lat' dir='ltr'>eadem</span> <span class='ocrx_word' id='word_1_179' title='bbox 1261 2839 1310 2924; x_wconf 88' lang='lat' dir='ltr'>de</span> <span class='ocrx_word' id='word_1_180' title='bbox 1335 2839 1636 2929; x_wconf 87' lang='lat' dir='ltr'>rescribendum</span> 
     </span>
     <span class='ocr_line' id='line_1_22' title="bbox 182 2955 1636 3077; baseline 0.006 -38"><span class='ocrx_word' id='word_1_181' title='bbox 182 2955 354 3068; x_wconf 91' lang='lat' dir='ltr'>putavit.</span> <span class='ocrx_word' id='word_1_182' title='bbox 388 2956 569 3042; x_wconf 88' lang='lat' dir='ltr'>Albertus</span> <span class='ocrx_word' id='word_1_183' title='bbox 586 2961 671 3047; x_wconf 92' lang='lat' dir='ltr'>Pius</span> <span class='ocrx_word' id='word_1_184' title='bbox 703 2989 783 3047; x_wconf 92' lang='lat' dir='ltr'>non</span> <span class='ocrx_word' id='word_1_185' title='bbox 821 2960 975 3077; x_wconf 86' lang='lat' dir='ltr'>epistola</span> <span class='ocrx_word' id='word_1_186' title='bbox 991 2958 1057 3045; x_wconf 91' lang='lat' dir='ltr'>sed</span> <span class='ocrx_word' id='word_1_187' title='bbox 1086 2958 1199 3072; x_wconf 87' lang='lat' dir='ltr'>spisso</span> <span class='ocrx_word' id='word_1_188' title='bbox 1217 2955 1411 3042; x_wconf 90' lang='lat' dir='ltr'>volumine</span> <span class='ocrx_word' id='word_1_189' title='bbox 1442 2963 1636 3073; x_wconf 91' lang='lat' dir='ltr'>respondit</span> 
     </span>
     <span class='ocr_line' id='line_1_23' title="bbox 183 3075 1636 3196; baseline 0.007 -39"><span class='ocrx_word' id='word_1_190' title='bbox 183 3075 321 3159; x_wconf 88' lang='lat' dir='ltr'>Roma</span> <span class='ocrx_word' id='word_1_191' title='bbox 355 3077 413 3161; x_wconf 92' lang='lat' dir='ltr'>ld.</span> <span class='ocrx_word' id='word_1_192' title='bbox 437 3077 535 3189; x_wconf 86' lang='lat' dir='ltr'>Maj.</span> <span class='ocrx_word' id='word_1_193' title='bbox 565 3080 654 3163; x_wconf 91' lang='lat' dir='ltr'>anni</span> <span class='ocrx_word' id='word_1_194' title='bbox 683 3081 899 3196; x_wconf 88' lang='lat' dir='ltr'>sequentis,</span> <span class='ocrx_word' id='word_1_195' title='bbox 924 3078 1088 3193; x_wconf 89' lang='lat' dir='ltr'>totisque</span> <span class='ocrx_word' id='word_1_196' title='bbox 1119 3075 1256 3166; x_wconf 90' lang='lat' dir='ltr'>viribus</span> <span class='ocrx_word' id='word_1_197' title='bbox 1293 3075 1332 3158; x_wconf 93' lang='lat' dir='ltr'>in</span> <span class='ocrx_word' id='word_1_198' title='bbox 1364 3081 1563 3163; x_wconf 89' lang='lat' dir='ltr'>Erasmum</span> <span class='ocrx_word' id='word_1_199' title='bbox 1580 3105 1636 3167; x_wconf 91' lang='lat' dir='ltr'>est</span> 
     </span>
     <span class='ocr_line' id='line_1_24' title="bbox 181 3191 1633 3309; baseline 0.006 -34"><span class='ocrx_word' id='word_1_200' title='bbox 181 3191 385 3281; x_wconf 89' lang='lat' dir='ltr'>invectus.</span> <span class='ocrx_word' id='word_1_201' title='bbox 419 3195 553 3281; x_wconf 87' lang='lat' dir='ltr'>Arvir</span> <span class='ocrx_word' id='word_1_202' title='bbox 579 3196 636 3282; x_wconf 91' lang='lat' dir='ltr'>ille</span> <span class='ocrx_word' id='word_1_203' title='bbox 679 3228 760 3284; x_wconf 92' lang='lat' dir='ltr'>non</span> <span class='ocrx_word' id='word_1_204' title='bbox 785 3198 909 3284; x_wconf 88' lang='lat' dir='ltr'>statim</span> <span class='ocrx_word' id='word_1_205' title='bbox 933 3198 997 3284; x_wconf 90' lang='lat' dir='ltr'>sibi</span> <span class='ocrx_word' id='word_1_206' title='bbox 1024 3193 1332 3309; x_wconf 90' lang='lat' dir='ltr'>respondendum</span> <span class='ocrx_word' id='word_1_207' title='bbox 1361 3196 1538 3308; x_wconf 86' lang='lat' dir='ltr'>putavit,</span> <span class='ocrx_word' id='word_1_208' title='bbox 1568 3200 1633 3284; x_wconf 90' lang='lat' dir='ltr'>sed</span> 
     </span>
     <span class='ocr_line' id='line_1_25' title="bbox 179 3311 1627 3432; baseline 0.001 -34"><span class='ocrx_word' id='word_1_209' title='bbox 179 3337 389 3428; x_wconf 88' lang='lat' dir='ltr'>postquam</span> <span class='ocrx_word' id='word_1_210' title='bbox 426 3313 604 3428; x_wconf 87' lang='lat' dir='ltr'>accepit,</span> <span class='ocrx_word' id='word_1_211' title='bbox 642 3317 752 3402; x_wconf 91' lang='lat' dir='ltr'>Pium</span> <span class='ocrx_word' id='word_1_212' title='bbox 775 3322 900 3404; x_wconf 91' lang='lat' dir='ltr'>Roma</span> <span class='ocrx_word' id='word_1_213' title='bbox 937 3346 960 3400; x_wconf 92' lang='lat' dir='ltr'>a</span> <span class='ocrx_word' id='word_1_214' title='bbox 989 3315 1132 3399; x_wconf 90' lang='lat' dir='ltr'>Carolo</span> <span class='ocrx_word' id='word_1_215' title='bbox 1160 3336 1375 3428; x_wconf 82' lang='lat' dir='ltr'>expugnata</span> <span class='ocrx_word' id='word_1_216' title='bbox 1407 3311 1627 3432; x_wconf 83' lang='lat' dir='ltr'>profugum,</span> 
     </span>
     <span class='ocr_line' id='line_1_26' title="bbox 180 3431 1634 3552; baseline 0.003 -37"><span class='ocrx_word' id='word_1_217' title='bbox 180 3431 293 3516; x_wconf 92' lang='lat' dir='ltr'>bonis</span> <span class='ocrx_word' id='word_1_218' title='bbox 327 3432 546 3546; x_wconf 88' lang='lat' dir='ltr'>occupatis,</span> <span class='ocrx_word' id='word_1_219' title='bbox 579 3433 868 3552; x_wconf 88' lang='lat' dir='ltr'>Principatuque</span> <span class='ocrx_word' id='word_1_220' title='bbox 901 3457 1060 3550; x_wconf 92' lang='lat' dir='ltr'>erepto,</span> <span class='ocrx_word' id='word_1_221' title='bbox 1091 3433 1129 3516; x_wconf 94' lang='lat' dir='ltr'>in</span> <span class='ocrx_word' id='word_1_222' title='bbox 1144 3431 1306 3516; x_wconf 86' lang='lat' dir='ltr'>Galliam</span> <span class='ocrx_word' id='word_1_223' title='bbox 1340 3433 1551 3538; x_wconf 88' lang='lat' dir='ltr'>secessisse,</span> <span class='ocrx_word' id='word_1_224' title='bbox 1568 3434 1634 3520; x_wconf 92' lang='lat' dir='ltr'>ibi·</span> 
     </span>
     <span class='ocr_line' id='line_1_27' title="bbox 179 3549 1630 3670; baseline 0.001 -36"><span class='ocrx_word' id='word_1_225' title='bbox 179 3580 257 3664; x_wconf 90' lang='lat' dir='ltr'>que</span> <span class='ocrx_word' id='word_1_226' title='bbox 286 3551 410 3664; x_wconf 89' lang='lat' dir='ltr'>operis</span> <span class='ocrx_word' id='word_1_227' title='bbox 438 3551 640 3637; x_wconf 90' lang='lat' dir='ltr'>editionem</span> <span class='ocrx_word' id='word_1_228' title='bbox 672 3584 830 3670; x_wconf 87' lang='lat' dir='ltr'>parare,</span> <span class='ocrx_word' id='word_1_229' title='bbox 862 3555 1017 3642; x_wconf 89' lang='lat' dir='ltr'>brevem</span> <span class='ocrx_word' id='word_1_230' title='bbox 1051 3552 1102 3637; x_wconf 92' lang='lat' dir='ltr'>ad</span> <span class='ocrx_word' id='word_1_231' title='bbox 1126 3551 1231 3636; x_wconf 91' lang='lat' dir='ltr'>illurn</span> <span class='ocrx_word' id='word_1_232' title='bbox 1263 3549 1402 3664; x_wconf 91' lang='lat' dir='ltr'>scripsit</span> <span class='ocrx_word' id='word_1_233' title='bbox 1436 3551 1630 3667; x_wconf 91' lang='lat' dir='ltr'>epistolam</span> 
     </span>
     <span class='ocr_line' id='line_1_28' title="bbox 183 3659 1126 3784; baseline -0.001 -30"><span class='ocrx_word' id='word_1_234' title='bbox 183 3667 331 3754; x_wconf 89' lang='lat' dir='ltr'>Basilea</span> <span class='ocrx_word' id='word_1_235' title='bbox 347 3672 398 3754; x_wconf 89' lang='lat' dir='ltr'>X.</span> <span class='ocrx_word' id='word_1_236' title='bbox 414 3669 501 3754; x_wconf 87' lang='lat' dir='ltr'>Kal.</span> <span class='ocrx_word' id='word_1_237' title='bbox 512 3659 677 3784; x_wconf 89' lang='lat' dir='ltr'>Januarii</span> <span class='ocrx_word' id='word_1_238' title='bbox 699 3703 788 3760; x_wconf 89' lang='lat' dir='ltr'>ann.</span> <span class='ocrx_word' id='word_1_239' title='bbox 802 3677 862 3758; x_wconf 90' lang='lat' dir='ltr'>M.</span> <span class='ocrx_word' id='word_1_240' title='bbox 877 3680 928 3760; x_wconf 87' lang='lat' dir='ltr'>D.</span> <span class='ocrx_word' id='word_1_241' title='bbox 949 3674 1126 3756; x_wconf 86' lang='lat' dir='ltr'>XXVIII.</span> 
     </span>
    </p>

    <p class='ocr_par' dir='ltr' id='par_1_5' title="bbox 176 3783 1630 4704">
     <span class='ocr_line' id='line_1_29' title="bbox 271 3783 1630 3905; baseline 0.001 -31"><span class='ocrx_word' id='word_1_242' title='bbox 271 3789 369 3885; x_wconf 91' lang='lat' dir='ltr'>Quo</span> <span class='ocrx_word' id='word_1_243' title='bbox 413 3813 585 3904; x_wconf 92' lang='lat' dir='ltr'>tempore</span> <span class='ocrx_word' id='word_1_244' title='bbox 616 3790 676 3877; x_wconf 90' lang='lat' dir='ltr'>hic</span> <span class='ocrx_word' id='word_1_245' title='bbox 706 3792 851 3879; x_wconf 89' lang='lat' dir='ltr'>Erasmi</span> <span class='ocrx_word' id='word_1_246' title='bbox 891 3793 982 3878; x_wconf 90' lang='lat' dir='ltr'>liber</span> <span class='ocrx_word' id='word_1_247' title='bbox 1014 3790 1270 3905; x_wconf 87' lang='lat' dir='ltr'>apologeticus</span> <span class='ocrx_word' id='word_1_248' title='bbox 1309 3783 1431 3875; x_wconf 87' lang='lat' dir='ltr'>lucem</span> <span class='ocrx_word' id='word_1_249' title='bbox 1477 3788 1630 3903; x_wconf 85' lang='lat' dir='ltr'>aspexit,</span> 
     </span>
     <span class='ocr_line' id='line_1_30' title="bbox 178 3905 1628 4027; baseline 0 -34"><span class='ocrx_word' id='word_1_250' title='bbox 178 3905 359 3993; x_wconf 86' lang='lat' dir='ltr'>Albertus</span> <span class='ocrx_word' id='word_1_251' title='bbox 390 3908 503 4014; x_wconf 85' lang='lat' dir='ltr'>Pius,</span> <span class='ocrx_word' id='word_1_252' title='bbox 533 3925 550 3963; x_wconf 77' lang='lat'><em>²</em></span> <span class='ocrx_word' id='word_1_253' title='bbox 586 3909 643 3997; x_wconf 90' lang='lat' dir='ltr'>vir</span> <span class='ocrx_word' id='word_1_254' title='bbox 689 3937 733 3998; x_wconf 93' lang='lat' dir='ltr'>ut</span> <span class='ocrx_word' id='word_1_255' title='bbox 778 3911 953 4027; x_wconf 87' lang='lat' dir='ltr'>sapientia</span> <span class='ocrx_word' id='word_1_256' title='bbox 987 3934 1026 3995; x_wconf 90' lang='lat' dir='ltr'>et</span> <span class='ocrx_word' id='word_1_257' title='bbox 1063 3909 1273 4012; x_wconf 90' lang='lat' dir='ltr'>doctrina,</span> <span class='ocrx_word' id='word_1_258' title='bbox 1323 3908 1428 3992; x_wconf 89' lang='lat' dir='ltr'>omni</span> <span class='ocrx_word' id='word_1_259' title='bbox 1464 3907 1628 4024; x_wconf 89' lang='lat' dir='ltr'>denique</span> 
     </span>
     <span class='ocr_line' id='line_1_31' title="bbox 176 4025 1628 4146; baseline 0.001 -36"><span class='ocrx_word' id='word_1_260' title='bbox 176 4025 415 4112; x_wconf 87' lang='lat' dir='ltr'>humanitate</span> <span class='ocrx_word' id='word_1_261' title='bbox 442 4025 656 4140; x_wconf 89' lang='lat' dir='ltr'>praeditus,</span> <span class='ocrx_word' id='word_1_262' title='bbox 693 4057 732 4117; x_wconf 87' lang='lat' dir='ltr'>et</span> <span class='ocrx_word' id='word_1_263' title='bbox 766 4029 880 4116; x_wconf 89' lang='lat' dir='ltr'>animi</span> <span class='ocrx_word' id='word_1_264' title='bbox 905 4027 1162 4146; x_wconf 86' lang='lat' dir='ltr'>magnitudine</span> <span class='ocrx_word' id='word_1_265' title='bbox 1197 4025 1400 4138; x_wconf 87' lang='lat' dir='ltr'>ceterisque</span> <span class='ocrx_word' id='word_1_266' title='bbox 1429 4025 1628 4113; x_wconf 88' lang='lat' dir='ltr'>virtutibus</span> 
     </span>
     <span class='ocr_line' id='line_1_32' title="bbox 178 4144 1629 4265; baseline 0.001 -37"><span class='ocrx_word' id='word_1_267' title='bbox 178 4171 366 4252; x_wconf 86' lang='lat' dir='ltr'>ornatus,</span> <span class='ocrx_word' id='word_1_268' title='bbox 395 4145 444 4229; x_wconf 90' lang='lat' dir='ltr'>sic</span> <span class='ocrx_word' id='word_1_269' title='bbox 464 4147 575 4232; x_wconf 89' lang='lat' dir='ltr'>rebus</span> <span class='ocrx_word' id='word_1_270' title='bbox 590 4147 697 4265; x_wconf 85' lang='lat' dir='ltr'>gestis</span> <span class='ocrx_word' id='word_1_271' title='bbox 723 4150 959 4265; x_wconf 88' lang='lat' dir='ltr'>praeclarus,</span> <span class='ocrx_word' id='word_1_272' title='bbox 990 4147 1090 4232; x_wconf 89' lang='lat' dir='ltr'>diem</span> <span class='ocrx_word' id='word_1_273' title='bbox 1121 4167 1353 4256; x_wconf 90' lang='lat' dir='ltr'>postremum</span> <span class='ocrx_word' id='word_1_274' title='bbox 1378 4144 1452 4257; x_wconf 80' lang='lat' dir='ltr'>jam</span> <span class='ocrx_word' id='word_1_275' title='bbox 1482 4145 1629 4230; x_wconf 88' lang='lat' dir='ltr'>obierat</span> 
     </span>
     <span class='ocr_line' id='line_1_33' title="bbox 179 4259 1629 4380; baseline 0.001 -33"><span class='ocrx_word' id='word_1_276' title='bbox 179 4265 356 4376; x_wconf 87' lang='lat' dir='ltr'>procula</span> <span class='ocrx_word' id='word_1_277' title='bbox 380 4267 526 4379; x_wconf 87' lang='lat' dir='ltr'>patria,</span> <span class='ocrx_word' id='word_1_278' title='bbox 556 4293 712 4380; x_wconf 88' lang='lat' dir='ltr'>paterna</span> <span class='ocrx_word' id='word_1_279' title='bbox 746 4269 887 4354; x_wconf 89' lang='lat' dir='ltr'>ditione</span> <span class='ocrx_word' id='word_1_280' title='bbox 920 4291 1035 4379; x_wconf 91' lang='lat' dir='ltr'>atque</span> <span class='ocrx_word' id='word_1_281' title='bbox 1061 4261 1195 4376; x_wconf 88' lang='lat' dir='ltr'>opibus</span> <span class='ocrx_word' id='word_1_282' title='bbox 1225 4261 1419 4377; x_wconf 89' lang='lat' dir='ltr'>iniquitate</span> <span class='ocrx_word' id='word_1_283' title='bbox 1454 4259 1629 4348; x_wconf 89' lang='lat' dir='ltr'>fortunae</span> 
     </span>
     <span class='ocr_line' id='line_1_34' title="bbox 179 4380 1629 4500; baseline 0.001 -35"><span class='ocrx_word' id='word_1_284' title='bbox 179 4380 369 4494; x_wconf 83' lang='lat' dir='ltr'>dejectus:</span> <span class='ocrx_word' id='word_1_285' title='bbox 393 4413 511 4500; x_wconf 90' lang='lat' dir='ltr'>quam</span> <span class='ocrx_word' id='word_1_286' title='bbox 532 4385 781 4470; x_wconf 85' lang='lat' dir='ltr'>calamitatem</span> <span class='ocrx_word' id='word_1_287' title='bbox 808 4413 888 4470; x_wconf 92' lang='lat' dir='ltr'>non</span> <span class='ocrx_word' id='word_1_288' title='bbox 941 4411 1048 4467; x_wconf 88' lang='lat' dir='ltr'>arum</span> <span class='ocrx_word' id='word_1_289' title='bbox 1072 4406 1224 4466; x_wconf 86' lang='lat' dir='ltr'>auxerat</span> <span class='ocrx_word' id='word_1_290' title='bbox 1251 4381 1449 4467; x_wconf 88' lang='lat' dir='ltr'>diuturnus</span> <span class='ocrx_word' id='word_1_291' title='bbox 1474 4382 1629 4467; x_wconf 92' lang='lat' dir='ltr'>morbus</span> 
     </span>
     <span class='ocr_line' id='line_1_35' title="bbox 181 4417 1629 4704; baseline 0.001 -120"><span class='ocrx_word' id='word_1_292' title='bbox 181 4501 407 4609; x_wconf 78' lang='lat' dir='ltr'>artictalaris‚</span> <span class='ocrx_word' id='word_1_293' title='bbox 424 4532 505 4618; x_wconf 91' lang='lat' dir='ltr'>quo</span> <span class='ocrx_word' id='word_1_294' title='bbox 522 4503 695 4591; x_wconf 87' lang='lat' dir='ltr'>atrociter</span> <span class='ocrx_word' id='word_1_295' title='bbox 723 4505 822 4592; x_wconf 91' lang='lat' dir='ltr'>idem</span> <span class='ocrx_word' id='word_1_296' title='bbox 839 4527 877 4590; x_wconf 89' lang='lat' dir='ltr'>et</span> <span class='ocrx_word' id='word_1_297' title='bbox 907 4417 1200 4621; x_wconf 69' lang='lat' dir='ltr'>licquentissime</span> <span class='ocrx_word' id='word_1_298' title='bbox 1229 4496 1355 4588; x_wconf 86' lang='lat' dir='ltr'>fuerat-</span> <span class='ocrx_word' id='word_1_299' title='bbox 1372 4523 1549 4588; x_wconf 85' lang='lat' dir='ltr'>vexatus.</span> <span class='ocrx_word' id='word_1_300' title='bbox 1566 4504 1629 4704; x_wconf 59' lang='lat' dir='ltr'>{le</span> 
     </span>
    </p>
   </div>
   <div class='ocr_carea' id='block_1_3' title="bbox 169 4763 1631 5091">
    <p class='ocr_par' dir='ltr' id='par_1_6' title="bbox 177 4763 1631 4932">
     <span class='ocr_line' id='line_1_36' title="bbox 217 4763 1631 4848; baseline -0.004 -21"><span class='ocrx_word' id='word_1_301' title='bbox 217 4787 231 4827; x_wconf 89' lang='lat'>1</span> <span class='ocrx_word' id='word_1_302' title='bbox 276 4769 370 4848; x_wconf 86' lang='lat' dir='ltr'>Hujus</span> <span class='ocrx_word' id='word_1_303' title='bbox 383 4773 460 4831; x_wconf 83' lang='lat' dir='ltr'>inter</span> <span class='ocrx_word' id='word_1_304' title='bbox 479 4773 634 4832; x_wconf 83' lang='lat' dir='ltr'>Erasmum</span> <span class='ocrx_word' id='word_1_305' title='bbox 653 4788 683 4832; x_wconf 86' lang='lat' dir='ltr'>et</span> <span class='ocrx_word' id='word_1_306' title='bbox 696 4773 781 4831; x_wconf 86' lang='lat' dir='ltr'>Pium</span> <span class='ocrx_word' id='word_1_307' title='bbox 807 4770 1021 4830; x_wconf 85' lang='lat' dir='ltr'>controversiae</span> <span class='ocrx_word' id='word_1_308' title='bbox 1038 4767 1189 4826; x_wconf 84' lang='lat' dir='ltr'>historiam</span> <span class='ocrx_word' id='word_1_309' title='bbox 1210 4769 1269 4826; x_wconf 88' lang='lat' dir='ltr'>iate</span> <span class='ocrx_word' id='word_1_310' title='bbox 1287 4775 1449 4841; x_wconf 82' lang='lat' dir='ltr'>persecutus</span> <span class='ocrx_word' id='word_1_311' title='bbox 1463 4775 1507 4822; x_wconf 88' lang='lat' dir='ltr'>est</span> <span class='ocrx_word' id='word_1_312' title='bbox 1529 4763 1631 4822; x_wconf 84' lang='lat' dir='ltr'>Herm.</span> 
     </span>
     <span class='ocr_line' id='line_1_37' title="bbox 177 4849 901 4932; baseline 0.003 -24"><span class='ocrx_word' id='word_1_313' title='bbox 177 4849 297 4912; x_wconf 85' lang='lat' dir='ltr'>Vonder</span> <span class='ocrx_word' id='word_1_314' title='bbox 311 4855 408 4910; x_wconf 88' lang='lat' dir='ltr'>Hardt</span> <span class='ocrx_word' id='word_1_315' title='bbox 422 4856 453 4909; x_wconf 88' lang='lat' dir='ltr'>in</span> <span class='ocrx_word' id='word_1_316' title='bbox 468 4855 539 4914; x_wconf 80' lang='lat' dir='ltr'>bist.</span> <span class='ocrx_word' id='word_1_317' title='bbox 554 4853 650 4912; x_wconf 79' lang='lat' dir='ltr'>litter.</span> <span class='ocrx_word' id='word_1_318' title='bbox 667 4853 901 4932; x_wconf 82' lang='lat' dir='ltr'>reformationis.</span> 
     </span>
    </p>

    <p class='ocr_par' dir='ltr' id='par_1_7' title="bbox 169 4924 1624 5091">
     <span class='ocr_line' id='line_1_38' title="bbox 214 4924 1624 5012; baseline -0.004 -24"><span class='ocrx_word' id='word_1_319' title='bbox 214 4950 232 4988; x_wconf 78' lang='lat' dir='ltr'>a</span> <span class='ocrx_word' id='word_1_320' title='bbox 274 4934 378 4991; x_wconf 82' lang='lat' dir='ltr'>Verba</span> <span class='ocrx_word' id='word_1_321' title='bbox 401 4948 468 4991; x_wconf 87' lang='lat' dir='ltr'>sunt</span> <span class='ocrx_word' id='word_1_322' title='bbox 495 4935 675 5010; x_wconf 84' lang='lat' dir='ltr'>Sepuivedae</span> <span class='ocrx_word' id='word_1_323' title='bbox 698 4935 730 4993; x_wconf 87' lang='lat' dir='ltr'>in</span> <span class='ocrx_word' id='word_1_324' title='bbox 753 4935 838 5010; x_wconf 81' lang='lat' dir='ltr'>epist.</span> <span class='ocrx_word' id='word_1_325' title='bbox 858 4933 895 4992; x_wconf 86' lang='lat' dir='ltr'>ad</span> <span class='ocrx_word' id='word_1_326' title='bbox 917 4932 1104 5010; x_wconf 84' lang='lat' dir='ltr'>Rodolphum</span> <span class='ocrx_word' id='word_1_327' title='bbox 1123 4929 1210 4989; x_wconf 86' lang='lat' dir='ltr'>Pium</span> <span class='ocrx_word' id='word_1_328' title='bbox 1226 4929 1411 5012; x_wconf 61' lang='lat' dir='ltr'>⁵Episcopum</span> <span class='ocrx_word' id='word_1_329' title='bbox 1429 4924 1624 4988; x_wconf 73' lang='lat' dir='ltr'>Ferentinum</span> 
     </span>
     <span class='ocr_line' id='line_1_39' title="bbox 169 5009 949 5091; baseline 0.006 -19"><span class='ocrx_word' id='word_1_330' title='bbox 169 5015 333 5088; x_wconf 85' lang='lat' dir='ltr'>praemissa</span> <span class='ocrx_word' id='word_1_331' title='bbox 351 5013 500 5091; x_wconf 83' lang='lat' dir='ltr'>Antapoi.</span> <span class='ocrx_word' id='word_1_332' title='bbox 523 5017 554 5075; x_wconf 86' lang='lat' dir='ltr'>in</span> <span class='ocrx_word' id='word_1_333' title='bbox 571 5015 692 5077; x_wconf 83' lang='lat' dir='ltr'>Erutm.</span> <span class='ocrx_word' id='word_1_334' title='bbox 945 5009 949 5018; x_wconf 84' lang='lat'>&#39;</span> 
     </span>
    </p>
   </div>
   <div class='ocr_carea' id='block_1_4' title="bbox 0 0 2188 5984">
    <p class='ocr_par' dir='ltr' id='par_1_8' title="bbox 0 0 2188 5984">
     <span class='ocr_line' id='line_1_40' title="bbox 0 0 2188 5984; baseline 0 3"><span class='ocrx_word' id='word_1_335' title='bbox 0 0 2188 5984; x_wconf 95' lang='lat' dir='ltr'> </span> 
     </span>
    </p>
   </div>
  </div>
 </body>
</html>
