<?xml version="1.0" encoding="UTF-8"?>
<!DOCTYPE html PUBLIC "-//W3C//DTD XHTML 1.0 Transitional//EN"
    "http://www.w3.org/TR/xhtml1/DTD/xhtml1-transitional.dtd">
<html xmlns="http://www.w3.org/1999/xhtml" xml:lang="en" lang="en">
 <head>
  <title>
</title>
<meta http-equiv="Content-Type" content="text/html;charset=utf-8" />
  <meta name='ocr-system' content='tesseract 3.04.00' />
  <meta name='ocr-capabilities' content='ocr_page ocr_carea ocr_par ocr_line ocrx_word'/>
</head>
<body>
  <div class='ocr_page' id='page_1' title='image "./joannisgenesiis02sepgoog_0446.png"; bbox 0 0 4298 5980; ppageno 0'>
   <div class='ocr_carea' id='block_1_1' title="bbox 586 429 1564 517">
    <p class='ocr_par' dir='ltr' id='par_1_1' title="bbox 586 429 1564 517">
     <span class='ocr_line' id='line_1_1' title="bbox 586 429 1564 517; baseline -0.002 -3"><span class='ocrx_word' id='word_1_1' title='bbox 586 447 668 514; x_wconf 82' lang='lat'>202</span> <span class='ocrx_word' id='word_1_2' title='bbox 972 435 1059 517; x_wconf 86' lang='lat' dir='ltr'>DE</span> <span class='ocrx_word' id='word_1_3' title='bbox 1103 431 1310 514; x_wconf 86' lang='lat' dir='ltr'>REBUS</span> <span class='ocrx_word' id='word_1_4' title='bbox 1346 429 1564 512; x_wconf 83' lang='lat' dir='ltr'>GESTIS</span> 
     </span>
    </p>
   </div>
   <div class='ocr_carea' id='block_1_2' title="bbox 492 584 2130 4806">
    <p class='ocr_par' dir='ltr' id='par_1_2' title="bbox 540 584 2010 1616">
     <span class='ocr_line' id='line_1_2' title="bbox 542 584 2006 736; baseline -0.012 -29"><span class='ocrx_word' id='word_1_5' title='bbox 542 639 640 728; x_wconf 89' lang='lat' dir='ltr'>rat,</span> <span class='ocrx_word' id='word_1_6' title='bbox 664 636 714 702; x_wconf 92' lang='lat' dir='ltr'>ut</span> <span class='ocrx_word' id='word_1_7' title='bbox 750 592 861 700; x_wconf 82' lang='lat' dir='ltr'>nihil</span> <span class='ocrx_word' id='word_1_8' title='bbox 897 588 955 694; x_wconf 81' lang='lat' dir='ltr'>ab</span> <span class='ocrx_word' id='word_1_9' title='bbox 992 636 1046 695; x_wconf 88' lang='lat' dir='ltr'>eo</span> <span class='ocrx_word' id='word_1_10' title='bbox 1090 607 1263 736; x_wconf 86' lang='lat' dir='ltr'>posset,</span> <span class='ocrx_word' id='word_1_11' title='bbox 1300 593 1426 736; x_wconf 92' lang='lat' dir='ltr'>quod</span> <span class='ocrx_word' id='word_1_12' title='bbox 1462 592 1518 691; x_wconf 89' lang='lat' dir='ltr'>ad</span> <span class='ocrx_word' id='word_1_13' title='bbox 1555 621 1707 732; x_wconf 84' lang='lat' dir='ltr'>pacem</span> <span class='ocrx_word' id='word_1_14' title='bbox 1742 584 2006 732; x_wconf 72' lang='lat' dir='ltr'>pertineret,</span> 
     </span>
     <span class='ocr_line' id='line_1_3' title="bbox 543 735 2010 907; baseline -0.011 -52"><span class='ocrx_word' id='word_1_15' title='bbox 543 746 799 891; x_wconf 88' lang='lat' dir='ltr'>impetrari.</span> <span class='ocrx_word' id='word_1_16' title='bbox 842 756 997 907; x_wconf 80' lang='lat' dir='ltr'>Itaque</span> <span class='ocrx_word' id='word_1_17' title='bbox 1038 743 1260 904; x_wconf 80' lang='lat' dir='ltr'>desperata</span> <span class='ocrx_word' id='word_1_18' title='bbox 1303 735 1609 880; x_wconf 87' lang='lat' dir='ltr'>pacificatione</span> <span class='ocrx_word' id='word_1_19' title='bbox 1650 749 1851 838; x_wconf 82' lang='lat' dir='ltr'>Suesanus</span> <span class='ocrx_word' id='word_1_20' title='bbox 1896 749 2010 840; x_wconf 80' lang='lat' dir='ltr'>Dux</span> 
     </span>
     <span class='ocr_line' id='line_1_4' title="bbox 544 882 2011 1026; baseline -0.008 -30"><span class='ocrx_word' id='word_1_21' title='bbox 544 934 649 996; x_wconf 92' lang='lat' dir='ltr'>cum</span> <span class='ocrx_word' id='word_1_22' title='bbox 686 891 806 992; x_wconf 90' lang='lat' dir='ltr'>mille</span> <span class='ocrx_word' id='word_1_23' title='bbox 850 887 1018 990; x_wconf 81' lang='lat' dir='ltr'>circiter</span> <span class='ocrx_word' id='word_1_24' title='bbox 1058 884 1265 1026; x_wconf 90' lang='lat' dir='ltr'>Hispanis</span> <span class='ocrx_word' id='word_1_25' title='bbox 1312 882 1631 1024; x_wconf 88' lang='lat' dir='ltr'>Germanisque</span> <span class='ocrx_word' id='word_1_26' title='bbox 1671 891 1847 984; x_wconf 87' lang='lat' dir='ltr'>Romae</span> <span class='ocrx_word' id='word_1_27' title='bbox 1892 923 2011 985; x_wconf 86' lang='lat' dir='ltr'>con·-</span> 
     </span>
     <span class='ocr_line' id='line_1_5' title="bbox 546 1023 2009 1198; baseline -0.008 -58"><span class='ocrx_word' id='word_1_28' title='bbox 546 1037 714 1181; x_wconf 89' lang='lat' dir='ltr'>scriptis</span> <span class='ocrx_word' id='word_1_29' title='bbox 766 1035 1009 1177; x_wconf 81' lang='lat' dir='ltr'>Neapolim</span> <span class='ocrx_word' id='word_1_30' title='bbox 1041 1028 1375 1198; x_wconf 74' lang='lat' dir='ltr'>proficisciturs</span> <span class='ocrx_word' id='word_1_31' title='bbox 1425 1065 1468 1129; x_wconf 88' lang='lat' dir='ltr'>et</span> <span class='ocrx_word' id='word_1_32' title='bbox 1510 1026 1657 1170; x_wconf 88' lang='lat' dir='ltr'>paucis</span> <span class='ocrx_word' id='word_1_33' title='bbox 1701 1063 1804 1168; x_wconf 90' lang='lat' dir='ltr'>post</span> <span class='ocrx_word' id='word_1_34' title='bbox 1852 1023 2009 1129; x_wconf 88' lang='lat' dir='ltr'>diebus</span> 
     </span>
     <span class='ocr_line' id='line_1_6' title="bbox 540 1171 2006 1326; baseline -0.008 -39"><span class='ocrx_word' id='word_1_35' title='bbox 540 1183 710 1288; x_wconf 91' lang='lat' dir='ltr'>morbo</span> <span class='ocrx_word' id='word_1_36' title='bbox 762 1217 985 1326; x_wconf 86' lang='lat' dir='ltr'>coneprus</span> <span class='ocrx_word' id='word_1_37' title='bbox 1037 1176 1236 1281; x_wconf 91' lang='lat' dir='ltr'>interiit</span> <span class='ocrx_word' id='word_1_38' title='bbox 1295 1184 1438 1316; x_wconf 83' lang='lat' dir='ltr'>Hugo</span> <span class='ocrx_word' id='word_1_39' title='bbox 1488 1210 1636 1294; x_wconf 84' lang='lat' dir='ltr'>vero,</span> <span class='ocrx_word' id='word_1_40' title='bbox 1688 1171 1769 1314; x_wconf 92' lang='lat' dir='ltr'>qui</span> <span class='ocrx_word' id='word_1_41' title='bbox 1825 1205 1871 1270; x_wconf 92' lang='lat' dir='ltr'>et</span> <span class='ocrx_word' id='word_1_42' title='bbox 1917 1172 2006 1314; x_wconf 88' lang='lat' dir='ltr'>ipse</span> 
     </span>
     <span class='ocr_line' id='line_1_7' title="bbox 544 1315 2006 1493; baseline -0.008 -63"><span class='ocrx_word' id='word_1_43' title='bbox 544 1328 795 1493; x_wconf 87' lang='lat' dir='ltr'>Neapolim</span> <span class='ocrx_word' id='word_1_44' title='bbox 841 1369 886 1432; x_wconf 90' lang='lat' dir='ltr'>se</span> <span class='ocrx_word' id='word_1_45' title='bbox 940 1359 1203 1490; x_wconf 86' lang='lat' dir='ltr'>receperat,</span> <span class='ocrx_word' id='word_1_46' title='bbox 1233 1319 1299 1422; x_wconf 85' lang='lat' dir='ltr'>vir</span> <span class='ocrx_word' id='word_1_47' title='bbox 1334 1319 1488 1461; x_wconf 87' lang='lat' dir='ltr'>magni</span> <span class='ocrx_word' id='word_1_48' title='bbox 1530 1315 1672 1419; x_wconf 91' lang='lat' dir='ltr'>animi</span> <span class='ocrx_word' id='word_1_49' title='bbox 1727 1349 1771 1418; x_wconf 94' lang='lat' dir='ltr'>et</span> <span class='ocrx_word' id='word_1_50' title='bbox 1805 1317 2006 1440; x_wconf 90' lang='lat' dir='ltr'>consilii,</span> 
     </span>
     <span class='ocr_line' id='line_1_8' title="bbox 545 1461 2004 1638; baseline -0.005 -66"><span class='ocrx_word' id='word_1_51' title='bbox 545 1472 834 1638; x_wconf 81' lang='lat' dir='ltr'>aequinoctio</span> <span class='ocrx_word' id='word_1_52' title='bbox 876 1471 1117 1614; x_wconf 90' lang='lat' dir='ltr'>praeterito</span> <span class='ocrx_word' id='word_1_53' title='bbox 1161 1464 1272 1568; x_wconf 89' lang='lat' dir='ltr'>nihil</span> <span class='ocrx_word' id='word_1_54' title='bbox 1321 1499 1474 1566; x_wconf 88' lang='lat' dir='ltr'>tamen</span> <span class='ocrx_word' id='word_1_55' title='bbox 1523 1461 1672 1566; x_wconf 88' lang='lat' dir='ltr'>auxilii</span> <span class='ocrx_word' id='word_1_56' title='bbox 1719 1463 1883 1565; x_wconf 91' lang='lat' dir='ltr'>nostris</span> <span class='ocrx_word' id='word_1_57' title='bbox 1926 1502 2004 1604; x_wconf 79' lang='lat' dir='ltr'>nec</span> 
     </span>
    </p>

    <p class='ocr_par' dir='ltr' id='par_1_3' title="bbox 492 1607 2130 2477">
     <span class='ocr_line' id='line_1_9' title="bbox 492 1607 2002 1762; baseline -0.011 -36"><span class='ocrx_word' id='word_1_58' title='bbox 492 1721 497 1726; x_wconf 85' lang='lat'><em>.</em></span> <span class='ocrx_word' id='word_1_59' title='bbox 537 1620 602 1721; x_wconf 89' lang='lat' dir='ltr'>ab</span> <span class='ocrx_word' id='word_1_60' title='bbox 653 1619 908 1762; x_wconf 88' lang='lat' dir='ltr'>Hispania,</span> <span class='ocrx_word' id='word_1_61' title='bbox 959 1658 1040 1719; x_wconf 90' lang='lat' dir='ltr'>nec</span> <span class='ocrx_word' id='word_1_62' title='bbox 1097 1655 1126 1716; x_wconf 87' lang='lat' dir='ltr'>a·</span> <span class='ocrx_word' id='word_1_63' title='bbox 1172 1609 1408 1714; x_wconf 87' lang='lat' dir='ltr'>Germania</span> <span class='ocrx_word' id='word_1_64' title='bbox 1462 1609 1705 1752; x_wconf 85' lang='lat' dir='ltr'>Belgioque</span> <span class='ocrx_word' id='word_1_65' title='bbox 1763 1607 2002 1752; x_wconf 88' lang='lat' dir='ltr'>pervenisse</span> 
     </span>
     <span class='ocr_line' id='line_1_10' title="bbox 545 1754 2008 1925; baseline -0.004 -63"><span class='ocrx_word' id='word_1_66' title='bbox 545 1764 917 1925; x_wconf 79' lang='lat' dir='ltr'>animadvertens,</span> <span class='ocrx_word' id='word_1_67' title='bbox 942 1761 1161 1900; x_wconf 87' lang='lat' dir='ltr'>quiescere</span> <span class='ocrx_word' id='word_1_68' title='bbox 1177 1793 1270 1859; x_wconf 92' lang='lat' dir='ltr'>non</span> <span class='ocrx_word' id='word_1_69' title='bbox 1290 1767 1483 1904; x_wconf 89' lang='lat' dir='ltr'>poterat,</span> <span class='ocrx_word' id='word_1_70' title='bbox 1501 1793 1634 1898; x_wconf 90' lang='lat' dir='ltr'>seque</span> <span class='ocrx_word' id='word_1_71' title='bbox 1656 1754 1809 1857; x_wconf 91' lang='lat' dir='ltr'>dolens</span> <span class='ocrx_word' id='word_1_72' title='bbox 1834 1790 2008 1856; x_wconf 90' lang='lat' dir='ltr'>tantum</span> 
     </span>
     <span class='ocr_line' id='line_1_11' title="bbox 544 1899 2130 2042; baseline -0.004 -36"><span class='ocrx_word' id='word_1_73' title='bbox 544 1903 711 2006; x_wconf 87' lang='lat' dir='ltr'>itineris</span> <span class='ocrx_word' id='word_1_74' title='bbox 748 1940 791 2004; x_wconf 91' lang='lat' dir='ltr'>et</span> <span class='ocrx_word' id='word_1_75' title='bbox 826 1903 989 2007; x_wconf 84' lang='lat' dir='ltr'>laboris</span> <span class='ocrx_word' id='word_1_76' title='bbox 1021 1899 1180 2006; x_wconf 89' lang='lat' dir='ltr'>frustra</span> <span class='ocrx_word' id='word_1_77' title='bbox 1215 1901 1483 2041; x_wconf 89' lang='lat' dir='ltr'>suscepisse,</span> <span class='ocrx_word' id='word_1_78' title='bbox 1518 1901 1686 2042; x_wconf 87' lang='lat' dir='ltr'>agitare</span> <span class='ocrx_word' id='word_1_79' title='bbox 1721 1901 1869 2002; x_wconf 89' lang='lat' dir='ltr'>animo</span> <span class='ocrx_word' id='word_1_80' title='bbox 1902 1938 2006 2000; x_wconf 91' lang='lat' dir='ltr'>coe</span> <span class='ocrx_word' id='word_1_81' title='bbox 2129 1939 2130 1944; x_wconf 16' lang='grc' dir='ltr'>ι</span> 
     </span>
     <span class='ocr_line' id='line_1_12' title="bbox 543 2042 2004 2188; baseline -0.002 -42"><span class='ocrx_word' id='word_1_82' title='bbox 543 2050 642 2187; x_wconf 91' lang='lat' dir='ltr'>pit,</span> <span class='ocrx_word' id='word_1_83' title='bbox 677 2049 802 2188; x_wconf 86' lang='lat' dir='ltr'>siqua</span> <span class='ocrx_word' id='word_1_84' title='bbox 836 2049 1007 2149; x_wconf 88' lang='lat' dir='ltr'>ratione</span> <span class='ocrx_word' id='word_1_85' title='bbox 1042 2079 1188 2187; x_wconf 90' lang='lat' dir='ltr'>posset</span> <span class='ocrx_word' id='word_1_86' title='bbox 1218 2042 1484 2145; x_wconf 83' lang='lat' dir='ltr'>Pontificem</span> <span class='ocrx_word' id='word_1_87' title='bbox 1518 2083 1598 2144; x_wconf 92' lang='lat' dir='ltr'>nec</span> <span class='ocrx_word' id='word_1_88' title='bbox 1635 2045 1892 2188; x_wconf 88' lang='lat' dir='ltr'>opinantem</span> <span class='ocrx_word' id='word_1_89' title='bbox 1926 2080 2004 2184; x_wconf 88' lang='lat' dir='ltr'>op-</span> 
     </span>
     <span class='ocr_line' id='line_1_13' title="bbox 544 2188 2130 2354; baseline -0.004 -62"><span class='ocrx_word' id='word_1_90' title='bbox 544 2191 732 2354; x_wconf 85' lang='lat' dir='ltr'>primere</span> <span class='ocrx_word' id='word_1_91' title='bbox 773 2226 817 2290; x_wconf 93' lang='lat' dir='ltr'>et</span> <span class='ocrx_word' id='word_1_92' title='bbox 856 2229 1047 2332; x_wconf 85' lang='lat' dir='ltr'>capere,</span> <span class='ocrx_word' id='word_1_93' title='bbox 1087 2224 1162 2290; x_wconf 88' lang='lat' dir='ltr'>aut</span> <span class='ocrx_word' id='word_1_94' title='bbox 1203 2188 1361 2290; x_wconf 87' lang='lat' dir='ltr'>alias</span> <span class='ocrx_word' id='word_1_95' title='bbox 1349 2197 1514 2320; x_wconf 81' lang='lat' dir='ltr'>injecto</span> <span class='ocrx_word' id='word_1_96' title='bbox 1550 2226 1715 2291; x_wconf 90' lang='lat' dir='ltr'>terrore</span> <span class='ocrx_word' id='word_1_97' title='bbox 1751 2191 1817 2290; x_wconf 87' lang='lat' dir='ltr'>ad</span> <span class='ocrx_word' id='word_1_98' title='bbox 1853 2225 2002 2329; x_wconf 87' lang='lat' dir='ltr'>aequas</span> <span class='ocrx_word' id='word_1_99' title='bbox 2129 2225 2130 2316; x_wconf 68' lang='grc' dir='ltr'>ι</span> 
     </span>
     <span class='ocr_line' id='line_1_14' title="bbox 544 2332 2001 2497; baseline -0.003 -61"><span class='ocrx_word' id='word_1_100' title='bbox 544 2373 664 2477; x_wconf 88' lang='lat' dir='ltr'>pacrs</span> <span class='ocrx_word' id='word_1_101' title='bbox 700 2334 1002 2438; x_wconf 88' lang='lat' dir='ltr'>conditiones</span> <span class='ocrx_word' id='word_1_102' title='bbox 1015 2332 1309 2474; x_wconf 91' lang='lat' dir='ltr'>compellere,</span> <span class='ocrx_word' id='word_1_103' title='bbox 1354 2333 1677 2497; x_wconf 86' lang='lat' dir='ltr'>consiliumque</span> <span class='ocrx_word' id='word_1_104' title='bbox 1717 2371 1826 2435; x_wconf 91' lang='lat' dir='ltr'>cum</span> <span class='ocrx_word' id='word_1_105' title='bbox 1870 2342 2001 2433; x_wconf 92' lang='lat' dir='ltr'>Pom</span> 
     </span>
    </p>

    <p class='ocr_par' dir='ltr' id='par_1_4' title="bbox 543 2475 2001 3187">
     <span class='ocr_line' id='line_1_15' title="bbox 545 2475 2001 2620; baseline -0.001 -42"><span class='ocrx_word' id='word_1_106' title='bbox 545 2489 651 2620; x_wconf 90' lang='lat' dir='ltr'>pejo</span> <span class='ocrx_word' id='word_1_107' title='bbox 687 2480 913 2580; x_wconf 83' lang='lat' dir='ltr'>Columna</span> <span class='ocrx_word' id='word_1_108' title='bbox 946 2478 1179 2577; x_wconf 87' lang='lat' dir='ltr'>Cardinale</span> <span class='ocrx_word' id='word_1_109' title='bbox 1213 2513 1551 2597; x_wconf 84' lang='lat' dir='ltr'>commumcat,</span> <span class='ocrx_word' id='word_1_110' title='bbox 1580 2479 1662 2619; x_wconf 90' lang='lat' dir='ltr'>qui</span> <span class='ocrx_word' id='word_1_111' title='bbox 1702 2479 1815 2578; x_wconf 93' lang='lat' dir='ltr'>dum</span> <span class='ocrx_word' id='word_1_112' title='bbox 1861 2475 1938 2577; x_wconf 89' lang='lat' dir='ltr'>sibi</span> <span class='ocrx_word' id='word_1_113' title='bbox 1976 2509 2001 2577; x_wconf 88' lang='lat' dir='ltr'>a</span> 
     </span>
     <span class='ocr_line' id='line_1_16' title="bbox 543 2619 1999 2750; baseline -0.005 -26"><span class='ocrx_word' id='word_1_114' title='bbox 543 2620 798 2739; x_wconf 91' lang='lat' dir='ltr'>Pontifice,</span> <span class='ocrx_word' id='word_1_115' title='bbox 855 2629 978 2750; x_wconf 90' lang='lat' dir='ltr'>cujus</span> <span class='ocrx_word' id='word_1_116' title='bbox 1014 2620 1217 2722; x_wconf 88' lang='lat' dir='ltr'>animum</span> <span class='ocrx_word' id='word_1_117' title='bbox 1260 2619 1529 2742; x_wconf 89' lang='lat' dir='ltr'>offenderat,</span> <span class='ocrx_word' id='word_1_118' title='bbox 1572 2655 1821 2739; x_wconf 88' lang='lat' dir='ltr'>metueret,</span> <span class='ocrx_word' id='word_1_119' title='bbox 1861 2631 1999 2720; x_wconf 85' lang='lat' dir='ltr'>Roma</span> 
     </span>
     <span class='ocr_line' id='line_1_17' title="bbox 546 2761 1998 2928; baseline 0 -66"><span class='ocrx_word' id='word_1_120' title='bbox 546 2761 820 2863; x_wconf 88' lang='lat' dir='ltr'>discedens</span> <span class='ocrx_word' id='word_1_121' title='bbox 807 2797 855 2862; x_wconf 88' lang='lat' dir='ltr'>m</span> <span class='ocrx_word' id='word_1_122' title='bbox 891 2801 990 2865; x_wconf 90' lang='lat' dir='ltr'>eam</span> <span class='ocrx_word' id='word_1_123' title='bbox 1030 2766 1303 2906; x_wconf 89' lang='lat' dir='ltr'>regionem,</span> <span class='ocrx_word' id='word_1_124' title='bbox 1344 2806 1459 2928; x_wconf 80' lang='lat' dir='ltr'>quae</span> <span class='ocrx_word' id='word_1_125' title='bbox 1501 2799 1565 2865; x_wconf 91' lang='lat' dir='ltr'>est</span> <span class='ocrx_word' id='word_1_126' title='bbox 1605 2769 1722 2867; x_wconf 89' lang='lat' dir='ltr'>circa</span> <span class='ocrx_word' id='word_1_127' title='bbox 1757 2763 1910 2902; x_wconf 91' lang='lat' dir='ltr'>Lyrim</span> <span class='ocrx_word' id='word_1_128' title='bbox 1955 2803 1998 2862; x_wconf 85' lang='lat' dir='ltr'>a·</span> 
     </span>
     <span class='ocr_line' id='line_1_18' title="bbox 544 2905 1999 3049; baseline 0.002 -44"><span class='ocrx_word' id='word_1_129' title='bbox 544 2943 700 3006; x_wconf 92' lang='lat' dir='ltr'>mnem</span> <span class='ocrx_word' id='word_1_130' title='bbox 730 2908 868 3040; x_wconf 88' lang='lat' dir='ltr'>(nam</span> <span class='ocrx_word' id='word_1_131' title='bbox 904 2917 995 3041; x_wconf 91' lang='lat' dir='ltr'>ejus</span> <span class='ocrx_word' id='word_1_132' title='bbox 1031 2905 1151 3008; x_wconf 89' lang='lat' dir='ltr'>bona</span> <span class='ocrx_word' id='word_1_133' title='bbox 1186 2947 1283 3049; x_wconf 92' lang='lat' dir='ltr'>pars</span> <span class='ocrx_word' id='word_1_134' title='bbox 1313 2944 1376 3008; x_wconf 89' lang='lat' dir='ltr'>est</span> <span class='ocrx_word' id='word_1_135' title='bbox 1411 2909 1459 3011; x_wconf 92' lang='lat' dir='ltr'>in</span> <span class='ocrx_word' id='word_1_136' title='bbox 1485 2907 1857 3014; x_wconf 88' lang='lat' dir='ltr'>Columnensium</span> <span class='ocrx_word' id='word_1_137' title='bbox 1881 2905 1999 3010; x_wconf 89' lang='lat' dir='ltr'>clien-</span> 
     </span>
     <span class='ocr_line' id='line_1_19' title="bbox 546 3049 1596 3187; baseline 0.009 -39"><span class='ocrx_word' id='word_1_138' title='bbox 546 3051 709 3187; x_wconf 90' lang='lat' dir='ltr'>tela)</span> <span class='ocrx_word' id='word_1_139' title='bbox 696 3090 746 3150; x_wconf 92' lang='grc' dir='ltr'>ιιι</span> <span class='ocrx_word' id='word_1_140' title='bbox 781 3049 964 3152; x_wconf 87' lang='lat' dir='ltr'>exilium</span> <span class='ocrx_word' id='word_1_141' title='bbox 998 3051 1303 3156; x_wconf 86' lang='lat' dir='ltr'>voluntarium</span> <span class='ocrx_word' id='word_1_142' title='bbox 1339 3089 1596 3157; x_wconf 89' lang='lat' dir='ltr'>secesserat.</span> 
     </span>
    </p>

    <p class='ocr_par' dir='ltr' id='par_1_5' title="bbox 541 3195 1999 4784">
     <span class='ocr_line' id='line_1_20' title="bbox 617 3195 1999 3342; baseline -0.001 -47"><span class='ocrx_word' id='word_1_143' title='bbox 617 3205 835 3295; x_wconf 92' lang='lat' dir='ltr'>XXXIX.</span> <span class='ocrx_word' id='word_1_144' title='bbox 908 3195 1048 3337; x_wconf 89' lang='lat' dir='ltr'>Igitur</span> <span class='ocrx_word' id='word_1_145' title='bbox 1083 3197 1388 3339; x_wconf 87' lang='lat' dir='ltr'>Hispanorum</span> <span class='ocrx_word' id='word_1_146' title='bbox 1423 3199 1654 3342; x_wconf 90' lang='lat' dir='ltr'>peditum,</span> <span class='ocrx_word' id='word_1_147' title='bbox 1690 3233 1743 3301; x_wconf 94' lang='lat' dir='ltr'>ut</span> <span class='ocrx_word' id='word_1_148' title='bbox 1777 3197 1999 3341; x_wconf 86' lang='lat' dir='ltr'>placuerat,</span> 
     </span>
     <span class='ocr_line' id='line_1_21' title="bbox 544 3334 1998 3485; baseline 0 -47"><span class='ocrx_word' id='word_1_149' title='bbox 544 3334 717 3440; x_wconf 89' lang='lat' dir='ltr'>circiter</span> <span class='ocrx_word' id='word_1_150' title='bbox 752 3337 1130 3481; x_wconf 85' lang='lat' dir='ltr'>septingentorum</span> <span class='ocrx_word' id='word_1_151' title='bbox 1173 3343 1371 3485; x_wconf 88' lang='lat' dir='ltr'>Neapoli</span> <span class='ocrx_word' id='word_1_152' title='bbox 1410 3340 1612 3448; x_wconf 87' lang='lat' dir='ltr'>confecta</span> <span class='ocrx_word' id='word_1_153' title='bbox 1657 3385 1822 3466; x_wconf 90' lang='lat' dir='ltr'>manu,</span> <span class='ocrx_word' id='word_1_154' title='bbox 1864 3375 1905 3441; x_wconf 91' lang='lat' dir='ltr'>et</span> <span class='ocrx_word' id='word_1_155' title='bbox 1950 3377 1998 3439; x_wconf 83' lang='lat' dir='ltr'>ex</span> 
     </span>
     <span class='ocr_line' id='line_1_22' title="bbox 545 3481 1997 3630; baseline 0.001 -48"><span class='ocrx_word' id='word_1_156' title='bbox 545 3481 796 3582; x_wconf 89' lang='lat' dir='ltr'>Castellanis</span> <span class='ocrx_word' id='word_1_157' title='bbox 848 3481 1009 3586; x_wconf 90' lang='lat' dir='ltr'>finium</span> <span class='ocrx_word' id='word_1_158' title='bbox 1058 3485 1430 3592; x_wconf 89' lang='lat' dir='ltr'>Columnensium</span> <span class='ocrx_word' id='word_1_159' title='bbox 1478 3492 1535 3593; x_wconf 89' lang='lat' dir='ltr'>ad</span> <span class='ocrx_word' id='word_1_160' title='bbox 1581 3491 1703 3591; x_wconf 90' lang='lat' dir='ltr'>mille</span> <span class='ocrx_word' id='word_1_161' title='bbox 1756 3483 1997 3630; x_wconf 87' lang='lat' dir='ltr'>quingentis</span> 
     </span>
     <span class='ocr_line' id='line_1_23' title="bbox 546 3625 1997 3776; baseline 0.005 -52"><span class='ocrx_word' id='word_1_162' title='bbox 546 3625 734 3746; x_wconf 87' lang='lat' dir='ltr'>coactis,</span> <span class='ocrx_word' id='word_1_163' title='bbox 775 3663 879 3730; x_wconf 92' lang='lat' dir='ltr'>cum</span> <span class='ocrx_word' id='word_1_164' title='bbox 913 3625 981 3730; x_wconf 92' lang='lat' dir='ltr'>his</span> <span class='ocrx_word' id='word_1_165' title='bbox 1021 3641 1221 3736; x_wconf 88' lang='lat' dir='ltr'>Romam</span> <span class='ocrx_word' id='word_1_166' title='bbox 1258 3672 1404 3739; x_wconf 89' lang='lat' dir='ltr'>mense</span> <span class='ocrx_word' id='word_1_167' title='bbox 1438 3633 1683 3776; x_wconf 86' lang='lat' dir='ltr'>Septembri</span> <span class='ocrx_word' id='word_1_168' title='bbox 1716 3631 1997 3776; x_wconf 88' lang='lat' dir='ltr'>proficiscun-</span> 
     </span>
     <span class='ocr_line' id='line_1_24' title="bbox 545 3771 1997 3932; baseline 0.004 -65"><span class='ocrx_word' id='word_1_169' title='bbox 545 3802 644 3887; x_wconf 93' lang='lat' dir='ltr'>tur,</span> <span class='ocrx_word' id='word_1_170' title='bbox 680 3771 920 3932; x_wconf 87' lang='lat' dir='ltr'>praemisso</span> <span class='ocrx_word' id='word_1_171' title='bbox 958 3774 1187 3915; x_wconf 88' lang='lat' dir='ltr'>equitatu,</span> <span class='ocrx_word' id='word_1_172' title='bbox 1224 3782 1304 3919; x_wconf 91' lang='lat' dir='ltr'>qui</span> <span class='ocrx_word' id='word_1_173' title='bbox 1339 3814 1516 3919; x_wconf 90' lang='lat' dir='ltr'>portam</span> <span class='ocrx_word' id='word_1_174' title='bbox 1549 3787 1688 3882; x_wconf 80' lang='lat' dir='ltr'>Sancti</span> <span class='ocrx_word' id='word_1_175' title='bbox 1725 3784 1901 3915; x_wconf 64' lang='lat' dir='ltr'>joannis</span> <span class='ocrx_word' id='word_1_176' title='bbox 1939 3811 1997 3876; x_wconf 92' lang='lat' dir='ltr'>co</span> 
     </span>
     <span class='ocr_line' id='line_1_25' title="bbox 545 3915 1997 4061; baseline 0.001 -50"><span class='ocrx_word' id='word_1_177' title='bbox 545 3915 853 4050; x_wconf 86' lang='lat' dir='ltr'>gnominaram</span> <span class='ocrx_word' id='word_1_178' title='bbox 894 3956 1162 4061; x_wconf 89' lang='lat' dir='ltr'>occuparet,</span> <span class='ocrx_word' id='word_1_179' title='bbox 1207 3957 1329 4022; x_wconf 87' lang='lat' dir='ltr'>tanta</span> <span class='ocrx_word' id='word_1_180' title='bbox 1372 3921 1586 4025; x_wconf 90' lang='lat' dir='ltr'>celeritate</span> <span class='ocrx_word' id='word_1_181' title='bbox 1631 3924 1733 4041; x_wconf 90' lang='lat' dir='ltr'>usi,</span> <span class='ocrx_word' id='word_1_182' title='bbox 1774 3958 1823 4025; x_wconf 89' lang='lat' dir='ltr'>ut</span> <span class='ocrx_word' id='word_1_183' title='bbox 1866 3915 1997 4018; x_wconf 84' lang='lat' dir='ltr'>famae</span> 
     </span>
     <span class='ocr_line' id='line_1_26' title="bbox 541 4053 1996 4206; baseline 0.003 -50"><span class='ocrx_word' id='word_1_184' title='bbox 541 4053 827 4162; x_wconf 81' lang='lat' dir='ltr'>velocitatem</span> <span class='ocrx_word' id='word_1_185' title='bbox 864 4068 1209 4170; x_wconf 85' lang='lat' dir='ltr'>antecederent.</span> <span class='ocrx_word' id='word_1_186' title='bbox 1245 4077 1352 4173; x_wconf 90' lang='lat' dir='ltr'>Hoc</span> <span class='ocrx_word' id='word_1_187' title='bbox 1388 4065 1547 4170; x_wconf 90' lang='lat' dir='ltr'>nuntio</span> <span class='ocrx_word' id='word_1_188' title='bbox 1571 4061 1777 4169; x_wconf 87' lang='lat' dir='ltr'>Pontifex</span> <span class='ocrx_word' id='word_1_189' title='bbox 1812 4059 1996 4206; x_wconf 87' lang='lat' dir='ltr'>perterri-</span> 
     </span>
     <span class='ocr_line' id='line_1_27' title="bbox 544 4203 1994 4353; baseline 0.003 -53"><span class='ocrx_word' id='word_1_190' title='bbox 544 4232 645 4326; x_wconf 89' lang='lat' dir='ltr'>tus,</span> <span class='ocrx_word' id='word_1_191' title='bbox 684 4203 794 4310; x_wconf 90' lang='lat' dir='ltr'>dum</span> <span class='ocrx_word' id='word_1_192' title='bbox 830 4209 1064 4314; x_wconf 86' lang='lat' dir='ltr'>adversarii</span> <span class='ocrx_word' id='word_1_193' title='bbox 1108 4214 1165 4316; x_wconf 89' lang='lat' dir='ltr'>ad</span> <span class='ocrx_word' id='word_1_194' title='bbox 1204 4213 1315 4318; x_wconf 87' lang='lat' dir='ltr'>Divi</span> <span class='ocrx_word' id='word_1_195' title='bbox 1358 4214 1550 4353; x_wconf 87' lang='lat' dir='ltr'>Joannis</span> <span class='ocrx_word' id='word_1_196' title='bbox 1592 4209 1890 4314; x_wconf 86' lang='lat' dir='ltr'>Lateranensis</span> <span class='ocrx_word' id='word_1_197' title='bbox 1932 4243 1994 4306; x_wconf 89' lang='lat' dir='ltr'>ae</span> 
     </span>
     <span class='ocr_line' id='line_1_28' title="bbox 543 4345 1994 4480; baseline 0.003 -32"><span class='ocrx_word' id='word_1_198' title='bbox 543 4346 649 4448; x_wconf 92' lang='lat' dir='ltr'>dem</span> <span class='ocrx_word' id='word_1_199' title='bbox 686 4392 773 4454; x_wconf 86' lang='lat' dir='ltr'>sese</span> <span class='ocrx_word' id='word_1_200' title='bbox 808 4392 863 4456; x_wconf 86' lang='lat' dir='ltr'>cx</span> <span class='ocrx_word' id='word_1_201' title='bbox 899 4354 1056 4462; x_wconf 90' lang='lat' dir='ltr'>itinere</span> <span class='ocrx_word' id='word_1_202' title='bbox 1093 4397 1137 4464; x_wconf 87' lang='lat' dir='ltr'>et</span> <span class='ocrx_word' id='word_1_203' title='bbox 1173 4357 1323 4466; x_wconf 84' lang='lat' dir='ltr'>labore</span> <span class='ocrx_word' id='word_1_204' title='bbox 1361 4356 1590 4480; x_wconf 87' lang='lat' dir='ltr'>reficiunt,</span> <span class='ocrx_word' id='word_1_205' title='bbox 1617 4359 1807 4465; x_wconf 89' lang='lat' dir='ltr'>militem</span> <span class='ocrx_word' id='word_1_206' title='bbox 1842 4354 1899 4455; x_wconf 89' lang='lat' dir='ltr'>ad</span> <span class='ocrx_word' id='word_1_207' title='bbox 1930 4345 1994 4480; x_wconf 67' lang='lat' dir='ltr'>ol&gt;</span> 
     </span>
     <span class='ocr_line' id='line_1_29' title="bbox 546 4473 1994 4668; baseline 0.007 -84"><span class='ocrx_word' id='word_1_208' title='bbox 546 4485 786 4597; x_wconf 89' lang='lat' dir='ltr'>sistendum</span> <span class='ocrx_word' id='word_1_209' title='bbox 821 4506 1064 4662; x_wconf 88' lang='lat' dir='ltr'>conducere</span> <span class='ocrx_word' id='word_1_210' title='bbox 1100 4503 1254 4668; x_wconf 81' lang='lat' dir='ltr'>jubet,</span> <span class='ocrx_word' id='word_1_211' title='bbox 1279 4513 1509 4648; x_wconf 90' lang='lat' dir='ltr'>desperato</span> <span class='ocrx_word' id='word_1_212' title='bbox 1540 4505 1700 4610; x_wconf 82' lang='lat' dir='ltr'>scilicet</span> <span class='ocrx_word' id='word_1_213' title='bbox 1730 4500 1893 4605; x_wconf 88' lang='lat' dir='ltr'>auxilio</span> <span class='ocrx_word' id='word_1_214' title='bbox 1917 4473 1994 4594; x_wconf 83' lang='lat' dir='ltr'>Ro·</span> 
     </span>
     <span class='ocr_line' id='line_1_30' title="bbox 543 4643 1995 4806; baseline 0.012 -78"><span class='ocrx_word' id='word_1_215' title='bbox 543 4667 810 4792; x_wconf 80' lang='lat' dir='ltr'>manorum,</span> <span class='ocrx_word' id='word_1_216' title='bbox 846 4643 1066 4806; x_wconf 81' lang='lat' dir='ltr'>quicum</span> <span class='ocrx_word' id='word_1_217' title='bbox 1111 4649 1196 4745; x_wconf 91' lang='lat' dir='ltr'>sint</span> <span class='ocrx_word' id='word_1_218' title='bbox 1238 4651 1286 4747; x_wconf 90' lang='lat' dir='ltr'>in</span> <span class='ocrx_word' id='word_1_219' title='bbox 1329 4653 1433 4750; x_wconf 87' lang='lat' dir='ltr'>duas</span> <span class='ocrx_word' id='word_1_220' title='bbox 1475 4646 1687 4754; x_wconf 88' lang='lat' dir='ltr'>factiones</span> <span class='ocrx_word' id='word_1_221' title='bbox 1724 4651 1995 4754; x_wconf 88' lang='lat' dir='ltr'>Columnen</span> 
     </span>
    </p>
   </div>
   <div class='ocr_carea' id='block_1_3' title="bbox 542 4773 2128 5040">
    <p class='ocr_par' dir='ltr' id='par_1_6' title="bbox 542 4773 2128 5040">
     <span class='ocr_line' id='line_1_31' title="bbox 542 4773 2128 4936; baseline 0.001 -59"><span class='ocrx_word' id='word_1_222' title='bbox 542 4773 661 4880; x_wconf 86' lang='lat' dir='ltr'>sium</span> <span class='ocrx_word' id='word_1_223' title='bbox 702 4822 747 4887; x_wconf 87' lang='lat' dir='ltr'>et</span> <span class='ocrx_word' id='word_1_224' title='bbox 792 4785 1060 4898; x_wconf 87' lang='lat' dir='ltr'>Ursinonun</span> <span class='ocrx_word' id='word_1_225' title='bbox 1114 4789 1260 4915; x_wconf 91' lang='lat' dir='ltr'>scissi,</span> <span class='ocrx_word' id='word_1_226' title='bbox 1312 4804 1455 4930; x_wconf 89' lang='lat' dir='ltr'>major</span> <span class='ocrx_word' id='word_1_227' title='bbox 1501 4835 1599 4936; x_wconf 84' lang='lat' dir='ltr'>pars</span> <span class='ocrx_word' id='word_1_228' title='bbox 1647 4797 1817 4902; x_wconf 89' lang='lat' dir='ltr'>civium</span> <span class='ocrx_word' id='word_1_229' title='bbox 1867 4784 1998 4888; x_wconf 86' lang='lat' dir='ltr'>Colu·</span> <span class='ocrx_word' id='word_1_230' title='bbox 2127 4840 2128 4867; x_wconf 63' lang='grc' dir='ltr'>ι</span> 
     </span>
     <span class='ocr_line' id='line_1_32' title="bbox 1762 4961 1996 5040; baseline -0.028 -8"><span class='ocrx_word' id='word_1_231' title='bbox 1762 4995 1768 5008; x_wconf 84' lang='lat'>-</span> <span class='ocrx_word' id='word_1_232' title='bbox 1842 4961 1996 5040; x_wconf 87' lang='lat' dir='ltr'>mnen</span> 
     </span>
    </p>
   </div>
   <div class='ocr_carea' id='block_1_4' title="bbox 0 0 2154 5973">
    <p class='ocr_par' dir='ltr' id='par_1_7' title="bbox 0 0 2154 5973">
     <span class='ocr_line' id='line_1_33' title="bbox 0 0 2154 5973; baseline 0 0"><span class='ocrx_word' id='word_1_233' title='bbox 0 0 2154 5973; x_wconf 95' lang='lat' dir='ltr'> </span> 
     </span>
    </p>
   </div>
  </div>
 </body>
</html>
