4326 5986
525 487 616 588 ’444

620 663 742 813 IO.
791 655 1190 792 GENESII
1248 653 1868 792 SEPULVEDAE

835 931 957 1044 DE
1017 925 1678 1042 REBUS·GESTIS

620 1168 1229 1340 CAROLI
1311 1169 1883 1356 QUINTI

708 1485 1136 1572 IMPERATORIS
1170 1483 1248 1567 ET
1268 1489 1442 1567 REGIS
1466 1487 1802 1568 HISPANIAE

811 1833 998 1938 LIBER
1040 1827 1342 1958 QUINTUS
1389 1827 1700 1938 DECIMUS.

566 2115 601 2207 1.
639 2029 778 2202 HIS
821 2093 989 2200 nuntiis
1032 2095 1218 2201 sublatus
1259 2107 1356 2200 Rex
1397 2093 1680 2216 Franciscus,
1728 2133 1983 2242 speransque

531 2248 746 2352 Carolum
782 2283 909 2388 posse
952 2238 1081 2341 rebus
1121 2239 1311 2358 Italicis,
1343 2238 1379 2341 si
1416 2278 1571 2381 parum
1606 2240 1649 2341 ei
1689 2233 1872 2343 feliciter
1914 2281 1981 2342 ce·
2129 2306 2130 2316 κ

532 2393 776 2506 cidissent,
825 2427 852 2487 a
903 2382 1021 2485 bello
1071 2383 1242 2484 Gallico
1294 2383 1531 2504 revocari,
1575 2393 1778 2486 Genuam
1826 2421 1981 2486 tentare

531 2532 791 2654 constituit,
825 2566 963 2668 quam
998 2525 1145 2626 eidem
1186 2525 1349 2626 Carolo
1384 2562 1562 2665 propter
1597 2527 1686 2628 loci
1728 2529 1980 2668 opportuni-

377 2695 381 2704 '
533 2713 670 2777 tatem
706 2709 915 2812 magnam
949 2663 1201 2770 facultatem
1233 2667 1437 2806 praebere
1469 2672 1526 2770 ad
1553 2666 1719 2772 bellum
1751 2672 1982 2814 gerendum

533 2814 937 2932 animadvertebat,
967 2847 1011 2911 et
1045 2810 1127 2912 hac
1162 2845 1375 2953 occupata
1410 2851 1534 2953 posse
1568 2850 1838 2956 magnopere
1872 2853 1984 2915 corn·

534 2959 751 3064 meatibus
792 2957 1028 3060 exercitum
1069 2954 1184 3055 illius
1226 2951 1456 3056 intercludi
1498 2956 1798 3099 intelligebat.
1843 2971 1986 3099 Itaque

534 3099 792 3205 conandum
835 3097 918 3200 sibi
960 3097 1140 3215 statuit,
1177 3096 1213 3196 si
1249 3133 1393 3236 posset
1429 3137 1506 3236 per
1541 3101 1819 3201 occasionem
1844 3100 1987 3202 absen-

515 3247 592 3352 us
638 3284 740 3346 cum
784 3241 1032 3344 triremibus
1067 3239 1268 3341 Andreae
1308 3240 1473 3342 Doriae
1514 3277 1613 3344 eam
1653 3245 1847 3362 urbem,
1879 3283 1985 3385 quae

535 3425 676 3531 parvo
711 3385 926 3529 praesidio
963 3381 1223 3503 tenebatur,
1259 3422 1497 3526 occupare.
1535 3389 1610 3486 Ad
1645 3385 1732 3488 hoc
1767 3387 1991 3530 perfitien-

532 3535 646 3633 dum
688 3569 783 3631 non
823 3565 982 3670 parum
1026 3525 1247 3628 momenti
1290 3522 1383 3627 fore
1430 3528 1681 3632 confidebat
1724 3530 1772 3631 in
1814 3543 1993 3634 Caesare

533 3684 759 3816 Fregoso,
791 3672 870 3813 qui
906 3669 1105 3814 princeps
1140 3707 1315 3774 suarum
1351 3672 1542 3812 partium
1579 3671 1858 3782 habebaturs
1893 3713 1997 3776 nam

535 3818 688 3917 civitas
723 3814 990 3936 Genuensis,
1025 3852 1139 3954 quae
1175 3849 1308 3953 caput
1344 3849 1407 3914 est
1442 3815 1680 3956 Liguriae,
1715 3817 1764 3917 in
1796 3817 1908 3918 duas
1938 3813 1999 3917 fa·

535 3960 704 4060 triones
739 3959 865 4059 scissa
899 3995 1027 4081 etat,
1067 3992 1256 4095 quarum
1291 3953 1460 4060 alterius
1495 3958 1787 4104 principatum
1822 3959 2002 4104 Fregosi

536 4100 779 4220 tenebant,
814 4100 983 4202 alterius
1019 4098 1225 4202 Adurni.

612 4257 665 4346 11.
750 4253 815 4344 Ex
850 4242 949 4362 his,
990 4277 1040 4344 ut
1081 4241 1143 4340 tei
1186 4280 1357 4345 summa
1401 4245 1533 4387 paulo
1575 4243 1702 4348 altius
1751 4281 2002 4391 repetamr,

533 4388 708 4528 Fregosi
743 4426 846 4487 cum
882 4383 938 4486 ab
973 4383 1221 4486 adversariis
1257 4426 1395 4491 essent
1431 4385 1538 4489 urbe
1583 4391 1790 4532 depulsI,
1827 4393 2002 4493 reducti

532 4525 726 4629 suntab
762 4526 972 4666 Hispanis
1007 4566 1126 4629 anno
1162 4526 1325 4629 Christi
1362 4540 1428 4632 M.
1444 4543 1502 4633 D.
1519 4540 1638 4633 XIII.
1680 4535 1761 4635 Sed
1786 4535 1999 4635 Octavia·

529 4710 611 4772 nus
660 4685 948 4813 Fregosorum
999 4671 1201 4812 princeps
1250 4673 1396 4772 relicta
1448 4675 1748 4815 Hispanorum
1800 4675 2002 4776 amicitia

525 4852 669 4956 partes
704 4817 973 4962 Gallorum,
1011 4815 1092 4960 qui
1127 4813 1183 4916 ad
1218 4813 1266 4918 id
1309 4853 1481 4960 tempus
1525 4817 1719 4920 Adornis
1764 4813 2001 4936 faverant,

1930 5001 1998 5065 50·
