4294 5972
563 405 649 526 276
972 420 1054 502 DE
1097 413 1300 500 REBUS
1347 411 1573 496 Gnsrrs

510 621 680 692 coacto
716 571 977 683 Philibertus
1016 569 1335 718 praefectorum
1372 569 1563 670 concilio
1580 646 1595 689 ,
1615 565 1728 710 quid
1764 571 1855 676 fieri
1893 581 1987 720 pla.

525 769 619 835 ceat
645 732 692 831 in
718 771 767 830 ea
794 765 937 827 rerum
972 720 1235 861 iniquitate,
1265 713 1494 817 sententias
1530 715 1751 853 exquirit.
1784 721 1989 840 Quidam

524 914 660 979 castra
697 872 923 973 Gallorum
962 903 1220 1010 oppugnare
1257 862 1511 968 censebant3
1545 858 1645 980 alii,
1665 857 1746 961 hac
1774 871 1985 970 sententia

524 1056 704 1166 propter
752 1015 1018 1117 Gallicarum
1069 1008 1372 1112 munitionum
1430 1004 1752 1106 firmitudinem
1810 1046 1854 1110 et
1900 1010 1982 1114 ho-

525 1166 660 1293 stium
706 1160 1034 1261 multitudinem
1067 1150 1352 1295 improbata,
1386 1149 1731 1290 relinquendam·
1773 1193 1863 1256 esse
1913 1197 1984 1259 ur-

526 1307 632 1414 bem
669 1303 994 1422 existimabant,
1029 1334 1253 1438 castraque
1287 1296 1401 1396 inter
1437 1293 1731 1438 Matellanum
1767 1333 1813 1396 ct
1849 1297 1983 1401 hosti-

524 1454 582 1555 lia
620 1485 752 1554 castra
792 1448 1035 1550 munienda
1084 1443 1186 1543 loco
1235 1435 1651 1539 frumentationibus
1706 1476 1750 1540 et
1803 1439 1982 1581 pabula·

525 1597 722 1699 tionibus
756 1595 953 1735 itemque
991 1591 1047 1691 ad
1084 1587 1229 1688 hostes
1263 1625 1308 1684 re
1340 1618 1523 1721 utraque
1557 1581 1855 1723 prohibendos
1885 1627 1983 1728 per-

527 1779 809 1884 opportun03
830 1777 910 1839 nec
937 1736 1060 1837 enim
1095 1733 1150 1831 de
1185 1726 1294 1830 urbe
1330 1725 1594 1827 cibariorum
1630 1722 1825 1828 firnditus
1861 1729 1982 1833 inani

525 1921 799 2024 magnopere
834 1879 1125 1980 laborandum
1162 1913 1249 1972 esse
1263 1948 1278 1990 ,
1301 1870 1337 1969 si
1370 1865 1483 1968 forte
1518 1863 1666 1969 fuisset
1695 1868 1749 1969 ab
1781 1868 1984 1972 hostibus

526 2062 770 2170 occupata.
796 2030 960 2166 'Atque
995 2020 1103 2120 haec
1138 2016 1323 2160 quidem
1359 2013 1523 2118 vicerat
1559 2013 1790 2134 sententia,
1814 2051 1859 2116 et
1897 2015 1981 2118 dis-

526 2209 664 2273 cessus
701 2166 958 2311 parabatur.
1264 2165 1267 2171 ’

620 2325 716 2417 XL.
812 2316 893 2416 Sed
929 2307 1113 2414 interim
1152 2305 1420 2414 Dominicus
1463 2305 1744 2431 Arriaranus,
1795 2309 1852 2414 de
1898 2351 1981 2454 quo

526 2500 659 2602 supra
696 2461 1048 2560 demonstratum
1086 2494 1195 2577 est,
1239 2455 1308 2555 vit
1344 2495 1509 2596 magno
1557 2457 1709 2557 animo
1758 2491 1801 2556 et
1843 2457 1979 2557 consi-

528 2604 626 2722 lio,
658 2640 839 2702 suorum
876 2601 1216 2740 manipularium
1253 2600 1545 2740 quadraginta
1578 2598 1886 2732 jaculatoribus
1925 2639 1982 2697 as·

528 2745 654 2863 ciris,
686 2744 827 2846 inscio
864 2741 1106 2845 Philiberto
1123 2821 1138 2863 ,
1158 2741 1267 2846 urbe
1304 2742 1472 2845 silentio
1509 2743 1650 2844 noctis
1688 2744 1905 2886 egreditur
1943 2778 1982 2842 et

527 2926 670 3030 prope
711 2885 887 2992 hostiles
931 2889 1198 2990 munitiones
1248 2887 1511 3028 minoraque
1553 2925 1688 2990 castra
1769 2926 1983 3030 togtessus

526 3067 720 3170 quatuor
754 3033 862 3134 locis
898 3031 1069 3134 idoneis
1105 3071 1204 3133 suos
1241 3030 1436 3172 disponit
1472 3067 1543 3152 et,
1585 3033 1695 3174 quid
1723 2926 1818 3132 deri
1853 3032 1982 3153 velit,

528 3179 751 3278 ostendit.
788 3187 883 3318 Ipse
919 3177 1115 3318 caprinas
1152 3175 1284 3317 pelles
1319 3173 1589 3298 albicantes,
1613 3216 1721 3317 quas
1756 3211 1981 3296 consutas,

528 3319 735 3450 adjuncta
770 3322 905 3421 etiam
940 3321 1094 3423 canina
1128 3322 1296 3439 cauda,
1329 3320 1376 3420 in
1419 3316 1538 3420 hunc
1581 3361 1712 3425 usum
1754 3327 1985 3464 compara-

529 3494 681 3585 verat,
709 3463 793 3566 sibi
827 3465 1004 3584 induit,
1030 3501 1074 3565 ct
1099 3465 1348 3567 incurvatus
1369 3465 1575 3566 manibus
1600 3465 1875 3609 pedibusque
1894 3505 1987 3609 gra-

527 3602 655 3707 diens
701 3647 857 3710 canem
900 3608 1114 3728 simulat,
1164 3645 1207 3708 et
1249 3607 1573 3711 munitionibus
1602 3613 1856 3711 succedens
1898 3610 1988 3710 sine

529 3749 838 3854 excubitorum
876 3752 1145 3894 suspicione,
1170 3791 1274 3853 nam
1295 3753 1426 3856 multi
1454 3794 1580 3854 canes
1606 3755 1869 3854 cadaverum
1892 3792 1988 3853 cau·

529 3929 575 3992 sa
610 3895 707 3996 loca
741 3895 816 3997 illa
851 3889 1213 4040 frequentabant,
1236 3899 1468 4037 procedit3
1504 3899 1701 4041 dumque
1735 3897 1825 3998 loci
1863 3933 1991 3998 natu*

529 4073 627 4138 ram
663 4075 706 4140 et
742 4077 983 4143 castrorum
1019 4041 1290 4143 munitiones
1328 4042 1560 4185 diligenter
1597 4042 1868 4182 exploraret,
1894 4042 1988 4144 ani-

389 4289 392 4296 ,
527 4183 766 4286 madvertit
815 4225 1033 4328 magnum
1075 4188 1318 4326 quemdam
1362 4220 1504 4286 terrae
1539 4183 1748 4307 hiatum,
1785 4227 1812 4284 a
1850 4186 1985 4306 vallo,

531 4363 747 4462 quantum
783 4330 892 4470 lapis
928 4369 1065 4430 manu
1101 4331 1186 4461 jaci
1228 4364 1407 4470 potest,
1444 4330 1681 4431 distantem
1725 4330 1841 4430 inter
1887 4329 1987 4477 bina

530 4501 707 4588 castra,
749 4511 837 4609 qua
881 4475 1081 4613 proxima
1125 4474 1198 4572 via
1242 4509 1362 4593 erat,
1415 4513 1593 4613 quaque
1637 4475 1755 4577 ultro
1798 4509 1843 4573 ct
1879 4474 1981 4571 citro

529 4613 888 4733 commeabatur,
920 4616 1202 4734 intercedere,
1235 4656 1328 4754 quo
1380 4617 1609 4724 mtervallo
1655 4659 1681 4716 a
1723 4613 1983 4721 Caesarianis

526 4793 741 4898 occupato
793 4762 1071 4869 commodius
1123 4796 1165 4863 et
1207 4759 1382 4922 minora
1430 4797 1563 4866 castra
1611 4759 1902 4904 oppugnati,
1943 4791 1986 4856 et

1894 4897 1985 5003 sub
