4298 5980
568 398 812 482 CAROLI
849 397 903 479 V.
948 397 1071 478 ΗΒ.
1109 397 1190 482 VI.
1508 417 1591 507 175

168 561 404 672 consilium
441 598 528 662 esse
565 557 748 679 docent,
784 551 950 653 collatis
986 549 1186 676 viribus,
1223 549 1438 658 Carolum
1474 557 1532 658 ad
1567 570 1636 696 ju-

167 713 336 816 stitiam
371 701 823 848 aequabilitatemque
858 698 1157 840 compellere,
1193 739 1243 802 ac
1278 740 1511 806 revocare.

255 867 334 962 IV.
420 861 520 954 Hac
555 846 705 950 audita
740 841 982 990 legatione,
1019 857 1117 949 Rex
1151 847 1375 949 Henricus
1410 848 1636 957 conditio*

167 1039 277 1107 nem
319 997 487 1141 accepit
528 1034 622 1097 non
663 1026 880 1138 gravate,
924 989 1161 1133 statimque
1197 991 1393 1136 legatum
1436 1034 1540 1100 cum
1583 999 1637 1102 li-

168 1146 286 1248 beris
332 1141 546 1244 mandaris
593 1135 766 1260 mittit,
809 1135 891 1280 qui
930 1147 1105 1240 Romae
1148 1175 1254 1242 curn
1296 1135 1547 1260 Pontifice,
1594 1183 1637 1250 et

166 1290 402 1392 Gallorum
430 1296 799 1425 Venetorumque
825 1281 977 1427 legatis
1011 1275 1165 1385 foedus
1202 1319 1246 1384 et
1281 1283 1524 1388 amicitiam
1555 1327 1635 1444 puo

169 1435 356 1536 nomine
382 1430 595 1532 sanciret.
625 1427 842 1549 foedere,
871 1465 1009 1569 quam
1035 1428 1200 1572 potuit,
1225 1429 1514 1532 occultissime
1538 1472 1637 1574 per-

165 1618 323 1697 cusso,
359 1616 413 1677 ne
450 1575 487 1675 si
521 1615 587 1677 res
624 1572 792 1675 Carolo
827 1567 978 1674 fuisset
1013 1574 1268 1696 enuntiata,
1306 1615 1419 1716 pax,
1455 1577 1512 1677 de
1548 1618 1638 1719 qua

167 1757 277 1823 tunc
312 1720 532 1841 maxime,
570 1754 613 1818 et
649 1715 907 1820 liberatione
950 1718 1086 1861 Regis
1129 1719 1179 1821 in
1220 1719 1437 1863 Hispania
1480 1756 1636 1822 tracta-

166 1861 326 1986 batur,
363 1865 426 1966 im
462 1864 651 1966 ediretur
665 1941 681 1984 ,
716 1875 891 2006 Regem
926 1863 1102 1965 Gallum
1136 1901 1215 2005 per
1256 1873 1479 1966 occultum
1520 1904 1636 1970 nun-

167 2008 284 2111 tium
319 1905 526 2110 delicta
561 2005 885 2147 conspiratione
922 2004 1156 2108 certiorem
1191 2002 1380 2129 faciunt,
1406 2007 1637 2114 cohortan-

166 2187 355 2294 turque,
391 2185 442 2250 ut
478 2187 631 2292 pacem
667 2187 771 2249 cum
806 2146 971 2250 Carolo
1008 2143 1362 2292 quibuscumque
1405 2154 1627 2255 conditio·

165 2295 298 2395 nibus
334 2290 464 2394 faciat
476 2371 491 2414 ,
527 2293 693 2394 nullam
727 2290 892 2408 fidem,
927 2291 1100 2392 nullum
1135 2295 1466 2424 jusjurandum,
1494 2294 1636 2401 nullos
1755 2367 1761 2378 ·

166 2433 343 2538 obsides
379 2435 491 2537 dare.
515 2470 709 2553 rccuset,
750 2435 892 2536 modo
931 2475 975 2536 sc
1022 2432 1216 2535 vindicet
1257 2435 1306 2536 in
1352 2436 1634 2561 libertatem,
1746 2546 1748 2550 ,

165 2574 295 2681 facile
329 2575 424 2680 fore
449 2576 727 2712 jurisjurandi
752 2578 932 2679 veniam
958 2619 984 2678 a
1007 2575 1218 2677 Pontifice
1244 2579 1480 2699 Maximo,
1509 2582 1634 2720 prin-

162 2723 265 2867 cipe
300 2722 663 2865 conspirationis,
699 2720 779 2861 qui
813 2719 925 2823 hanc
961 2721 1103 2863 ipsam
1138 2720 1315 2823 veniam
1349 2724 1469 2824 ultro
1508 2719 1634 2826 dese*

164 2902 258 2987 rat,
292 2867 550 3010 impetrare,
586 2900 630 2967 et
666 2861 838 2966 obsides
873 2905 901 2964 a
933 2867 1097 2967 Carolo
1133 2903 1210 3006 per
1246 2864 1343 2965 vim
1380 2902 1425 2966 et
1459 2903 1632 2970 metum

164 3045 453 3152 extorquere.
495 3019 622 3113 Nam
662 3008 780 3111 bello
824 3009 1133 3112 communibus
1178 3007 1308 3109 armis
1353 3007 1513 3131 illato,
1557 3011 1633 3112 vi-

164 3155 352 3256 ctoriam
380 3196 467 3255 esse
491 3154 541 3254 in
573 3153 812 3294 expedit0‚
842 3189 893 3254 ut
919 3153 1097 3255 Carolus
1129 3154 1183 3253 ad
1214 3151 1486 3293 accipiendas
1517 3194 1630 3255 con-

163 3298 385 3418 ditiones,
421 3339 530 3440 quas
565 3297 714 3399 ceteris
750 3296 851 3399 dare
887 3295 1141 3419 moliretur,
1178 3295 1283 3438 cogi
1320 3296 1493 3437 possit,
1531 3337 1630 3400 ma-

164 3479 260 3580 gno
296 3479 454 3585 pacem
490 3473 682 3542 emturus
694 3517 709 3560 ,
745 3441 781 3540 si
816 3439 923 3543 velit
957 3451 1117 3584 Regna
1157 3448 1229 3541 vel
1262 3440 1381 3542 avita
1415 3440 1627 3544 retinere.
1697 3513 1701 3522 -

164 3583 271 3686 Tali
314 3584 664 3705 cohortatione,
706 3623 798 3686 non
840 3584 984 3686 solum
1028 3627 1054 3686 a
1093 3584 1257 3718 justitia
1298 3619 1343 3684 et
1379 3581 1627 3726 proborum

162 3727 370 3832 virorum
412 3729 763 3849 consuetudine,
804 3727 1048 3830 sedetiam
1093 3771 1120 3832 a
1162 3739 1256 3862 jure
1298 3730 1502 3869 gentium
1544 3724 1627 3830 ab·

163 3869 394 3991 horrente,
429 3873 638 3977 Francisci
674 3872 810 4016 Regis
847 3873 1015 3975 animus
1052 3876 1109 3975 ad
1150 3869 1350 3973 fraudem
1391 3905 1436 3968 et
1479 3866 1623 3970 hone-.

160 4011 220 4111 sti
253 4053 303 4116 ac
336 4013 447 4118 boni
480 4054 758 4120 contemtum
792 4014 919 4119 facile
955 4018 1163 4155 impulsus
1199 4049 1293 4131 est,
1318 4012 1374 4112 ad
1409 4012 1511 4113 alias
1548 4016 1624 4115 sti·.

161 4155 375 4260 mulantes
399 4198 543 4261 causas
565 4162 824 4264 auctoritate
849 4158 1089 4264 Clementis
1117 4155 1342 4261 Pontificis
1368 4156 1622 4260 accedente.

215 4309 274 4401 V.
326 4301 529 4405 Clemens
555 4304 710 4444 igitur,
736 4340 779 4404 et
802 4301 1052 4420 Foederati,
1083 4301 1167 4423 iis,
1193 4342 1300 4443 quas
1330 4301 1536 4422 diximus,
1563 4338 1622 4402 ra·
1703 4325 1706 4330 '

161 4439 358 4544 tionibus
391 4443 678 4588 urgentibus,
715 4484 779 4545 res
815 4447 873 4548 ad
907 4445 1073 4547 bellum
1108 4447 1359 4548 necessarias
1394 4483 1622 4590 compara-

166 4626 212 4686 re
250 4587 494 4729 incipiunt.
519 4602 649 4709 Quae
682 4589 784 4691 licet
820 4589 878 4689 ab
914 4591 994 4711 eis,
1020 4631 1157 4733 quam
1194 4593 1368 4692 occulto
1405 4589 1501 4691 fieri
1536 4629 1622 4730 po·

164 4767 303 4852 terat,
338 4733 769 4852 administrarentur,
810 4775 866 4838 ne
901 4770 1050 4838 tamen
1085 4738 1283 4876 ipsorum
1317 4733 1497 4836 consilia
1533 4747 1624 4834 Ca-

1550 4911 1623 4972 ro-
