4326 5986
964 441 1198 525 CAROLI
1250 442 1304 523 V.
1348 440 1463 522 LIB.
1503 443 1617 525 XIV.

498 637 508 660 “
567 602 762 731 „multis
797 593 970 734 injuriis
1007 639 1032 696 a
1076 611 1202 740 Rege
1240 633 1531 739 provocatum
1566 599 1625 700 ad
1659 635 1757 701 arm

565 794 686 877 „te,
726 750 863 889 idque
900 781 992 845 non
1039 742 1309 865 ulciscendi,
1344 744 1419 843 sed
1467 745 1708 888 repellendi
1750 793 1757 844 t

565 933 656 1020 „et
692 889 975 1038 propulsandi
1011 928 1170 1008 causa,
1211 925 1254 988 et
1290 929 1363 988 me
1407 886 1520 991 nihil
1565 890 1707 1032 magis
1751 937 1757 987 t

566 1080 755 1182 „quam
803 1075 999 1180 pacem,
1034 1067 1083 1134 ut
1119 1035 1154 1133 si
1187 1031 1305 1135 bello
1342 1075 1369 1170 a
1405 1073 1508 1155 sne,
1549 1037 1757 1176 quemadt

565 1221 661 1313 „et
697 1220 915 1286 tantarum
951 1178 1268 1322 indignitatum
1305 1178 1422 1279 ratio
1457 1180 1677 1320 postulat,
1708 1221 1756 1282 su

568 1368 721 1472 „gem
763 1328 830 1428 sui
875 1324 1051 1425 consilii
1092 1324 1319 1464 poenitere
1362 1323 1595 1467 coeperit,
1638 1365 1725 1470 ego

567 1510 740 1596 „ctum
777 1471 1101 1611 consiliumque
1127 1470 1244 1610 apud
1264 1481 1414 1572 Deum
1451 1507 1494 1571 et
1529 1467 1735 1571 homines

569 1696 601 1741 „
620 1657 767 1721 vestro
819 1613 1076 1718 testimonio
1126 1614 1238 1714 tueri
1275 1615 1477 1754 possim,
1508 1614 1572 1736 si,
1602 1617 1726 1757 quod

567 1759 918 1884 „benevolentia
954 1755 1114 1879 toties,
1154 1794 1205 1859 ut
1243 1797 1523 1899 assequerer,
1556 1753 1714 1862 frustra
1751 1797 1759 1861 ι

568 1982 602 2028 ‚,
617 1903 734 2007 bello
771 1941 815 2005 et
851 1903 983 2003 annis
1021 1901 1154 2002 semel
1191 1903 1362 2041 assequi
1396 1900 1662 2004 conabor.“

641 2057 768 2150 XXI.
841 2059 966 2148 Dum
1008 2043 1114 2146 haec
1148 2056 1321 2148 Romae
1359 2081 1572 2188 geruntur
1587 2121 1604 2166 ,
1637 2051 1760 2146 Anto

571 2227 755 2335 accepto
796 2192 956 2300 nuntio
1000 2190 1147 2291 Gallos
1183 2199 1275 2324 jam
1320 2190 1508 2292 Duriam
1552 2189 1720 2292 flumen

569 2337 787 2439 Vercellas
823 2336 888 2436 ire
923 2334 1185 2455 contendit,
1224 2334 1530 2476 impositoque
1565 2333 1759 2436 firmiore

569 2501 670 2583 tum
705 2479 1048 2620 Italicorumquc
1084 2479 1303 2619 praesidio
1348 2481 1564 2580 Carolum
1612 2491 1761 2582 Ducen

570 2663 668 2725 tem
703 2623 946 2728 Beatticem
980 2623 1183 2725 Isabellae
1219 2629 1445 2765 Augustae
1480 2662 1702 2744 sororem,
1737 2665 1762 2764 q

571 2767 728 2912 galliae
763 2781 860 2872 Rex
895 2767 1113 2871 Emanuel
1157 2810 1209 2869 ex
1246 2768 1391 2870 Maria
1433 2768 1584 2870 Caroli
1620 2773 1762 2872 conso

572 2948 826 3037 creaverat,
860 2913 966 3014 inde
1001 2913 1208 3033 deducit,
1246 2946 1290 3011 et
1323 2951 1426 3012 cum
1463 2910 1530 3012 his
1565 2912 1614 3012 iu
1657 2924 1763 3013 Cant

567 3057 683 3159 'dum
730 3057 986 3162 revertitur.
1034 3067 1139 3158 Huc
1183 3066 1512 3159 Germanorum
1559 3057 1712 3158 decem
1756 3099 1763 3156 ι

569 3201 909 3344 pervenissent,
948 3237 991 3302 et
1027 3201 1103 3302 alii
1145 3201 1501 3345 appropinquate
1546 3201 1763 3302 nuntiaret

571 3383 649 3444 cos
683 3344 844 3446 milites
879 3384 933 3444 ex
967 3345 1254 3445 Alexandriae
1289 3343 1538 3486 praesidi0‚
1577 3347 1764 3487 paucist

572 3487 711 3609 duci,
733 3525 797 3590 et
840 3488 1061 3592 Candiam
1097 3489 1335 3590 convenire
1377 3529 1428 3591 ac
1464 3489 1687 3592 custodite
1731 3499 1766 3621 jt

572 3633 820 3766 conjunctis
858 3633 1037 3775 copiis,
1074 3633 1123 3735 in
1158 3634 1347 3777 Cegiam
1388 3633 1596 3755 flumen,
1630 3635 1754 3776 quod

573 3773 682 3878 fines
719 3818 745 3877 a
786 3775 1032 3920 Subalpinis
1070 3779 1270 3901 dividit,
1301 3817 1396 3880 non
1437 3779 1574 3920 longe
1610 3816 1636 3876 a
1682 3788 1765 3878 Ver

572 3920 801 4060 greditut,
821 3926 939 4024 unde
977 3923 1240 4027 Almitallius
1277 3962 1382 4023 cum
1419 3922 1610 4022 exercitu
1648 3922 1765 4064 pedit

570 4065 800 4188 millium,
840 4105 885 4167 et
929 4065 1148 4208 equitibus
1194 4066 1369 4168 levioris
1416 4101 1659 4168 armaturae
1711 4108 1766 4166 ses

571 4209 905 4354 quadringentis
932 4208 1215 4355 cataphractis
1242 4208 1391 4315 aberat
1425 4249 1631 4354 passuum
1658 4211 1766 4315 milli

571 4354 687 4496 plius
725 4358 844 4456 duo.

651 4510 794 4600 XXII.
871 4509 952 4602 Pet
991 4498 1039 4602 id
1090 4537 1264 4646 tempus
1313 4505 1508 4638 Joannes
1549 4509 1721 4604 Lorena

573 4673 763 4790 magnae
793 4643 866 4746 -vit
904 4645 1218 4768 auctoritatis,
1263 4647 1344 4788 qui
1380 4687 1406 4744 a
1457 4658 1581 4786 Rege
1625 4647 1768 4786 legatu

571 4783 629 4882 ad
664 4789 875 4891 Carolum
927 4789 1182 4896 mittebatur
1209 4789 1298 4914 ,in
1340 4817 1476 4891 castra
1522 4787 1688 4891 Gallica
1729 4826 1769 4934 pt
