4294 5984
528 637 783 756 discedere,
819 629 1095 770 domumque
1133 626 1270 726 redire
1307 623 1656 766 permitteretur.
1686 634 1811 726 Haec
1844 625 2000 736 omnia

530 781 756 886 obsidibus
798 821 824 877 a
868 776 995 876 Gallo
1038 772 1238 893 traditis,
1278 807 1323 872 et
1360 771 1462 871 data
1496 804 1762 934 acceptaque
1797 769 1917 897 fide,
1953 815 1997 884 et

530 924 813 1063 jurejurando
854 920 1088 1021 firmata
1052 955 1184 1037 sunt,
1225 952 1269 1016 et
1308 915 1517 1058 utrinque
1552 915 1719 1058 captivi
1750 919 1875 1053 (nam
1902 855 1994 1026 lroc

525 1111 709 1216 quoque
746 1063 934 1168 fuerat
923 1104 971 1166 ιιι
1007 997 1368 1195 conditionibus)
1405 1059 1589 1161 redditi.

528 1302 533 1328 ι
599 1222 758 1316 XLIV.
843 1213 964 1313 Hinc
1007 1247 1190 1309 movens
1233 1214 1413 1347 Prosper
1460 1204 1699 1306 exercitum
1746 1207 1794 1310 in
1815 1250 1992 1375 agmm

526 1372 804 1464 Genuensem
841 1356 927 1457 hoc
963 1357 1114 1455 animo
1141 1353 1339 1494 inducit,
1375 1386 1425 1452 ut
1455 1361 1640 1473 Genua,
1668 1393 1781 1495 quae
1813 1356 1863 1456 in
1892 1361 1990 1459 duas

526 1501 771 1669 factiones,
808 1505 1127 1620 Adornorum,
1171 1535 1215 1598 et
1258 1509 1571 1663 Fregosorum
1591 1497 1716 1599 scissa
1764 1537 1887 1623 erat,
1925 1515 1991 1605 O

527 1652 781 1753 ctavianum
808 1660 1039 1788 Fregosum
1076 1681 1246 1744 suarum
1283 1645 1474 1784 partium
1508 1641 1782 1785 principem,
1819 1684 1865 1746 et
1893 1648 1990 1749 Gal

526 1793 709 1896 licatum
745 1794 1019 1911 studiosum,
1056 1789 1316 1930 depelleret,
1345 1785 1474 1918 hujus
1510 1789 1632 1890 enim
1668 1788 1850 1890 arbitrio
1888 1825 1989 1891 tunc

528 1975 594 2037 res
632 1936 868 2039 Genuensis
905 1933 1169 2077 agitabatur.
1207 1967 1251 2030 et
1287 1935 1610 2098 Antoniorum,
1637 1933 1990 2099 Hieronymum

528 2122 617 2223 que
649 2083 854 2183 Adornos
891 2073 1070 2198 fratres,
1108 2074 1235 2210 hujus
1270 2071 1472 2178 factionis
1509 2077 1759 2220 principes,
1797 2081 1877 2222 qui
1914 2092 1990 2182 Ca·

526 2227 612 2326 toli
655 2225 790 2326 fidem
835 2154 1158 2363 sequebaniur,
1202 2222 1419 2323 exsules
1408 2261 1456 2322 ιιι
1505 2223 1696 2364 patriam
1741 2226 1987 2324 reduceret.

527 2371 830 2488 Octavianus,
867 2367 1052 2518 cognito
1088 2367 1284 2507 Prosperi
1320 2367 1532 2487 consilio,
1571 2369 1627 2467 ad
1668 2377 1842 2512 Regem
1892 2377 2002 2476 Gal

526 2512 669 2614 lorum
705 2506 915 2613 auxilium
953 2513 1148 2611 adversus
1185 2511 1463 2610 Caesarianos
1501 2510 1770 2651 postulatum
1821 2514 1992 2618 mittitt

527 2655 620 2796 ipse
668 2655 849 2756 interim
901 2655 1092 2754 duorum
1145 2655 1395 2756 Italicorum
1455 2653 1643 2755 millium
1706 2653 1993 2755 tumultuaria

528 2839 697 2918 manu,
735 2833 780 2897 et
815 2797 1091 2918 amicorum,
1129 2838 1179 2897 ac
1216 2839 1316 2898 suae
1357 2792 1558 2899 factionis
1593 2795 1832 2899 hominum
1869 2837 1992 2942 prae·

530 2941 643 3042 sidio
696 2980 829 3083 seque
886 2942 1130 3105 urbemque
1181 2940 1401 3043 munivit.
1462 2954 1557 3045 Rex
1621 2983 1896 3085 quamquam
1947 2943 1991 3043 in

528 3085 783 3188 confidendi
811 3086 1046 3204 exercitus,
1076 3120 1118 3188 et
1152 3087 1238 3186 suis
1274 3085 1574 3188 laborantibus
1605 3088 1660 3187 ad
1693 3086 1887 3190 Insubres
1922 3125 1991 3186 au·

526 3230 635 3331 xilio
658 3229 965 3333 ¹submittendi
1007 3267 1160 3330 curam
1209 3265 1303 3330 tota
1346 3265 1494 3332 mente
1536 3265 1580 3330 et
1623 3229 1775 3332 animo
1817 3230 1989 3331 insiste·-

529 3371 652 3537 bat,
675 3408 822 3475 tamen
858 3415 913 3476 ne
949 3374 1080 3473 amici
1114 3374 1370 3514 postulata,
1407 3411 1639 3515 precesque
1675 3376 1723 3475 in
1759 3415 1809 3476 ea
1845 3411 1990 3475 rerum

528 3517 762 3659 iniquitate
798 3557 1075 3621 contemnere
1111 3517 1355 3636 videretur,
1382 3526 1558 3620 Petrum
1585 3527 1867 3666 Navarrum,
1898 3555 1991 3617 stre

529 3700 671 3762 nuum
710 3663 898 3803 Hispani
944 3662 1113 3804 generis
1158 3663 1304 3762 virum
1350 3697 1393 3764 ct
1436 3663 1500 3762 rei
1540 3661 1736 3762 militatis
1778 3657 1989 3803 peritissi
2001 3761 2004 3772 ,

529 3845 691 3926 mum,
721 3847 825 3908 cum
851 3807 1020 3909 duabus
1055 3806 1241 3909 navibus
1278 3807 1513 3970 onerariis,
1548 3803 1688 3946 probe
1724 3844 1857 3908 armas
1869 3883 1885 3928 ,
1922 3839 1990 3904 at·

478 3975 479 3979 '
529 3987 616 4089 que
654 3950 756 4052 viris
791 3951 1034 4070 instructis,
1070 3947 1322 4051 subsidio
1301 3950 1468 4052 mittit

617 4103 757 4198 XLV.
853 4093 1084 4237 Prosper
1072 4134 1118 4194 ιιι
1160 4107 1338 4197 Genuae
1382 4128 1673 4240 conspectum
1712 4131 1991 4238 progressus,

528 4239 765 4341 exercitum
801 4239 848 4338 in
884 4241 987 4340 duas
1026 4274 1165 4381 partes
1202 4238 1451 4360 distribuit,
1492 4275 1543 4340 ut
1586 4241 1828 4370 Fernandus
1870 4251 1992 4337 Ava-

527 4381 591 4482 lus
634 4382 842 4484 Marcbio
877 4383 1112 4501 Piscariae‚
1149 4386 1349 4524 peditum
1385 4379 1690 4534 Hispabonrm*
1719 4356 1993 4526 praefectus,

527 4564 634 4625 cum
686 4565 735 4624 ea
777 4566 911 4625 manu
969 4529 1213 4666 Italicisque
1257 4526 1472 4628 militibus
1524 4525 1598 4626 ab
1632 4567 1788 4628 occasu
1833 4527 1990 4628 urbem

519 4706 785 4811 oppugnare
821 4669 1207 4832 aggrederetur,
1195 4707 1288 4810 tpse
1322 4709 1424 4772 cum
1449 4675 1712 4790 Germanis,
1744 4707 1788 4774 et
1821 4668 1993 4811 equita

517 4846 579 4917 ,ιιι
615 4815 673 4914 ad
708 4815 883 4916 alteram
918 4851 1088 4956 partem
1124 4816 1442 4952 cucumjectis,
1466 4816 1745 4919 occasionem
1779 4813 1994 4918 observa-

1899 4992 1987 5061 tet·
1977 5022 1990 5066 ι

584 473 670 567 134
959 467 1049 546 nn.
1090 464 1304 546 nanus
1337 461 1559 544 castis

2138 1231 2139 1320 l
