<?xml version="1.0" encoding="UTF-8"?>
<!DOCTYPE html PUBLIC "-//W3C//DTD XHTML 1.0 Transitional//EN"
    "http://www.w3.org/TR/xhtml1/DTD/xhtml1-transitional.dtd">
<html xmlns="http://www.w3.org/1999/xhtml" xml:lang="en" lang="en">
 <head>
  <title>
</title>
<meta http-equiv="Content-Type" content="text/html;charset=utf-8" />
  <meta name='ocr-system' content='tesseract 3.04.00' />
  <meta name='ocr-capabilities' content='ocr_page ocr_carea ocr_par ocr_line ocrx_word'/>
</head>
<body>
  <div class='ocr_page' id='page_1' title='image "./joannisgenesiis02sepgoog_0488.png"; bbox 0 0 4298 5980; ppageno 0'>
   <div class='ocr_carea' id='block_1_1' title="bbox 544 423 1562 526">
    <p class='ocr_par' dir='ltr' id='par_1_1' title="bbox 544 423 1562 526">
     <span class='ocr_line' id='line_1_1' title="bbox 544 423 1562 526; baseline -0.027 3"><span class='ocrx_word' id='word_1_1' title='bbox 544 428 639 526; x_wconf 77' lang='lat'>244</span> <span class='ocrx_word' id='word_1_2' title='bbox 964 427 1047 510; x_wconf 80' lang='lat' dir='ltr'>uu</span> <span class='ocrx_word' id='word_1_3' title='bbox 1089 425 1294 508; x_wconf 79' lang='lat' dir='ltr'>nauus</span> <span class='ocrx_word' id='word_1_4' title='bbox 1346 423 1562 506; x_wconf 76' lang='lat' dir='ltr'>cussis</span> 
     </span>
    </p>
   </div>
   <div class='ocr_carea' id='block_1_2' title="bbox 507 577 2130 869">
    <p class='ocr_par' dir='ltr' id='par_1_2' title="bbox 507 577 2130 869">
     <span class='ocr_line' id='line_1_2' title="bbox 507 577 1981 725; baseline -0.02 -35"><span class='ocrx_word' id='word_1_5' title='bbox 507 625 612 690; x_wconf 91' lang='lat' dir='ltr'>cum</span> <span class='ocrx_word' id='word_1_6' title='bbox 647 580 937 686; x_wconf 82' lang='lat' dir='ltr'>eraetiorum</span> <span class='ocrx_word' id='word_1_7' title='bbox 974 614 1168 725; x_wconf 88' lang='lat' dir='ltr'>quatuor</span> <span class='ocrx_word' id='word_1_8' title='bbox 1215 577 1410 699; x_wconf 86' lang='lat' dir='ltr'>millibus</span> <span class='ocrx_word' id='word_1_9' title='bbox 1454 592 1738 704; x_wconf 88' lang='lat' dir='ltr'>Cassanum,</span> <span class='ocrx_word' id='word_1_10' title='bbox 1780 577 1857 723; x_wconf 88' lang='lat' dir='ltr'>qui</span> <span class='ocrx_word' id='word_1_11' title='bbox 1902 581 1981 686; x_wconf 74' lang='lat' dir='ltr'>vi.</span> 
     </span>
     <span class='ocr_line' id='line_1_3' title="bbox 507 720 2130 869; baseline -0.01 -33"><span class='ocrx_word' id='word_1_12' title='bbox 507 761 582 836; x_wconf 88' lang='lat' dir='ltr'>cus</span> <span class='ocrx_word' id='word_1_13' title='bbox 618 774 643 832; x_wconf 84' lang='lat' dir='ltr'>a</span> <span class='ocrx_word' id='word_1_14' title='bbox 679 728 940 863; x_wconf 86' lang='lat' dir='ltr'>Mediolano</span> <span class='ocrx_word' id='word_1_15' title='bbox 977 725 1310 869; x_wconf 88' lang='lat' dir='ltr'>quatuordecim</span> <span class='ocrx_word' id='word_1_16' title='bbox 1346 763 1551 868; x_wconf 83' lang='lat' dir='ltr'><strong>passuum</strong></span> <span class='ocrx_word' id='word_1_17' title='bbox 1585 720 1783 824; x_wconf 88' lang='lat' dir='ltr'>millibus</span> <span class='ocrx_word' id='word_1_18' title='bbox 1817 723 1979 849; x_wconf 85' lang='lat' dir='ltr'>abest,</span> <span class='ocrx_word' id='word_1_19' title='bbox 2129 823 2130 852; x_wconf 51' lang='lat'>,</span> 
     </span>
    </p>
   </div>
   <div class='ocr_carea' id='block_1_3' title="bbox 405 865 1977 4999">
    <p class='ocr_par' dir='ltr' id='par_1_3' title="bbox 405 865 1977 3716">
     <span class='ocr_line' id='line_1_4' title="bbox 506 865 1977 1022; baseline -0.004 -44"><span class='ocrx_word' id='word_1_20' title='bbox 506 911 799 1022; x_wconf 79' lang='lat' dir='ltr'>processerat,</span> <span class='ocrx_word' id='word_1_21' title='bbox 835 909 884 977; x_wconf 92' lang='lat' dir='ltr'>ut</span> <span class='ocrx_word' id='word_1_22' title='bbox 921 873 1026 974; x_wconf 88' lang='lat' dir='ltr'>inde</span> <span class='ocrx_word' id='word_1_23' title='bbox 1067 870 1345 972; x_wconf 88' lang='lat' dir='ltr'>Caesarianos</span> <span class='ocrx_word' id='word_1_24' title='bbox 1390 865 1711 970; x_wconf 82' lang='lat' dir='ltr'>commeatibus</span> <span class='ocrx_word' id='word_1_25' title='bbox 1758 870 1977 972; x_wconf 89' lang='lat' dir='ltr'>interclu-</span> 
     </span>
     <span class='ocr_line' id='line_1_5' title="bbox 508 1013 1972 1154; baseline -0.003 -31"><span class='ocrx_word' id='word_1_26' title='bbox 508 1025 668 1124; x_wconf 84' lang='lat' dir='ltr'><strong>deret.</strong></span> <span class='ocrx_word' id='word_1_27' title='bbox 732 1029 865 1122; x_wconf 85' lang='lat' dir='ltr'>Hanc</span> <span class='ocrx_word' id='word_1_28' title='bbox 927 1055 1109 1120; x_wconf 89' lang='lat' dir='ltr'>manum</span> <span class='ocrx_word' id='word_1_29' title='bbox 1158 1013 1379 1117; x_wconf 87' lang='lat' dir='ltr'>Antonius</span> <span class='ocrx_word' id='word_1_30' title='bbox 1433 1054 1537 1116; x_wconf 91' lang='lat' dir='ltr'>cum</span> <span class='ocrx_word' id='word_1_31' title='bbox 1588 1052 1664 1154; x_wconf 92' lang='lat' dir='ltr'>per</span> <span class='ocrx_word' id='word_1_32' title='bbox 1724 1054 1768 1114; x_wconf 89' lang='lat' dir='ltr'>se</span> <span class='ocrx_word' id='word_1_33' title='bbox 1835 1015 1972 1120; x_wconf 90' lang='lat' dir='ltr'>deleri</span> 
     </span>
     <span class='ocr_line' id='line_1_6' title="bbox 507 1155 1975 1294; baseline -0.005 -26"><span class='ocrx_word' id='word_1_34' title='bbox 507 1207 587 1268; x_wconf 89' lang='lat' dir='ltr'>nec</span> <span class='ocrx_word' id='word_1_35' title='bbox 625 1160 741 1263; x_wconf 87' lang='lat' dir='ltr'>factu</span> <span class='ocrx_word' id='word_1_36' title='bbox 785 1155 998 1282; x_wconf 86' lang='lat' dir='ltr'>difficile,</span> <span class='ocrx_word' id='word_1_37' title='bbox 1042 1196 1086 1262; x_wconf 88' lang='lat' dir='ltr'>et</span> <span class='ocrx_word' id='word_1_38' title='bbox 1128 1157 1564 1260; x_wconf 91' lang='lat' dir='ltr'>commodissimum.</span> <span class='ocrx_word' id='word_1_39' title='bbox 1590 1199 1676 1260; x_wconf 89' lang='lat' dir='ltr'>esse</span> <span class='ocrx_word' id='word_1_40' title='bbox 1716 1157 1975 1294; x_wconf 87' lang='lat' dir='ltr'>judicaret,</span> 
     </span>
     <span class='ocr_line' id='line_1_7' title="bbox 507 1301 1972 1452; baseline -0.005 -40"><span class='ocrx_word' id='word_1_41' title='bbox 507 1313 728 1452; x_wconf 87' lang='lat' dir='ltr'>Hispanos</span> <span class='ocrx_word' id='word_1_42' title='bbox 780 1342 824 1406; x_wconf 91' lang='lat' dir='ltr'>et</span> <span class='ocrx_word' id='word_1_43' title='bbox 857 1306 985 1408; x_wconf 92' lang='lat' dir='ltr'>Italos</span> <span class='ocrx_word' id='word_1_44' title='bbox 1035 1303 1237 1423; x_wconf 89' lang='lat' dir='ltr'>armari,</span> <span class='ocrx_word' id='word_1_45' title='bbox 1288 1339 1330 1406; x_wconf 92' lang='lat' dir='ltr'>et</span> <span class='ocrx_word' id='word_1_46' title='bbox 1383 1340 1511 1442; x_wconf 85' lang='lat' dir='ltr'>super</span> <span class='ocrx_word' id='word_1_47' title='bbox 1569 1340 1691 1402; x_wconf 90' lang='lat' dir='ltr'>arma</span> <span class='ocrx_word' id='word_1_48' title='bbox 1739 1301 1972 1406; x_wconf 86' lang='lat' dir='ltr'>subuculas</span> 
     </span>
     <span class='ocr_line' id='line_1_8' title="bbox 474 1444 1971 1591; baseline -0.003 -36"><span class='ocrx_word' id='word_1_49' title='bbox 474 1456 480 1470; x_wconf 77' lang='grc'><strong>“</strong></span> <span class='ocrx_word' id='word_1_50' title='bbox 509 1455 661 1556; x_wconf 89' lang='lat' dir='ltr'>linteas</span> <span class='ocrx_word' id='word_1_51' title='bbox 699 1451 824 1553; x_wconf 91' lang='lat' dir='ltr'>indui</span> <span class='ocrx_word' id='word_1_52' title='bbox 860 1450 983 1583; x_wconf 90' lang='lat' dir='ltr'>jubet</span> <span class='ocrx_word' id='word_1_53' title='bbox 1031 1445 1321 1591; x_wconf 82' lang='lat' dir='ltr'>dignoscendi</span> <span class='ocrx_word' id='word_1_54' title='bbox 1356 1447 1525 1588; x_wconf 69' lang='lat' dir='ltr'>gratias</span> <span class='ocrx_word' id='word_1_55' title='bbox 1562 1444 1654 1586; x_wconf 88' lang='lat' dir='ltr'>ipse</span> <span class='ocrx_word' id='word_1_56' title='bbox 1691 1447 1855 1549; x_wconf 90' lang='lat' dir='ltr'>eodem</span> <span class='ocrx_word' id='word_1_57' title='bbox 1890 1447 1971 1552; x_wconf 86' lang='lat' dir='ltr'>ha·</span> 
     </span>
     <span class='ocr_line' id='line_1_9' title="bbox 509 1591 1970 1740; baseline -0.001 -39"><span class='ocrx_word' id='word_1_58' title='bbox 509 1597 608 1701; x_wconf 91' lang='lat' dir='ltr'>bitu</span> <span class='ocrx_word' id='word_1_59' title='bbox 645 1638 791 1740; x_wconf 88' lang='lat' dir='ltr'>equa,</span> <span class='ocrx_word' id='word_1_60' title='bbox 826 1631 876 1697; x_wconf 91' lang='lat' dir='ltr'>ut</span> <span class='ocrx_word' id='word_1_61' title='bbox 911 1591 1113 1712; x_wconf 80' lang='lat' dir='ltr'>solebat,</span> <span class='ocrx_word' id='word_1_62' title='bbox 1161 1591 1360 1692; x_wconf 88' lang='lat' dir='ltr'>invectus</span> <span class='ocrx_word' id='word_1_63' title='bbox 1402 1591 1450 1690; x_wconf 93' lang='lat' dir='ltr'>in</span> <span class='ocrx_word' id='word_1_64' title='bbox 1491 1599 1819 1708; x_wconf 85' lang='lat' dir='ltr'>Germanorum</span> <span class='ocrx_word' id='word_1_65' title='bbox 1855 1635 1970 1700; x_wconf 91' lang='lat' dir='ltr'>con-.</span> 
     </span>
     <span class='ocr_line' id='line_1_10' title="bbox 509 1730 1971 1882; baseline -0.003 -39"><span class='ocrx_word' id='word_1_66' title='bbox 509 1743 719 1861; x_wconf 87' lang='lat' dir='ltr'>cionem,</span> <span class='ocrx_word' id='word_1_67' title='bbox 755 1779 849 1882; x_wconf 89' lang='lat' dir='ltr'>quo</span> <span class='ocrx_word' id='word_1_68' title='bbox 885 1737 1044 1839; x_wconf 89' lang='lat' dir='ltr'>armati</span> <span class='ocrx_word' id='word_1_69' title='bbox 1079 1774 1158 1837; x_wconf 94' lang='lat' dir='ltr'>suo</span> <span class='ocrx_word' id='word_1_70' title='bbox 1198 1773 1328 1838; x_wconf 89' lang='lat' dir='ltr'>more</span> <span class='ocrx_word' id='word_1_71' title='bbox 1368 1730 1640 1834; x_wconf 83' lang='lat' dir='ltr'>deliberandi</span> <span class='ocrx_word' id='word_1_72' title='bbox 1730 1737 1814 1838; x_wconf 90' lang='lat' dir='ltr'>atia</span> <span class='ocrx_word' id='word_1_73' title='bbox 1854 1778 1971 1838; x_wconf 88' lang='lat' dir='ltr'>con·-</span> 
     </span>
     <span class='ocr_line' id='line_1_11' title="bbox 405 1774 1966 2022; baseline -0.008 -27"><span class='ocrx_word' id='word_1_74' title='bbox 405 1989 407 1994; x_wconf 89' lang='lat'><em>.</em></span> <span class='ocrx_word' id='word_1_75' title='bbox 508 1918 736 2000; x_wconf 87' lang='lat' dir='ltr'>venerant,</span> <span class='ocrx_word' id='word_1_76' title='bbox 774 1881 999 2022; x_wconf 88' lang='lat' dir='ltr'>procedit,</span> <span class='ocrx_word' id='word_1_77' title='bbox 1037 1912 1080 1978; x_wconf 92' lang='lat' dir='ltr'>et</span> <span class='ocrx_word' id='word_1_78' title='bbox 1116 1878 1323 1978; x_wconf 92' lang='lat' dir='ltr'>nuntium</span> <span class='ocrx_word' id='word_1_79' title='bbox 1350 1888 1503 1977; x_wconf 88' lang='lat' dir='ltr'>Genua</span> <span class='ocrx_word' id='word_1_80' title='bbox 1538 1917 1584 1978; x_wconf 89' lang='lat' dir='ltr'>re</span> <span class='ocrx_word' id='word_1_81' title='bbox 1619 1774 1777 1978; x_wconf 63' lang='lat' dir='ltr'>inliita</span> <span class='ocrx_word' id='word_1_82' title='bbox 1810 1882 1966 1982; x_wconf 86' lang='lat' dir='ltr'>tediis-</span> 
     </span>
     <span class='ocr_line' id='line_1_12' title="bbox 507 2020 1968 2168; baseline -0.001 -39"><span class='ocrx_word' id='word_1_83' title='bbox 507 2069 552 2129; x_wconf 89' lang='lat' dir='ltr'>se</span> <span class='ocrx_word' id='word_1_84' title='bbox 582 2025 886 2168; x_wconf 83' lang='lat' dir='ltr'>pronuntiat,</span> <span class='ocrx_word' id='word_1_85' title='bbox 929 2064 972 2125; x_wconf 90' lang='lat' dir='ltr'>se</span> <span class='ocrx_word' id='word_1_86' title='bbox 1021 2059 1170 2125; x_wconf 88' lang='lat' dir='ltr'>tamen</span> <span class='ocrx_word' id='word_1_87' title='bbox 1206 2037 1479 2141; x_wconf 79' lang='lat' dir='ltr'>mmmmm,</span> <span class='ocrx_word' id='word_1_88' title='bbox 1513 2055 1565 2122; x_wconf 91' lang='lat' dir='ltr'>ut</span> <span class='ocrx_word' id='word_1_89' title='bbox 1606 2020 1665 2122; x_wconf 90' lang='lat' dir='ltr'>eis</span> <span class='ocrx_word' id='word_1_90' title='bbox 1700 2021 1968 2165; x_wconf 87' lang='lat' dir='ltr'>stipendium</span> 
     </span>
     <span class='ocr_line' id='line_1_13' title="bbox 508 2164 1967 2314; baseline -0.003 -41"><span class='ocrx_word' id='word_1_91' title='bbox 508 2168 773 2314; x_wconf 88' lang='lat' dir='ltr'>propediem</span> <span class='ocrx_word' id='word_1_92' title='bbox 809 2167 1122 2311; x_wconf 87' lang='lat' dir='ltr'>persolvatur,</span> <span class='ocrx_word' id='word_1_93' title='bbox 1170 2174 1291 2297; x_wconf 85' lang='lat' dir='ltr'>cujus</span> <span class='ocrx_word' id='word_1_94' title='bbox 1339 2164 1403 2266; x_wconf 92' lang='lat' dir='ltr'>rei</span> <span class='ocrx_word' id='word_1_95' title='bbox 1450 2165 1587 2306; x_wconf 90' lang='lat' dir='ltr'>gratia</span> <span class='ocrx_word' id='word_1_96' title='bbox 1632 2167 1679 2269; x_wconf 91' lang='lat' dir='ltr'>in</span> <span class='ocrx_word' id='word_1_97' title='bbox 1721 2168 1967 2309; x_wconf 87' lang='lat' dir='ltr'>expeditio-</span> 
     </span>
     <span class='ocr_line' id='line_1_14' title="bbox 501 2308 1965 2452; baseline -0.001 -34"><span class='ocrx_word' id='word_1_98' title='bbox 501 2353 612 2418; x_wconf 91' lang='lat' dir='ltr'>nem</span> <span class='ocrx_word' id='word_1_99' title='bbox 684 2312 1032 2432; x_wconf 84' lang='lat' dir='ltr'>roficiscerttut,</span> <span class='ocrx_word' id='word_1_100' title='bbox 1076 2350 1169 2451; x_wconf 87' lang='lat' dir='ltr'>quo</span> <span class='ocrx_word' id='word_1_101' title='bbox 1213 2309 1249 2410; x_wconf 94' lang='lat' dir='ltr'>si</span> <span class='ocrx_word' id='word_1_102' title='bbox 1291 2308 1417 2452; x_wconf 88' lang='lat' dir='ltr'>sequi</span> <span class='ocrx_word' id='word_1_103' title='bbox 1456 2309 1543 2450; x_wconf 90' lang='lat' dir='ltr'>ipsi</span> <span class='ocrx_word' id='word_1_104' title='bbox 1585 2309 1759 2430; x_wconf 88' lang='lat' dir='ltr'>velint,</span> <span class='ocrx_word' id='word_1_105' title='bbox 1800 2349 1965 2452; x_wconf 81' lang='lat' dir='ltr'>sperare</span> 
     </span>
     <span class='ocr_line' id='line_1_15' title="bbox 507 2353 1965 2597; baseline -0.002 -37"><span class='ocrx_word' id='word_1_106' title='bbox 507 2497 602 2562; x_wconf 89' lang='lat' dir='ltr'>rem</span> <span class='ocrx_word' id='word_1_107' title='bbox 636 2353 733 2560; x_wconf 82' lang='lat' dir='ltr'>liire</span> <span class='ocrx_word' id='word_1_108' title='bbox 769 2459 818 2558; x_wconf 93' lang='lat' dir='ltr'>in</span> <span class='ocrx_word' id='word_1_109' title='bbox 853 2456 1080 2597; x_wconf 68' lang='lat' dir='ltr'>expeditos</span> <span class='ocrx_word' id='word_1_110' title='bbox 1104 2455 1171 2554; x_wconf 93' lang='lat' dir='ltr'>sin</span> <span class='ocrx_word' id='word_1_111' title='bbox 1207 2453 1357 2573; x_wconf 87' lang='lat' dir='ltr'>aliter,</span> <span class='ocrx_word' id='word_1_112' title='bbox 1394 2492 1436 2556; x_wconf 89' lang='lat' dir='ltr'>se</span> <span class='ocrx_word' id='word_1_113' title='bbox 1472 2488 1622 2554; x_wconf 85' lang='lat' dir='ltr'>tamen</span> <span class='ocrx_word' id='word_1_114' title='bbox 1646 2454 1717 2556; x_wconf 87' lang='lat' dir='ltr'>vel</span> <span class='ocrx_word' id='word_1_115' title='bbox 1746 2493 1854 2558; x_wconf 86' lang='lat' dir='ltr'>curn</span> <span class='ocrx_word' id='word_1_116' title='bbox 1881 2457 1965 2557; x_wconf 89' lang='lat' dir='ltr'>Hi-</span> 
     </span>
     <span class='ocr_line' id='line_1_16' title="bbox 508 2596 1961 2741; baseline 0.001 -41"><span class='ocrx_word' id='word_1_117' title='bbox 508 2602 649 2740; x_wconf 86' lang='lat' dir='ltr'>spanis</span> <span class='ocrx_word' id='word_1_118' title='bbox 685 2638 729 2699; x_wconf 89' lang='lat' dir='ltr'>et</span> <span class='ocrx_word' id='word_1_119' title='bbox 763 2600 901 2718; x_wconf 88' lang='lat' dir='ltr'>Italis,</span> <span class='ocrx_word' id='word_1_120' title='bbox 927 2637 1040 2741; x_wconf 84' lang='lat' dir='ltr'>quae</span> <span class='ocrx_word' id='word_1_121' title='bbox 1076 2596 1323 2738; x_wconf 83' lang='lat' dir='ltr'>cogitasset,</span> <span class='ocrx_word' id='word_1_122' title='bbox 1349 2637 1438 2700; x_wconf 88' lang='lat' dir='ltr'>esse</span> <span class='ocrx_word' id='word_1_123' title='bbox 1472 2632 1755 2700; x_wconf 84' lang='lat' dir='ltr'>conaturum.</span> <span class='ocrx_word' id='word_1_124' title='bbox 1782 2599 1865 2702; x_wconf 87' lang='lat' dir='ltr'>His</span> <span class='ocrx_word' id='word_1_125' title='bbox 1898 2597 1961 2702; x_wconf 91' lang='lat' dir='ltr'>di·</span> 
     </span>
     <span class='ocr_line' id='line_1_17' title="bbox 508 2739 1964 2885; baseline 0.003 -41"><span class='ocrx_word' id='word_1_126' title='bbox 508 2744 613 2863; x_wconf 93' lang='lat' dir='ltr'>ctis,</span> <span class='ocrx_word' id='word_1_127' title='bbox 639 2739 712 2843; x_wconf 91' lang='lat' dir='ltr'>die</span> <span class='ocrx_word' id='word_1_128' title='bbox 747 2750 841 2872; x_wconf 89' lang='lat' dir='ltr'>jam</span> <span class='ocrx_word' id='word_1_129' title='bbox 875 2741 924 2843; x_wconf 90' lang='lat' dir='ltr'>in</span> <span class='ocrx_word' id='word_1_130' title='bbox 959 2779 1187 2883; x_wconf 88' lang='lat' dir='ltr'>vesperum</span> <span class='ocrx_word' id='word_1_131' title='bbox 1222 2741 1484 2882; x_wconf 84' lang='lat' dir='ltr'>praecipite,</span> <span class='ocrx_word' id='word_1_132' title='bbox 1512 2780 1594 2843; x_wconf 90' lang='lat' dir='ltr'>nec</span> <span class='ocrx_word' id='word_1_133' title='bbox 1621 2777 1869 2885; x_wconf 86' lang='lat' dir='ltr'>exspectato</span> <span class='ocrx_word' id='word_1_134' title='bbox 1902 2783 1964 2848; x_wconf 63' lang='lat' dir='ltr'>tes</span> 
     </span>
     <span class='ocr_line' id='line_1_18' title="bbox 505 2883 1965 3029; baseline 0.005 -45"><span class='ocrx_word' id='word_1_135' title='bbox 505 2924 671 3027; x_wconf 85' lang='lat' dir='ltr'>sponso</span> <span class='ocrx_word' id='word_1_136' title='bbox 708 2883 928 3006; x_wconf 88' lang='lat' dir='ltr'>discedit,</span> <span class='ocrx_word' id='word_1_137' title='bbox 964 2921 1007 2986; x_wconf 90' lang='lat' dir='ltr'>et</span> <span class='ocrx_word' id='word_1_138' title='bbox 1043 2887 1100 2985; x_wconf 89' lang='lat' dir='ltr'>ad</span> <span class='ocrx_word' id='word_1_139' title='bbox 1137 2921 1311 3026; x_wconf 90' lang='lat' dir='ltr'>portam</span> <span class='ocrx_word' id='word_1_140' title='bbox 1345 2897 1630 3006; x_wconf 86' lang='lat' dir='ltr'>Romanam,</span> <span class='ocrx_word' id='word_1_141' title='bbox 1668 2901 1762 3028; x_wconf 79' lang='lat' dir='ltr'>q&#39;uo</span> <span class='ocrx_word' id='word_1_142' title='bbox 1797 2886 1965 3029; x_wconf 86' lang='lat' dir='ltr'>Hispa·</span> 
     </span>
     <span class='ocr_line' id='line_1_19' title="bbox 507 3026 1966 3171; baseline 0.003 -41"><span class='ocrx_word' id='word_1_143' title='bbox 507 3031 559 3130; x_wconf 90' lang='lat' dir='ltr'>ni</span> <span class='ocrx_word' id='word_1_144' title='bbox 601 3064 644 3130; x_wconf 90' lang='lat' dir='ltr'>et</span> <span class='ocrx_word' id='word_1_145' title='bbox 677 3029 809 3150; x_wconf 84' lang='lat' dir='ltr'>Itali,</span> <span class='ocrx_word' id='word_1_146' title='bbox 846 3065 897 3129; x_wconf 90' lang='lat' dir='ltr'>nt</span> <span class='ocrx_word' id='word_1_147' title='bbox 931 3064 1021 3133; x_wconf 87' lang='lat' dir='ltr'>erat</span> <span class='ocrx_word' id='word_1_148' title='bbox 1039 3026 1356 3171; x_wconf 86' lang='lat' dir='ltr'>imperatum,</span> <span class='ocrx_word' id='word_1_149' title='bbox 1396 3027 1715 3134; x_wconf 85' lang='lat' dir='ltr'>conveniebant</span> <span class='ocrx_word' id='word_1_150' title='bbox 1733 3075 1752 3149; x_wconf 93' lang='lat'>,·</span> <span class='ocrx_word' id='word_1_151' title='bbox 1792 3051 1966 3137; x_wconf 88' lang='lat' dir='ltr'>conten-</span> 
     </span>
     <span class='ocr_line' id='line_1_20' title="bbox 507 3171 1963 3314; baseline 0 -38"><span class='ocrx_word' id='word_1_152' title='bbox 507 3173 607 3276; x_wconf 90' lang='lat' dir='ltr'>dit.</span> <span class='ocrx_word' id='word_1_153' title='bbox 654 3183 761 3274; x_wconf 89' lang='lat' dir='ltr'>Hoc</span> <span class='ocrx_word' id='word_1_154' title='bbox 797 3173 1105 3276; x_wconf 87' lang='lat' dir='ltr'>animadverso</span> <span class='ocrx_word' id='word_1_155' title='bbox 1153 3175 1396 3293; x_wconf 89' lang='lat' dir='ltr'>Germani,</span> <span class='ocrx_word' id='word_1_156' title='bbox 1433 3175 1601 3314; x_wconf 85' lang='lat' dir='ltr'>pudore</span> <span class='ocrx_word' id='word_1_157' title='bbox 1642 3171 1882 3294; x_wconf 86' lang='lat' dir='ltr'>subeunte,</span> <span class='ocrx_word' id='word_1_158' title='bbox 1920 3176 1963 3276; x_wconf 81' lang='lat' dir='ltr'>i-</span> 
     </span>
     <span class='ocr_line' id='line_1_21' title="bbox 507 3317 1965 3461; baseline 0.001 -45"><span class='ocrx_word' id='word_1_159' title='bbox 507 3317 577 3458; x_wconf 91' lang='lat' dir='ltr'>psi</span> <span class='ocrx_word' id='word_1_160' title='bbox 612 3353 799 3458; x_wconf 88' lang='lat' dir='ltr'>quoque</span> <span class='ocrx_word' id='word_1_161' title='bbox 833 3317 1033 3419; x_wconf 81' lang='lat' dir='ltr'>celeriter</span> <span class='ocrx_word' id='word_1_162' title='bbox 1055 3317 1291 3421; x_wconf 88' lang='lat' dir='ltr'>&#39;subuculas</span> <span class='ocrx_word' id='word_1_163' title='bbox 1317 3317 1508 3419; x_wconf 91' lang='lat' dir='ltr'>induunt</span> <span class='ocrx_word' id='word_1_164' title='bbox 1520 3395 1535 3438; x_wconf 96' lang='lat'>,</span> <span class='ocrx_word' id='word_1_165' title='bbox 1561 3357 1692 3460; x_wconf 87' lang='lat' dir='ltr'>seque</span> <span class='ocrx_word' id='word_1_166' title='bbox 1722 3317 1965 3461; x_wconf 87' lang='lat' dir='ltr'>expeditio·</span> 
     </span>
     <span class='ocr_line' id='line_1_22' title="bbox 502 3460 1968 3606; baseline 0.003 -44"><span class='ocrx_word' id='word_1_167' title='bbox 502 3460 556 3572; x_wconf 87' lang='lat' dir='ltr'>ni</span> <span class='ocrx_word' id='word_1_168' title='bbox 596 3497 885 3600; x_wconf 70' lang='lat' dir='ltr'>comparants</span> <span class='ocrx_word' id='word_1_169' title='bbox 926 3462 1074 3604; x_wconf 87' lang='lat' dir='ltr'>itaque</span> <span class='ocrx_word' id='word_1_170' title='bbox 1117 3462 1244 3566; x_wconf 86' lang='lat' dir='ltr'>brevi</span> <span class='ocrx_word' id='word_1_171' title='bbox 1280 3481 1441 3564; x_wconf 82' lang='lat' dir='ltr'>&#39;omnes</span> <span class='ocrx_word' id='word_1_172' title='bbox 1483 3462 1540 3563; x_wconf 92' lang='lat' dir='ltr'>ad</span> <span class='ocrx_word' id='word_1_173' title='bbox 1561 3483 1567 3492; x_wconf 90' lang='lat'>&#39;</span> <span class='ocrx_word' id='word_1_174' title='bbox 1580 3484 1760 3606; x_wconf 84' lang='lat' dir='ltr'>portam</span> <span class='ocrx_word' id='word_1_175' title='bbox 1793 3474 1968 3568; x_wconf 81' lang='lat' dir='ltr'>Roma-</span> 
     </span>
     <span class='ocr_line' id='line_1_23' title="bbox 507 3638 1475 3716; baseline -0.004 -8"><span class='ocrx_word' id='word_1_176' title='bbox 507 3641 613 3708; x_wconf 88' lang='lat' dir='ltr'>nam</span> <span class='ocrx_word' id='word_1_177' title='bbox 648 3639 878 3708; x_wconf 84' lang='lat' dir='ltr'>coierunt.</span> <span class='ocrx_word' id='word_1_178' title='bbox 1211 3713 1215 3716; x_wconf 60' lang='grc'><strong>,</strong></span> <span class='ocrx_word' id='word_1_179' title='bbox 1473 3638 1475 3644; x_wconf 90' lang='grc'><strong><em>·</em></strong></span> 
     </span>
    </p>

    <p class='ocr_par' dir='ltr' id='par_1_4' title="bbox 459 3747 1968 4908">
     <span class='ocr_line' id='line_1_24' title="bbox 615 3747 1966 3894; baseline -0.002 -39"><span class='ocrx_word' id='word_1_180' title='bbox 615 3757 682 3855; x_wconf 79' lang='lat'>111.</span> <span class='ocrx_word' id='word_1_181' title='bbox 794 3753 924 3850; x_wconf 89' lang='lat' dir='ltr'>Tunc</span> <span class='ocrx_word' id='word_1_182' title='bbox 967 3747 1188 3853; x_wconf 74' lang='lat' dir='ltr'>Antonius</span> <span class='ocrx_word' id='word_1_183' title='bbox 1231 3749 1435 3854; x_wconf 86' lang='lat' dir='ltr'>simulans</span> <span class='ocrx_word' id='word_1_184' title='bbox 1479 3750 1820 3894; x_wconf 83' lang='lat' dir='ltr'>praedicansque</span> <span class='ocrx_word' id='word_1_185' title='bbox 1857 3749 1966 3852; x_wconf 85' lang='lat' dir='ltr'>velle</span> 
     </span>
     <span class='ocr_line' id='line_1_25' title="bbox 504 3893 1968 4035; baseline 0.003 -43"><span class='ocrx_word' id='word_1_186' title='bbox 504 3929 550 3992; x_wconf 88' lang='lat' dir='ltr'>se</span> <span class='ocrx_word' id='word_1_187' title='bbox 586 3893 897 4034; x_wconf 89' lang='lat' dir='ltr'>Melignanum</span> <span class='ocrx_word' id='word_1_188' title='bbox 932 3894 1231 4015; x_wconf 88' lang='lat' dir='ltr'>contendere,</span> <span class='ocrx_word' id='word_1_189' title='bbox 1278 3931 1322 3997; x_wconf 87' lang='lat' dir='ltr'>et</span> <span class='ocrx_word' id='word_1_190' title='bbox 1368 3928 1500 3997; x_wconf 90' lang='lat' dir='ltr'>noctu</span> <span class='ocrx_word' id='word_1_191' title='bbox 1545 3895 1688 3998; x_wconf 89' lang='lat' dir='ltr'>hostes</span> <span class='ocrx_word' id='word_1_192' title='bbox 1729 3895 1968 4035; x_wconf 86' lang='lat' dir='ltr'>imparatos</span> 
     </span>
     <span class='ocr_line' id='line_1_26' title="bbox 507 4032 1966 4182; baseline 0.001 -46"><span class='ocrx_word' id='word_1_193' title='bbox 507 4069 552 4136; x_wconf 89' lang='lat' dir='ltr'>et</span> <span class='ocrx_word' id='word_1_194' title='bbox 577 4032 859 4174; x_wconf 76' lang='lat' dir='ltr'>&#39;inopinantes</span> <span class='ocrx_word' id='word_1_195' title='bbox 899 4038 1102 4160; x_wconf 89' lang='lat' dir='ltr'>adoriri,</span> <span class='ocrx_word' id='word_1_196' title='bbox 1145 4038 1264 4159; x_wconf 90' lang='lat' dir='ltr'>via,</span> <span class='ocrx_word' id='word_1_197' title='bbox 1306 4079 1418 4180; x_wconf 91' lang='lat' dir='ltr'>quae</span> <span class='ocrx_word' id='word_1_198' title='bbox 1458 4040 1768 4182; x_wconf 88' lang='lat' dir='ltr'>Melignanum</span> <span class='ocrx_word' id='word_1_199' title='bbox 1811 4039 1966 4160; x_wconf 93' lang='lat' dir='ltr'>ducit,</span> 
     </span>
     <span class='ocr_line' id='line_1_27' title="bbox 503 4175 1967 4324; baseline 0.005 -46"><span class='ocrx_word' id='word_1_200' title='bbox 503 4175 821 4317; x_wconf 71' lang='lat' dir='ltr'>proficisciturs</span> <span class='ocrx_word' id='word_1_201' title='bbox 858 4179 1126 4322; x_wconf 85' lang='lat' dir='ltr'>paulumque</span> <span class='ocrx_word' id='word_1_202' title='bbox 1162 4221 1446 4324; x_wconf 89' lang='lat' dir='ltr'>progressus,</span> <span class='ocrx_word' id='word_1_203' title='bbox 1492 4222 1594 4284; x_wconf 91' lang='lat' dir='ltr'>cum</span> <span class='ocrx_word' id='word_1_204' title='bbox 1633 4192 1725 4316; x_wconf 89' lang='lat' dir='ltr'>jam</span> <span class='ocrx_word' id='word_1_205' title='bbox 1769 4180 1967 4286; x_wconf 90' lang='lat' dir='ltr'>hostium</span> 
     </span>
     <span class='ocr_line' id='line_1_28' title="bbox 502 4321 1963 4465; baseline 0.008 -46"><span class='ocrx_word' id='word_1_206' title='bbox 502 4321 797 4460; x_wconf 82' lang='lat' dir='ltr'>exploratores</span> <span class='ocrx_word' id='word_1_207' title='bbox 832 4322 1129 4438; x_wconf 81' lang='lat' dir='ltr'>renuntiatum</span> <span class='ocrx_word' id='word_1_208' title='bbox 1165 4326 1399 4436; x_wconf 77' lang='lat' dir='ltr'>discessisse</span> <span class='ocrx_word' id='word_1_209' title='bbox 1434 4359 1640 4465; x_wconf 88' lang='lat' dir='ltr'>putaret,</span> <span class='ocrx_word' id='word_1_210' title='bbox 1675 4323 1963 4430; x_wconf 86' lang='lat' dir='ltr'>Theodorum</span> 
     </span>
     <span class='ocr_line' id='line_1_29' title="bbox 501 4464 1960 4610; baseline 0.002 -46"><span class='ocrx_word' id='word_1_211' title='bbox 501 4464 796 4603; x_wconf 90' lang='lat' dir='ltr'>Epirensem,</span> <span class='ocrx_word' id='word_1_212' title='bbox 834 4469 913 4606; x_wconf 90' lang='lat' dir='ltr'>qui</span> <span class='ocrx_word' id='word_1_213' title='bbox 948 4469 1093 4606; x_wconf 87' lang='lat' dir='ltr'>paucis</span> <span class='ocrx_word' id='word_1_214' title='bbox 1130 4467 1354 4610; x_wconf 90' lang='lat' dir='ltr'>equitibus</span> <span class='ocrx_word' id='word_1_215' title='bbox 1389 4509 1490 4570; x_wconf 91' lang='lat' dir='ltr'>suae</span> <span class='ocrx_word' id='word_1_216' title='bbox 1526 4469 1719 4573; x_wconf 83' lang='lat' dir='ltr'>nationis</span> <span class='ocrx_word' id='word_1_217' title='bbox 1754 4502 1960 4610; x_wconf 77' lang='lat' dir='ltr'>praeerat,</span> 
     </span>
     <span class='ocr_line' id='line_1_30' title="bbox 499 4608 1958 4749; baseline -0.002 -39"><span class='ocrx_word' id='word_1_218' title='bbox 499 4608 555 4710; x_wconf 78' lang='lat' dir='ltr'>ad</span> <span class='ocrx_word' id='word_1_219' title='bbox 579 4629 639 4705; x_wconf 77' lang='lat' dir='ltr'>&#39;se&#39;</span> <span class='ocrx_word' id='word_1_220' title='bbox 675 4639 845 4725; x_wconf 74' lang='lat' dir='ltr'>vocat,</span> <span class='ocrx_word' id='word_1_221' title='bbox 877 4643 1126 4748; x_wconf 87' lang='lat' dir='ltr'>agmenque</span> <span class='ocrx_word' id='word_1_222' title='bbox 1159 4633 1466 4749; x_wconf 80' lang='lat' dir='ltr'>praecurrere,</span> <span class='ocrx_word' id='word_1_223' title='bbox 1504 4648 1550 4713; x_wconf 92' lang='lat' dir='ltr'>ct</span> <span class='ocrx_word' id='word_1_224' title='bbox 1584 4653 1693 4721; x_wconf 57' lang='lat' dir='ltr'>curn,</span> <span class='ocrx_word' id='word_1_225' title='bbox 1722 4611 1868 4728; x_wconf 86' lang='lat' dir='ltr'>hostili</span> <span class='ocrx_word' id='word_1_226' title='bbox 1885 4645 1893 4652; x_wconf 85' lang='lat'>·</span> <span class='ocrx_word' id='word_1_227' title='bbox 1911 4616 1958 4707; x_wconf 71' lang='lat' dir='ltr'>es-</span> 
     </span>
     <span class='ocr_line' id='line_1_31' title="bbox 459 4745 1963 4908; baseline -0.001 -56"><span class='ocrx_word' id='word_1_228' title='bbox 459 4849 460 4852; x_wconf 9' lang='lat'><em>*</em></span> <span class='ocrx_word' id='word_1_229' title='bbox 498 4750 704 4896; x_wconf 71' lang='lat' dir='ltr'>quitatu&#39;,</span> <span class='ocrx_word' id='word_1_230' title='bbox 741 4753 776 4864; x_wconf 84' lang='lat' dir='ltr'>si</span> <span class='ocrx_word' id='word_1_231' title='bbox 810 4745 926 4855; x_wconf 85' lang='lat' dir='ltr'>forte</span> <span class='ocrx_word' id='word_1_232' title='bbox 962 4788 1200 4908; x_wconf 72' lang='lat' dir='ltr'>occurrat,</span> <span class='ocrx_word' id='word_1_233' title='bbox 1236 4753 1484 4897; x_wconf 84' lang='lat' dir='ltr'>praelium,</span> <span class='ocrx_word' id='word_1_234' title='bbox 1520 4760 1632 4869; x_wconf 86' lang='lat' dir='ltr'>dum</span> <span class='ocrx_word' id='word_1_235' title='bbox 1674 4758 1766 4900; x_wconf 83' lang='lat' dir='ltr'>ipse</span> <span class='ocrx_word' id='word_1_236' title='bbox 1784 4747 1791 4764; x_wconf 82' lang='lat'>&#39;</span> <span class='ocrx_word' id='word_1_237' title='bbox 1807 4755 1963 4873; x_wconf 76' lang='lat' dir='ltr'>adest,</span> 
     </span>
    </p>

    <p class='ocr_par' dir='ltr' id='par_1_5' title="bbox 504 4935 1961 4999">
     <span class='ocr_line' id='line_1_32' title="bbox 504 4935 1961 4999; baseline -0.001 0"><span class='ocrx_word' id='word_1_238' title='bbox 504 4957 508 4964; x_wconf 95' lang='lat'>·</span> <span class='ocrx_word' id='word_1_239' title='bbox 1833 4935 1961 4999; x_wconf 88' lang='lat' dir='ltr'>com-</span> 
     </span>
    </p>
   </div>
   <div class='ocr_carea' id='block_1_4' title="bbox 0 0 2154 5972">
    <p class='ocr_par' dir='ltr' id='par_1_6' title="bbox 0 0 2154 5972">
     <span class='ocr_line' id='line_1_33' title="bbox 0 0 2154 5972; baseline 0 0"><span class='ocrx_word' id='word_1_240' title='bbox 0 0 2154 5972; x_wconf 95' lang='lat' dir='ltr'> </span> 
     </span>
    </p>
   </div>
  </div>
 </body>
</html>
