4284 5982
686 427 806 500 VITA
837 427 905 499 ET
929 428 1129 502 SCRIPTA
1471 429 1619 500 XCVII.

175 546 277 640 enim
309 577 511 688 praeceptq
529 608 543 656 ‚
573 577 673 666 quae
690 548 854 668 Regibus
872 579 895 636 a
913 549 995 637 viris
1023 546 1249 662 sapientibus
1265 552 1431 654 dantur,
1460 548 1498 635 in
1533 551 1635 640 hunc

177 669 309 756 locum
333 698 559 787 congessisse
582 669 742 757 videtur.
775 669 888 764 Quae
907 668 1063 784 quidem
1078 695 1215 753 cuncta
1241 700 1359 754 unum
1384 669 1524 755 exitum
1553 704 1629 786 spe·

167 812 277 872 crare
303 788 395 874 dicit
424 847 439 893 ‚
471 815 517 874 ut
545 791 627 873 Rex
654 812 737 873 tota
761 810 887 872 mente
918 786 1101 902 omnique
1125 813 1200 900 ope
1229 787 1267 872 in
1294 817 1378 874 eam
1411 817 1537 872 euram
1567 791 1628 876 in-

165 905 359 1008 cumbat,
390 929 434 992 ut
451 911 628 1020 aRegno
655 930 829 1019 suscepto
856 902 1132 1010 calamitatem,
1156 906 1185 988 si
1208 932 1285 1018 qua
1309 906 1483 1011 laboret,
1511 907 1626 1021 depe·

165 1020 265 1124 llat3
294 1019 507 1110 felicitatem
534 1047 679 1138 partam
705 1023 814 1108 rebus
836 1023 1013 1110 omnibus
1044 1049 1257 1110 conservet.
1291 1024 1412 1138 Regni
1430 1049 1557 1109 autem
1573 1022 1626 1112 fe·

165 1135 348 1226 licitatem
369 1141 471 1227 ineo
496 1141 656 1255 positam
683 1141 836 1248 statuit,
866 1140 895 1226 si
921 1165 1004 1228 tum
1022 1169 1145 1227 rerum
1162 1142 1212 1227 ad
1238 1170 1323 1226 usus
1339 1141 1561 1248 necessarios
1586 1169 1626 1231 et

165 1255 338 1343 liberales
352 1258 617 1372 pertinentium
629 1260 765 1374 copia,
783 1283 866 1345 tum
883 1287 975 1375 pace
989 1257 1136 1345 fruatur
1155 1289 1166 1344 r
1183 1259 1348 1344 siomnis
1374 1260 1468 1354 absit
1491 1256 1622 1371 injuria

167 1400 253 1459 non
274 1375 400 1460 solunt
426 1375 478 1462 ab
504 1375 673 1464 hostibus
700 1378 879 1484 externis,
907 1373 973 1463 sed
1003 1377 1157 1463 etiama
1179 1377 1356 1464 seditiosis
1380 1403 1419 1464 et
1444 1377 1623 1492 improbis

167 1490 348 1578 civibus:
372 1492 401 1579 si
425 1493 524 1582 cives
544 1497 594 1582 ad
610 1523 726 1582 omne
742 1495 926 1584 virtutum
941 1523 1090 1614 genus,
1106 1496 1238 1611 quoad
1262 1494 1340 1581 lieri
1356 1497 1495 1610 possit,
1518 1524 1623 1582 exer·

170 1633 344 1696 ceantur.
376 1611 500 1712 Quod
516 1615 606 1700 Rex
620 1613 758 1729 duplici
772 1614 916 1702 rarione
934 1613 1157 1728 praestabit:
1176 1613 1338 1727 primum
1352 1611 1510 1700 ferendis
1528 1613 1623 1729 legi·

172 1726 552 1847 busoprimis,.quae
580 1730 708 1819 virtuti
730 1732 901 1849 egregiae
930 1730 1093 1847 praemia
1120 1754 1367 1846 proponant,
1392 1730 1622 1846 improbitati

172 1873 318 1960 poenas
332 1848 589 1936 constituant:
606 1849 745 1936 deinde
758 1848 932 1966 exemplo
947 1848 1088 1938 civibus
1102 1850 1153 1935 ad
1169 1871 1307 1935 rectam
1324 1849 1478 1936 vivendi
1502 1845 1622 1935 ratio}
1712 1915 1713 1918 a

171 1991 263 2048 nem
289 1965 548 2053 cohortandis
579 1971 726 2084 Regem
740 1968 831 2054 dare
844 1995 999 2082 operam
1015 1991 1198 2081 oportet,
1214 1991 1260 2053 ut
1282 1967 1454 2054 omnium
1479 1965 1618 2052 civium

173 2082 290 2167 animi
304 2083 355 2168 ad
380 2083 436 2169 sui
451 2085 753 2172 benevolentiam
770 2085 985 2172 alliciantur.
1015 2085 1140 2179 Quod
1154 2111 1371 2201 assequetur
1387 2085 1549 2198 primum
1564 2085 1619 2198 ju·

172 2199 305 2304 stiria,
320 2199 349 2286 si
364 2230 531 2288 summos
542 2231 630 2288 cum
646 2202 781 2287 infimis
796 2203 873 2318 pari
889 2202 969 2315 jure
982 2201 1198 2305 contineat,
1224 2203 1363 2287 nemini
1378 2199 1546 2312 injuriam
1563 2202 1621 2287 in-

175 2311 452 2430 ierripariaturr
470 2321 607 2407 deinde
622 2319 887 2406 liberalitateet
904 2317 1207 2438 magnificentia,
1224 2319 1360 2433 quibus
1376 2318 1621 2405 multitudinis
1683 2401 1685 2406 ,
1778 2383 1781 2386 -

177 2434 379 2519 caritatem
387 2437 452 2522 sibi
465 2437 687 2523 conciliabit.
721 2437 795 2523 Sed
811 2437 940 2524 hocin
958 2465 1095 2554 genere
1109 2437 1322 2524 cavendum
1339 2435 1372 2520 ei
1389 2460 1469 2541 est,
1484 2464 1533 2522 ne
1549 2435 1618 2521 lar·

175 2550 555 2666 gitionibusmaxime
572 2555 758 2672 perpetuis
780 2555 1046 2671 rempublicam
1062 2577 1260 2659 extenuet,
1277 2578 1316 2640 et
1331 2553 1478 2668 publica
1504 2555 1621 2669 regia·

172 2695 254 2782 que
280 2671 472 2788 vectigalia
489 2701 718 2791 magnopere
736 2673 892 2759 minuat.
923 2678 1055 2789 ltaque
1080 2700 1161 2758 non
1188 2698 1327 2758 temere
1349 2672 1418 2759 viri
1441 2671 1621 2786 sapientes

175 2783 436 2902 largitionibus
460 2789 640 2878 sermonis
669 2787 921 2877 affabilitatem
948 2790 987 2876 in
1005 2794 1109 2906 Rege
1129 2789 1383 2903 praetulerunt
1400 2849 1411 2894 ,
1427 2817 1527 2905 quae
1550 2789 1622 2874 sei·

175 2901 265 2988 liter
279 2905 502 3020 gravitatem
517 2906 754 3024 Regiumque
768 2907 996 3020 majestatem
1012 2908 1195 3012 retineat,
1212 2907 1263 2992 ad
1287 2907 1528 2994 multitudinis
1540 2906 1623 2990 ani·
1711 2937 1714 2944 ·

177 3047 263 3105 mos
286 3023 552 3112 conciliandos.
582 3029 762 3111 Cetersun
786 3025 894 3112 aliud.
903 3049 960 3112 est
975 3024 1170 3140 largitione
1194 3023 1432 3140 popularium
1453 3026 1623 3112 benevo-

174 3134 330 3224 lentiam
359 3144 590 3247 consuctatr’,
619 3143 728 3259 quod
751 3167 807 3229 est
833 3147 938 3258 Rege
964 3143 1189 3259 indignum,
1217 3142 1317 3229 aliud
1344 3142 1532 3258 egregiam
1548 3140 1619 3227 vir·

173 3259 454 3344 mternmoiris
468 3260 637 3374 praemiis
651 3258 948 3366 nonnaudrre,
978 3259 1087 3378 quod
1103 3281 1163 3346 est
1173 3255 1339 3346 officium
1355 3260 1466 3376 Regis
1483 3259 1619 3372 ,pertir

93 3449 103 3462 ,
172 3374 382 3489 netqrread
398 3373 572 3486 justitiam
588 3376 705 3494 magis
726 3371 839 3465 etiam
857 3437 869 3485 ,
886 3403 1002 3494 quam
1025 3375 1075 3463 ad
1098 3376 1368 3464 liberalitatem.
1401 3376 1495 3462 Illud
1519 3403 1618 3492 quo·

171 3487 556 3605 quejustitiaeest-et-
572 3495 838 3601 humanitatis,
853 3519 897 3581 ut
912 3490 1056 3582 scadin‘
1072 3495 1163 3580 Rern
1184 3495 1289 3581 certis
1316 3493 1543 3608 temporibus
1564 3490 1615 3577 fa·

175 3607 428 3722 cilepariatut
445 3635 514 3716 ,et
528 3613 583 3698 sui
598 3613 847 3700 conveniendi
864 3635 1088 3728 potesatem
1104 3609 1226 3698 saciat.
1248 3613 1312 3700 Ad
1328 3641 1512 3698 summam
1526 3611 1622 3726 Regi

173 3749 234 3810 est
262 3725 381 3811 enarra
403 3751 524 3842 atque
550 3728 661 3814 etiam
686 3731 901 3817 cavendum
918 3792 931 3837 ,
947 3759 995 3816 ue
1008 3759 1120 3816 avare
1137 3788 1152 3837 ,
1168 3759 1266 3818 neve
1280 3729 1438 3844 superbe
1452 3753 1517 3814 aut
1532 3755 1617 3810 cru·

175 3840 705 3958 delirorimperaremdaarur.
740 3853 799 3932 Ex
814 3848 985 3934 ltisenim
1001 3849 1259 3934 rebus-odium
1275 3848 1440 3932 et'timor
1456 3843 1618 3960 popula·

173 3959 279 4043 ribus
292 3959 494 4049 innascitur
510 3963 677 4079 ‚quibus
704 3965 807 4051 malis
832 3965 922 4049 nihil
951 3989 1006 4050 est
1028 3965 1179 4050 alienius
1193 3966 1246 4050 ad
1269 3986 1619 4079 opes·regnumque

176 4075 380 4163 tuendum.
414 4079 508 4166 lllud
523 4081 636 4166 etiam
652 4082 857 4170 tenendum
875 4107 951 4186 est,
976 4111 1064 4166 cum
1081 4108 1223 4169 ceteros
1241 4080 1439 4195 ,quireip
1457 4081 1616 4196 judiciis-

178 4219 255 4306 que
269 4219 446 4307 praesunt
457 4257 472 4301 ,
485 4220 568 4282 tum
586 4199 744 4285 maxime
761 4204 905 4315 Regem
921 4199 1054 4283 decere
1068 4259 1080 4302 ,
1096 4196 1146 4283 ad
1168 4196 1438 4285 absolvendum
1457 4256 1472 4305 ,
1498 4227 1615 4313 quam

177 4309 228 4395 ad
251 4312 628 4418 condemnanduma-
647 4317 701 4402 ad
729 4314 1042 4420 misericordiam,
1069 4343 1184 4429 quam
1210 4316 1259 4401 ad
1275 4317 1506 4402 severitatem
1531 4344 1619 4429 pro·

150 4507 152 4512 ,
175 4425 440 4516 clivioresesse
453 4455 529 4538 pet
546 4432 770 4548 aequitatem
787 4432 929 4548 ubique
953 4461 1103 4518 summo
1121 4432 1218 4548 juri,
1244 4458 1428 4546 quatenus
1445 4461 1500 4519 res
1523 4435 1615 4547 pati·

175 4565 264 4649 tur,
278 4543 474 4658 praeferre.
503 4550 595 4645 Qua
614 4550 800 4665 aequitate
816 4550 1070 4638 introductum
1088 4575 1157 4658 est,
1176 4575 1221 4636 ur
1235 4549 1274 4634 in
1292 4550 1432 4636 delicto*
1446 4550 1494 4637 ad
1512 4552 1618 4667 pluri·

179 4687 263 4745 mos
290 4664 498 4777 pertinente
521 4666 748 4753 multitudini
772 4693 945 4784 parcatur
960 4728 974 4775 ,
991 4670 1030 4754 in
1047 4693 1217 4755 auctores
1236 4667 1488 4783 principesque
1506 4667 1619 4756 scele-

179 4776 228 4861 ris
245 4777 465 4868 vindicetur.
497 4784 593 4879 Quo
606 4781 644 4868 in
663 4815 798 4902 genere
812 4784 981 4900 sapientis
997 4809 1036 4870 et
1051 4786 1205 4870 humani
1222 4786 1333 4900 Regis
1349 4810 1430 4892 est,
1447 4809 1490 4870 ut
1505 4789 1619 4873 bene·

182 4890 499 5099 ficiqvirtultisque
526 4901 689 5019 praemia
702 4964 721 5012 ,2
731 4903 781 4990 sic
809 4928 1016 4992 erratorum
1032 4963 1045 5008 ,
1061 4930 1150 4991 cum
1175 4928 1354 5020 oportet,
1376 4903 1524 4993 vertiam
1553 4928 1620 5018 per

281 5040 350 5099 om.
384 5077 398 5105 .
983 5023 1025 5108 N
1584 5046 1625 5106 sc
