4294 5972
559 399 646 516 362
959 413 1044 498 on
1088 411 1288 496 nunus
1330 408 1548 496 onsrrs

517 587 774 692 Hazenus,
818 604 868 671 ut
922 603 1072 711 postea
1120 568 1356 712 cognitum
1403 606 1467 671 est
1493 648 1518 692 ,a
1552 604 1765 712 praestare
1808 570 1985 715 potuit,

518 721 682 864 partim
718 751 897 858 propter
933 713 1165 853 inopiam,
1201 713 1257 812 ad
1296 755 1434 856 quam
1470 711 1784 818 miserabiliter·
1805 751 1897 818 erat
1918 761 1981 823 re·

394 837 410 864 ⁸
517 868 698 983 dactus,
729 861 893 1003 partim
931 857 1149 998 quoniam
1184 855 1430 959 Charadini
1465 859 1695 999 diligentia
1734 895 1779 961 et
1821 900 1978 1006 magna

518 1008 725 1110 mercede
773 1007 1007 1105 Nomades
1045 1000 1228 1103 abducti
1265 997 1468 1123 fuerant,
1502 1041 1617 1144 quos
1651 1013 1859 1106 Hazenus
1890 1047 1981 1148 pre·

519 1148 642 1254 cibus
688 1183 731 1248 et
780 1142 1175 1290 pollicitationibus
1224 1145 1328 1248 duci
1377 1186 1545 1287 posse,
1590 1181 1641 1246 ut
1688 1147 1854 1249 auxilio
1902 1149 1985 1254 sibi

519 1330 675 1398 contra
703 1329 944 1429 tyrannum
976 1285 1281 1392 Charadinum
1306 1327 1475 1412 essent,
1496 1326 1771 1430 speraverat.
1809 1303 1881 1394 De
1907 1335 1984 1394 cu-

519 1449 589 1573 jus
634 1429 877 1538 Charadrni
920 1429 1111 1535 consiliis
1155 1467 1200 1534 et
1245 1433 1405 1536 bellico
1451 1469 1659 1576 apparatu
1700 1473 1763 1536 res
1805 1474 1983 1577 poscere

519 1583 729 1703 videtur,
757 1617 807 1684 ut
841 1587 962 1714 jam,
990 1616 1105 1719 quae
1141 1611 1244 1718 post
1279 1589 1372 1711 ejus
1398 1573 1564 1718 ¹fugam
1582 1615 1652 1679 ¹er
1688 1579 1983 1719 quibusdam,

522 1727 606 1869 qui
650 1763 755 1828 cum
810 1765 869 1826 eo
910 1715 1117 1843 fuerant,
1158 1721 1341 1863 cognita
1391 1755 1529 1844 sunt,
1578 1761 1718 1864 pauca
1767 1727 1981 1866 quaedam

520 1907 847 1971 memoremus.
2128 1855 2129 1880 Ν

590 2021 764 2114 XXIV.
836 2003 1109 2112 Charadinus
1153 2004 1286 2112 initio
1329 2046 1434 2111 cum
1469 2007 1525 2110 de
1567 2005 1729 2110 bellico
1770 2048 1978 2152 apparatu

520 2155 669 2258 Caroli
705 2151 959 2254 nuntiatum
993 2145 1180 2274 fuisset,
1217 2148 1376 2256 falsum
1404 2193 1491 2254 esse
1526 2191 1748 2254 rumorem
1788 2157 1914 2256 etad
1939 2197 1981 2257 se

519 2298 811 2400 territandum
851 2293 1094 2399 confictum
1130 2297 1407 2418 crediderat,
1439 2331 1515 2400 aut
1550 2333 1665 2399 certe
1703 2335 1799 2397 rem
1833 2295 1979 2430 hujus-

518 2442 648 2546 modi
684 2437 815 2561 fore,
848 2480 963 2584 quae
999 2441 1213 2583 impedire
1240 2442 1398 2584 'magis
1441 2475 1587 2583 posset
1628 2481 1727 2541 suos
1771 2477 1979 2566 conatus,

518 2617 657 2724 quam
691 2582 844 2726 Regni
878 2582 1109 2726 classisque
1146 2622 1368 2687 summam
1402 2583 1450 2686 in
1486 2584 1721 2686 discrimen
1741 2587 1967 2688 adducere.

518 2729 600 2830 Sed
638 2762 789 2869 postea
823 2763 926 2828 uam
963 2726 1321 2832 Christianorum
1358 2729 1677 2869 quorumdam,
1698 2731 1849 2830 Caroli
1879 2769 1979 2832 coe·

518 2869 607 3012 ptis
643 2869 755 2971 nihil
791 2767 1085 2994 iuventium,
1122 2913 1173 2973 ac
1223 2872 1517 2976 invidentium
1560 2873 1748 3016 potius,
1788 2913 1893 2976 cura
1938 2913 1979 2976 et

519 3013 687 3118 indicio
722 3011 776 3115 de
811 3053 979 3158 magno
1031 3016 1174 3118 classis
1216 3053 1261 3117 et
1309 3017 1520 3119 exercitus
1575 3053 1788 3157 apparatu
1838 3029 1979 3120 Caro·

436 3207 438 3212 v
521 3156 642 3298 lique
686 3157 913 3260 voluntate
956 3159 1084 3299 plane
1122 3161 1379 3302 cognovit,
1419 3161 1549 3262 variis
1585 3161 1699 3261 curis
1744 3195 1880 3303 atque
1920 3163 1979 3262 ti-

521 3297 719 3402 moribus
756 3300 1095 3406 distrahebatur.
1148 3314 1272 3406 Nam
1321 3305 1501 3405 classem
1536 3339 1693 3428 suam,
1738 3315 1981 3407 Tunetem-

520 3481 609 3584 que
643 3439 874 3549 defendere
903 3482 1055 3547 contra
1090 3483 1230 3550 tantas
1266 3448 1469 3568 navales,
1498 3485 1802 3590 terrestresque
1832 3451 1983 3594 copias

519 3583 699 3721 difficile
734 3583 828 3691 fore
864 3587 1124 3730 reputabat,
1161 3592 1413 3732 praesertim
1447 3603 1608 3734 Regno
1644 3593 1849 3694 nondum
1883 3595 1985 3696 satis
2046 3589 2051 3595 i

520 3729 810 3861 confirmato.
854 3745 1021 3836 Rursus
1066 3735 1443 3876 opulentissimam
1485 3731 1661 3838 Africae
1701 3734 1903 3859 urbem,
1945 3775 1987 3839 et

520 3876 577 3974 ad
613 3872 778 3976 bellum
814 3876 1073 3978 Christianis
1109 3872 1360 3980 faciendum
1397 3915 1801 4020 peropportunam,
1825 3917 1987 4023 sponte

520 4057 598 4120 sua
632 4019 829 4163 citraque
875 4057 1110 4160 pugnam,
1154 4023 1341 4126 deserere
1382 4023 1563 4124 stultum
1602 4023 1731 4125 simul
1771 4061 1816 4124 et
1851 4027 1987 4168 igna-

518 4199 629 4262 vum
664 4202 754 4264 esse
790 4161 1048 4264 videbatur.
1089 4175 1195 4266 Hoc
1230 4205 1334 4268 cum
1370 4166 1534 4268 diutius
1571 4208 1717 4270 seeum
1752 4167 1986 4309 agitasset,

521 4304 821 4448 adhibitisque
857 4344 1040 4408 suorum
1077 4305 1296 4412 fidissimis
1338 4307 1648 4434 deliberasset,
1685 4309 1875 4414 ambitio
1924 4348 1986 4414 ta-

520 4484 625 4548 men
661 4483 704 4548 et
738 4449 953 4590 cupiditas
988 4449 1197 4556 timorem
1231 4455 1339 4556 vicit
1375 4455 1423 4556 in
1451 4455 1567 4557 elato
1603 4455 1786 4575 animo,
1815 4456 1980 4596 gloriae

521 4627 655 4733 atque
690 4593 840 4736 Regni
862 4594 1178 4735 cupidissimo.
1219 4606 1319 4700 Nec
1347 4601 1644 4739 quorumdam
1672 4637 1849 4701 suorum
1879 4634 1980 4696 con-

520 4737 667 4841 silium
703 4775 747 4841 et
783 4775 952 4846 momta
988 4741 1161 4886 putavit
1203 4743 1512 4866 admittenda,
1545 4745 1626 4888 qui
1670 4781 1775 4846 eum
1816 4738 1984 4844 dehor-

1911 4917 1984 4983 ta-
