4294 5984
584 494 828 588 cauom
870 503 923 586 V.
965 504 1080 584 LIB.
1130 506 1222 584 111.
1529 513 1584 606 91

153 653 407 804 proceribus
443 657 633 763 studiose
670 695 883 803 praestare
924 658 1247 799 perseveravit,
1292 697 1344 760 ac
1386 657 1627 799 plurimum

153 799 301 908 obfuit
337 805 531 927 Comitis
567 803 829 925 conatibus,
866 842 1015 906 exorsa
1051 802 1256 905 videlicet
1292 844 1318 905 a
1354 842 1488 946 capto
1525 815 1624 913 An-

151 951 282 1054 tonio
319 949 539 1053 Gomeeio
589 950 736 1084 Ajala.
785 947 878 1052 Hic
917 947 1036 1050 enim
1078 948 1125 1050 in
1167 948 1452 1053 Cantabriam
1498 958 1625 1095 quasi

145 1132 322 1240 praetor
346 1105 452 1198 cuni
475 1095 606 1241 plena
635 1097 740 1230 juris
772 1094 949 1198 dicendi
977 1088 1214 1214 facultate,
1236 1132 1376 1236 utque
1408 1095 1621 1206 Salvator-

149 1280 224 1343 rac
261 1241 494 1344 Comitem
529 1242 588 1344 eis
630 1237 886 1386 regionibus
929 1235 1201 1382 praefectum
1252 1243 1500 1386 ducemque
1547 1247 1622 1348 da-

148 1417 249 1489 tum
285 1387 583 1508 renuntiaret,
620 1427 673 1487 ex
708 1385 894 1488 consilio
938 1385 1190 1492 Torsillano
1232 1385 1387 1490 missus
1430 1390 1487 1489 ad
1509 1402 1622 1492 'Co-

143 1531 305 1656 mitem
346 1533 555 1635 eumdem
596 1567 814 1651 venerat,
863 1530 1140 1675 acceptisque
1194 1531 1252 1636 ab
1294 1575 1350 1636 eo
1394 1536 1619 1640 custodiae

143 1676 285 1820 gratia
312 1677 640 1822 quinquaginta
668 1673 955 1794 satellitibus,
983 1675 1232 1782 Victoriam
1263 1680 1484 1824 oppidum
1519 1721 1618 1787 con·

143 1822 316 1944 tendit,
353 1859 403 1926 ut
438 1822 506 1927 ibi
533 1823 814 1966 potissimum
846 1819 1156 1964 magistratum
1193 1862 1393 1965 gereret,
1432 1863 1476 1927 et
1513 1868 1618 1931 con-

142 1965 231 2068 silii
266 1971 476 2071 mandata
517 2003 849 2110 exsequeretur:
893 2005 1092 2107 quotum
1132 1971 1352 2110 quaedam
1389 1971 1438 2072 in
1473 1978 1617 2109 Jaco-

140 2107 254 2216 bum
278 2113 528 2217 Martinum
550 2112 735 2214 Alavam
773 2118 865 2242 ejus
902 2110 1158 2251 provinciae
1189 2115 1467 2257 magistratui
1503 2154 1616 2257 prae·
1745 2223 1747 2234 ,

137 2247 340 2375 fectum,
376 2258 457 2400 qui
484 2259 710 2392 lDeputatus
743 2254 891 2397 patrio
926 2292 1050 2356 more
1084 2293 1400 2398 nuncupatur,
1434 2269 1616 2402 ejusque
1685 2275 1687 2278 ’

137 2401 422 2642 gropinquos
457 2401 667 2541 privatim
702 2433 946 2540 acceperat.
990 2407 1117 2500 Haec
1162 2401 1283 2501 enim
1324 2396 1493 2501 familia
1539 2444 1614 2506 no

170 2541 240 2642 ilis
282 2543 331 2644 in
375 2544 531 2685 primis
575 2555 667 2678 ejus
711 2542 901 2646 civitatis
943 2585 996 2644 ex
1032 2542 1278 2665 omnibus,
1322 2545 1615 2688 pertinacissi-

137 2722 213 2786 me
246 2688 510 2829 popularem
541 2728 719 2790 causam
749 2687 1070 2831 oppugnabat,
1106 2724 1152 2789 et
1182 2685 1245 2790 ob
1273 2708 1380 2790 eam'
1403 2728 1496 2791 rem
1525 2692 1615 2831 pri·

137 2829 271 2932 matii
306 2837 398 2966 ejus
435 2833 749 2976 perduellionis
783 2833 969 2940 nomine
1003 2825 1177 2936 fuerant
1213 2833 1262 2935 in
1291 2834 1478 2937 consilio
1505 2841 1615 2940 Tot·

138 2974 297 3079 sillano
333 2978 552 3082 damnati.
591 2978 789 3116 Jacobus
825 2980 964 3123 igitur
1000 2978 1223 3080 Martinus
1259 3015 1358 3081 tum
1393 2977 1479 3082 sibi
1513 2980 1613 3106 suis·

137 3161 263 3264 que,
298 3158 398 3226 turn
426 3125 583 3270 Regiis
620 3120 869 3228 rationibus
905 3159 1104 3227 metuens
1140 3163 1424 3268 cavensque,
1459 3161 1613 3228 coacta
1725 3217 1727 3222 ,

138 3267 501 3412 propinquorum
547 3270 888 3413 amicorumque
936 3309 1109 3392 manu,
1156 3270 1351 3372 Antonii
1404 3271 1613 3374 Gomecii

136 3409 390 3556 hospitium
425 3450 526 3519 ante
562 3415 708 3518 lucem
743 3416 948 3537 obsidet,
984 3414 1221 3557 ipsumque
1257 3416 1306 3519 in
1339 3414 1456 3518 lecto
1499 3413 1613 3518 nihil

134 3558 225 3662 tale
261 3596 531 3664 metuentem
566 3557 933 3701 comprehendit,
964 3598 1008 3663 et
1032 3561 1082 3664 in
1105 3599 1252 3665 arcem
1273 3562 1501 3683 Vemedi,
1538 3559 1613 3661 cui

136 3707 385 3808 Fcrnandus
421 3707 562 3811 Alava
597 3715 689 3838 ejus
724 3703 838 3808 filius
873 3741 1102 3851 praeerat,
1137 3706 1479 3811 custodiendum
1515 3703 1613 3805 mit·

134 3849 225 3973 tit,
254 3851 374 3953 unde
410 3888 562 3996 postea
589 3849 891 3976 Valdolitum,
926 3889 977 3956 ut
1012 3893 1188 3957 causam
1224 3861 1308 3993 pro
1345 3893 1388 3951 se
1425 3849 1611 3970 dicerer,

136 3995 355 4096 deductus
397 4034 484 4118 cst,
520 3999 841 4142 damnatusque
884 4038 986 4140 post
1026 4000 1221 4102 reditum
1258 3995 1441 4114 Caroli,
1478 4030 1611 4137 atque

132 4137 282 4280 capite
308 4142 562 4245 mulctatus.
594 4156 726 4267 Quae
750 4141 947 4247 hominis
984 4142 1132 4283 captio
1157 4139 1332 4244 Comiti
1354 4140 1611 4242 Salvatetrae

137 4282 447 4390 molestissima
481 4282 597 4407 brit,
630 4287 916 4431 multumque
950 4283 1008 4388 ab
1045 4327 1096 4389 ea
1132 4284 1308 4393 civitate
1343 4285 1547 4386 animum
1575 4323 1611 4388 e·

141 4437 209 4564 jus
246 4428 477 4533 alienavit.

211 4583 320 4676 XX.
398 4589 523 4680 Dum
558 4573 697 4721 igitur
731 4575 823 4681 itae
858 4578 1058 4722 odioque
1081 4575 1425 4683 Victotiensium
1462 4572 1614 4677 indul-

137 4753 217 4862 get
252 4732 449 4845 Comes,
484 4756 536 4823 ut
571 4722 629 4823 ab
664 4721 765 4845 his,
801 4726 1052 4866 praesertim
1088 4723 1146 4828 ab
1188 4725 1431 4828 Alavarum
1477 4714 1614 4821 fami-

141 4865 238 4994 lia,
265 4903 427 5010 poenas
469 4903 716 5012 expeteret,
752 4907 855 4972 curn
883 4911 965 4989 ea,
1001 4871 1057 4972 de
1094 4907 1182 5012 qua
1218 4869 1344 4990 dixi,
1380 4905 1517 4991 manu
1552 4863 1614 4964 si-

1163 5019 1254 5115 Mz
1516 5048 1615 5153 gnts
