4294 5984
597 487 857 570 ennom
903 485 958 568 v,
999 490 1118 567 ιιι.
1144 491 1205 568 ιι.
1542 475 1600 588 67

170 641 261 750 erit
296 678 342 746 et
378 639 607 786 postulatis
643 642 836 746 Antonii
873 637 1213 784 suffragabamr,
1250 642 1526 792 obsequendi
1551 692 1638 756 ιο·

166 789 384 891 luntatem
428 785 560 888 initio
608 825 831 930 spemque
865 779 1019 888 falsam
1066 791 1387 903 ostenderuntr
1432 801 1508 898 sed
1554 799 1633 904 ubi

166 929 327 1036 infesta
362 968 582 1037 tormenta
609 971 688 1074 per
722 933 816 1035 vias
848 964 898 1031 ¹ct
933 969 1188 1074 opportuna
1222 931 1319 1038 loca
1353 938 1518 1044 circum
1556 939 1631 1047 fo-

163 1117 266 1180 rum
287 1078 635 1217 disposuerant,
671 1113 786 1178 tunc.
814 1114 921 1177 veto
971 1077 1117 1219 palam
1159 1116 1317 1222 negare
1358 1123 1630 1226 coeperunt,

163 1262 209 1323 sc
244 1257 396 1324 contra
431 1222 547 1324 cives
583 1259 627 1324 et
663 1221 831 1323 amicos
868 1223 1088 1324 'tonnenta
1126 1226 1385 1328 tradituros.
1422 1239 1529 1332 Hoc
1566 1273 1630 1334 ac·

161 1403 293 1508 cepto
343 1405 553 1506 responso
604 1365 828 1466 Antonius
877 1401 956 1504 per
1005 1366 1241 1512 interrupta
1294 1412 1528 1476 murorum
1578 1378 1628 1482 in

163 1511 418 1652 oppidum,
454 1545 505 1610 ut
542 1544 714 1609 metum
750 1510 964 1609 incuteret
1007 1512 1270 1652 oppidanis,
1315 1517 1547 1661 irrumpit,
1589 1523 1625 1622 si

164 1689 308 1794 posset
332 1694 389 1753 ea-
413 1653 584 1754 ratione
613 1686 850 1770 tormenta,
877 1648 943 1756 his.
977 1651 1212 1776 submotis,
1239 1657 1478 1765 abducere.
1516 1676 1623 1784 Quo

165 1797 375 1939 temporis
412 1797 631 1940 vestigio,
668 1837 779 1898 cum
806 1835 937 1896 voces
972 1795 1169 1899 militum
1204 1808 1506 1940 quorumdam
1547 1850 1624 1910 ex-

161 1944 446 2063 audirentur,
482 1937 762 2043 inferendum
799 1982 886 2040 esse
921 1939 1128 2044 domibus
1164 1942 1351 2086 ignem,
1387 1989 1482 2089 quo
1518 1959 1623 2052 Me·-

160 2083 440 2226 thymnenses
476 2123 771 2188 averterentur
807 2124 834 2184 a
870 2121 1047 2227 pugnas
1084 2090 1340 2209 Antonius,
1376 2095 1623 2235 Ronquillo

162 2232 297 2332 etiarn
321 2235 613 2352 admonente,
641 2232 751 2352 suis,
777 2267 833 2328 ne
862 2230 973 2369 quid
1000 2229 1081 2332 tale
1107 2233 1435 2354 admitteretur,
1462 2239 1621 2342 denun·

159 2373 316 2493 tiavit,
352 2411 396 2475 et
430 2415 509 2516 per
546 2376 741 2478 dimissos
776 2374 951 2475 nuntios
986 2373 1328 2515 irrumpentibus
1364 2377 1622 2501 interdixit,

158 2551 210 2616 ut
246 2515 359 2618 mihi
394 2556 546 2660 postea
582 2556 755 2664 praetor
790 2520 882 2660 ipse
923 2555 1067 2620 sancte
1109 2528 1268 2650 juratus
1309 2521 1616 2628 confirmavit.

158 2659 241 2760 Sed
265 2658 354 2760 hoc
384 2701 410 2761 a
445 2668 744 2805 quorumdam
781 2663 1026 2764 temeritate
1061 2661 1288 2805 impetrari
1323 2705 1422 2768 non·
1453 2667 1622 2808 potuit,

159 2843 186 2904 a
222 2801 385 2947 quibus
420 2804 470 2907 in
504 2846 660 2950 paucas
695 2807 855 2906 domos
889 2805 1072 2936 injectus
1107 2807 1220 2946 ignis
1264 2846 1354 2912 tam
1395 2811 1527 2953 longe
1555 2811 1621 2910 la-

160 2982 293 3090 teque
328 2948 585 3053 incendium
619 2945 768 3069 fudit,
804 2986 855 3050 ut
890 2987 1052 3092 magna
1087 2987 1183 3088 pars
1219 2955 1404 3093 oppidi,
1440 2956 1620 3058 eadem-,-

160 3131 251 3234 que
284 3095 459 3235 potior,
487 3096 763 3238 deflagraret.
798 3101 897 3195 Nec
931 3129 1079 3196 tamen
1115 3093 1281 3196 idcirco
1312 3106 1622 3234 Methymnen-

161 3275 225 3337 ses
268 3235 325 3338 ab
366 3239 544 3380 incepto
586 3240 882 3358 destiterunt,
935 3237 1109 3340 incensa
1156 3269 1269 3340 tecta
1305 3239 1620 3383 negligentes,

159 3414 211 3480 ut
244 3416 464 3483 tormenta
498 3420 742 3486 tuerentur.
780 3393 934 3525 Itaque
975 3379 1198 3485 Antonius
1239 3417 1340 3486 turn
1384 3423 1458 3525 spe
1495 3381 1620 3486 bom·

161 3519 306 3627 bardis
341 3526 541 3669 potiendi
575 3528 791 3659 dejectus,
827 3561 926 3627 tum
961 3562 1011 3628 ut
1046 3527 1234 3669 spatium
1279 3524 1619 3670 facultatemque

161 3671 394 3812 oppidanis
440 3669 694 3773 incendium
736 3669 1039 3812 exstinguendi
1079 3673 1235 3790 daret,
1270 3714 1370 3775 suos
1404 3674 1620 3795 deducit,

161 3849 294 3962 atque
328 3854 373 3916 re
407 3806 567 3916 infecta
610 3813 819 3918 Torsillas
862 3852 1008 3916 versus
1046 3815 1277 3917 contendit
1313 3857 1368 3915 eo
1404 3815 1619 3933 consilio,

162 3991 216 4056 ut
260 3958 363 4058 inde
412 3959 635 4103 Reginam
680 3963 909 4097 Joannam
959 3957 1197 4060 Arevalum
1246 3958 1526 4059 commodius
1569 3995 1619 4058 ac

162 4100 374 4202 munitius
396 4105 617 4246 oppidum
648 4099 920 4225 transferret,
959 4143 1054 4244 quo
1088 4097 1256 4204 facilius
1280 4101 1483 4204 asservari
1520 4138 1620 4240 pos-

161 4274 256 4356 set,
303 4284 357 4344 ne
397 4245 445 4348 in
492 4247 776 4389 popularium
802 4255 1079 4390 potestatem
1128 4246 1410 4390 pervenirets
1465 4244 1622 4384 suique

162 4384 337 4489 consilii
377 4392 645 4494 Bernardum
688 4395 865 4496 Rosam
891 4391 1218 4494 Marchionem
1260 4389 1413 4493 Dianii
1453 4389 1618 4490 certio-

165 4567 259 4632 rem
294 4525 428 4653 facit,
450 4569 512 4633 ut
555 4539 694 4638 essent
733 4533 886 4640 omnia
926 4535 984 4637 ad
1025 4539 1268 4682 negotium⁴
1300 4531 1622 4639 conficiendum

164 4709 333 4813 parata:
369 4676 405 4777 is
434 4675 553 4779 enim
581 4682 785 4819 Reginae·
815 4681 940 4782 datus
957 4727 961 4734 ·
977 4687 1070 4785 eiat
1083 4731 1088 4739 ·
1103 4685 1151 4784 in
1187 4723 1247 4784 ea.
1273 4679 1434 4783 mentis
1464 4679 1623 4780 incon·-

165 4820 318 4924 stantia
354 4815 476 4925 velut
510 4853 684 4924 curator
729 4821 774 4921 et
815 4825 1048 4964 magister.
1083 4827 1167 4926 Sed
1209 4827 1259 4926 in
1301 4821 1422 4926 hane
1450 4854 1624 4925 senten·

1099 4977 1194 5070 „12
1483 4965 1594 5064 tiam
