4294 5972
585 468 829 552 cauom
872 467 926 550 v.
960 468 1080 550 ura.
1118 475 1198 553 ιιι.
1493 481 1573 568 301

228 639 334 736 XX.
408 639 508 728 Hac
543 664 718 768 accepta
754 626 913 769 plaga,
950 665 994 726 ee
1029 626 1179 728 auxilii
1214 666 1289 768 spe
1326 629 1486 763 dejecti
1522 637 1624 736 Flo„

42 873 44 878 ,
157 778 346 896 remini,
383 770 511 874 rebus
548 773 742 913 denique
780 770 1040 911 desperatis,
1076 770 1351 874 deditionem
1387 771 1526 879 facere
1556 783 1625 882 de-

160 957 376 1028 cernunt,
421 956 502 1017 nec
539 917 660 1017 enim
698 956 723 1015 a
766 916 933 1015 Catolo
978 927 1163 1017 Caesare
1206 916 1346 1016 missis
1390 920 1627 1062 legationi-

159 1064 288 1184 bus,
325 1102 375 1164 ut
411 1101 511 1161 eam
546 1060 773 1162 civitatem
810 1063 857 1158 ln
912 1097 1034 1159 suam
1077 1096 1341 1201 potestatem
1401 1062 1626 1207 fidemque

158 1143 577 1370 quibiscumque
549 1200 882 1305 conditionibus
919 1204 1160 1344 reciperet,
1196 1205 1431 1346 impetrare
1468 1247 1627 1352 potue-

159 1390 288 1473 rant,
324 1389 405 1493 qur
440 1323 607 1490 semper
643 1348 821 1485 ipsosa
797 1347 853 1446 ad
889 1345 1168 1450 Clementem
1210 1349 1478 1456 Pontificem
1520 1355 1627 1490 reji-

160 1497 330 1598 ciebat.
369 1491 648 1595 Clemente
636 1491 772 1633 igitur
808 1489 904 1632 ipso
940 1489 1173 1592 liberaliter
1208 1494 1462 1634 pollicente,
1498 1537 1541 1600 se
1577 1500 1626 1600 in

158 1650 249 1772 ejus
287 1673 550 1781 potestatem
587 1635 841 1798 permittere
884 1635 1189 1738 constituunt.
1237 1641 1320 1739 Sed
1361 1642 1416 1741 de
1462 1644 1626 1743 condi

160 1781 358 1884 tionibus
395 1785 504 1882 dum
539 1781 760 1941 agitatur,
797 1817 959 1920 magna
995 1779 1107 1880 inter
1142 1779 1366 1920 Hispanos
1402 1819 1447 1883 et
1485 1788 1625 1888 socios

162 1928 292 2028 Italos
330 1924 538 2027 seditio
526 1962 573 2022 m
609 1960 757 2023 castns
798 1957 946 2021 exorta
982 1957 1086 2043 est,
1134 1965 1186 2024 ex
1227 1928 1496 2027 contumelia
1538 1941 1625 2031 Ita-

160 2069 254 2172 licis
285 2069 549 2210 quibusdam
573 2062 629 2165 ab
665 2064 876 2205 Hispanis
902 2001 1129 2166 ironnullis
1157 2065 1299 2168 illata
1339 2081 1627 2213 Quamquam

167 2215 289 2316 enim
337 2211 643 2371 Hispanorum
687 2207 994 2369 prudentiores
1042 2221 1357 2313 Romanorum
1402 2215 1628 2318 Italorum·

167 2399 256 2500 que
293 2355 536 2474 virtutem,
572 2352 645 2453 cui
683 2351 806 2452 cessit
843 2351 952 2451 olim
988 2352 1183 2452 maxima
1219 2391 1315 2494 pars
1352 2353 1469 2456 orbis
1494 2393 1628 2460 tetra-

169 2541 299 2620 rum,
338 2537 429 2600 non
465 2497 697 2659 ignorant3
734 2530 882 2598 tamen
917 2493 1075 2636 vulgus
1123 2495 1312 2596 militare
1357 2498 1486 2600 Italos
1529 2537 1628 2603 tum

167 2642 344 2764 hostes,
382 2678 478 2742 tum
514 2639 647 2743 etiam
691 2640 834 2740 socios
876 2639 924 2740 in
965 2637 1087 2742 bellis
1128 2639 1281 2740 Italicis
1315 2677 1627 2808 contemnere,

170 2824 222 2890 ut
259 2788 442 2888 victores
479 2786 621 2886 victos
657 2821 996 2898 consueverunt,
1033 2820 1211 2926 propter
1235 2784 1464 2886 multas
1422 2791 1627 2890 victorias

164 2930 269 3032 de
256 2929 360 3072 ipsis
400 2929 616 3093 sociisque
651 2929 822 3034 Gallis
810 2969 857 3029 tn
875 2929 996 3029 Italia
1016 2966 1180 3070 partas3
1216 2927 1376 3030 Itali
1336 2928 1525 3030 vrcissim
1548 2932 1629 3033 Hi

165 3115 327 3244 spanos
359 3074 466 3176 odio
499 3072 663 3176 habent
694 3071 756 3175 ob
788 3074 990 3174 eamdem
1018 3111 1211 3190 causam,
1247 3106 1291 3170 et
1318 3109 1496 3213 propter
1520 3075 1629 3176 mul·

166 3255 230 3320 tas
266 3219 444 3350 injurias
482 3217 529 3322 in
564 3260 605 3322 se
641 3213 699 3318 ab
736 3217 900 3318 eisdem
935 3216 1101 3316 illatas.
1140 3226 1249 3336 Quo
1277 3214 1358 3335 fit,
1395 3253 1446 3317 ut
1478 3219 1627 3340 Italis,

166 3363 203 3462 si
228 3360 339 3462 vites
360 3361 503 3463 adsint
540 3395 583 3466 et
619 3358 749 3461 sibi
737 3398 922 3503 impune
958 3360 1007 3460 id
1045 3353 1181 3468 facere
1223 3398 1349 3500 posse
1376 3360 1628 3481 videantur,

165 3543 265 3606 raro
302 3505 507 3607 voluntas
544 3503 656 3605 desit
693 3503 964 3646 Hispanos
953 3540 1000 3606 ιιι
1034 3503 1154 3604 Italia
1180 3503 1340 3604 milites
1370 3507 1629 3647 opprimen-

168 3649 256 3771 di,
308 3684 357 3750 ut
403 3685 506 3750 tunc
558 3647 718 3748 accidit
766 3649 823 3746 ad
881 3681 1045 3748 veteres
1088 3683 1131 3749 et
1181 3687 1438 3749 communes
1484 3685 1631 3748 causas

166 3831 410 3958 paucorum
446 3795 677 3896 accedente
713 3791 1009 3912 contumelia,
1046 3832 1136 3933 qua
1172 3790 1350 3932 impulsi
1387 3789 1481 3889 Itali
1517 3801 1629 3891 Cae-

170 3936 352 4058 sariam,
390 3937 472 4078 qui
505 3977 691 4038 numero
729 3973 849 4040 etant
885 3934 1225 4095 quatuordecim
1254 3932 1393 4032 millia
1412 3933 1631 4075 ,Hispa-

172 4117 337 4180 norum
374 4081 593 4221 paucitate
629 4115 884 4197 contemta,
928 4115 1009 4218 qur
1051 4115 1122 4175 sex
1167 4074 1354 4175 millium
1395 4115 1632 4178 numerum

169 4260 263 4324 non
299 4222 559 4361 explebant,
595 4259 757 4363 magna
806 4221 938 4322 etiam
975 4254 1096 4363 parte
1133 4260 1186 4320 ex
1230 4219 1375 4320 castris
1398 4221 1629 4363 digressa,

167 4364 217 4465 in
254 4363 416 4469 horum
451 4364 674 4468 excidium
710 4366 993 4504 conspirant,
1038 4362 1361 4526 consiliumque
1397 4403 1501 4464 cum
1545 4361 1634 4466 ho-

168 4507 256 4614 stili
294 4508 509 4671 praesidio
559 4507 940 4627 communicant,
982 4543 1033 4608 ut
1077 4507 1313 4609 commisso
1358 4507 1524 4649 praelio
1569 4505 1636 4608 illi

170 4654 399 4812 eurptione
452 4650 565 4754 facta
617 4693 715 4754 suae
766 4651 939 4758 nationi
997 4651 1190 4755 subsidio
1238 4651 1465 4756 venirent.
1506 4679 1527 4720 ·
1560 4689 1634 4752 am

169 4831 284 4894 emm
316 4773 464 4900 Italici
510 4795 710 4915 milites,
755 4797 829 4896 sed
877 4793 1069 4896 maxime
1123 4789 1331 4935 praefecti
1385 4835 1437 4896 ex
1490 4793 1637 4894 castris

1584 4934 1635 5034 in
