<?xml version="1.0" encoding="UTF-8"?>
<!DOCTYPE html PUBLIC "-//W3C//DTD XHTML 1.0 Transitional//EN"
    "http://www.w3.org/TR/xhtml1/DTD/xhtml1-transitional.dtd">
<html xmlns="http://www.w3.org/1999/xhtml" xml:lang="en" lang="en">
 <head>
  <title>
</title>
<meta http-equiv="Content-Type" content="text/html;charset=utf-8" />
  <meta name='ocr-system' content='tesseract 3.04.00' />
  <meta name='ocr-capabilities' content='ocr_page ocr_carea ocr_par ocr_line ocrx_word'/>
</head>
<body>
  <div class='ocr_page' id='page_1' title='image "./joannisgenesiis02sepgoog_0470.png"; bbox 0 0 4298 5980; ppageno 0'>
   <div class='ocr_carea' id='block_1_1' title="bbox 559 313 1579 526">
    <p class='ocr_par' dir='ltr' id='par_1_1' title="bbox 559 313 1579 526">
     <span class='ocr_line' id='line_1_1' title="bbox 1552 313 1579 380; baseline 0 0"><span class='ocrx_word' id='word_1_1' title='bbox 1552 313 1579 380; x_wconf 62' lang='lat' dir='ltr'>N</span> 
     </span>
     <span class='ocr_line' id='line_1_2' title="bbox 559 421 1544 526; baseline 0.005 -8"><span class='ocrx_word' id='word_1_2' title='bbox 559 421 649 518; x_wconf 74' lang='lat'>226</span> <span class='ocrx_word' id='word_1_3' title='bbox 950 443 1035 526; x_wconf 90' lang='lat' dir='ltr'>DE</span> <span class='ocrx_word' id='word_1_4' title='bbox 1081 439 1288 522; x_wconf 87' lang='lat' dir='ltr'>REBUS</span> <span class='ocrx_word' id='word_1_5' title='bbox 1325 435 1544 523; x_wconf 82' lang='lat' dir='ltr'>GEsrrs</span> 
     </span>
    </p>
   </div>
   <div class='ocr_carea' id='block_1_2' title="bbox 473 595 1989 4797">
    <p class='ocr_par' dir='ltr' id='par_1_2' title="bbox 473 595 1989 2634">
     <span class='ocr_line' id='line_1_3' title="bbox 516 595 1987 746; baseline -0.003 -30"><span class='ocrx_word' id='word_1_6' title='bbox 516 611 583 716; x_wconf 90' lang='lat' dir='ltr'>tui</span> <span class='ocrx_word' id='word_1_7' title='bbox 624 601 834 714; x_wconf 92' lang='lat' dir='ltr'>Borbonii</span> <span class='ocrx_word' id='word_1_8' title='bbox 860 601 1025 706; x_wconf 65' lang='lat' dir='ltr'>&#39;locum</span> <span class='ocrx_word' id='word_1_9' title='bbox 1073 595 1381 722; x_wconf 85' lang='lat' dir='ltr'>sufficeretur,</span> <span class='ocrx_word' id='word_1_10' title='bbox 1432 642 1475 702; x_wconf 91' lang='lat' dir='ltr'>se</span> <span class='ocrx_word' id='word_1_11' title='bbox 1525 599 1737 746; x_wconf 86' lang='lat' dir='ltr'>Hispanis</span> <span class='ocrx_word' id='word_1_12' title='bbox 1783 603 1987 711; x_wconf 77' lang='lat' dir='ltr'>adductis</span> 
     </span>
     <span class='ocr_line' id='line_1_4' title="bbox 517 747 1988 902; baseline 0 -44"><span class='ocrx_word' id='word_1_13' title='bbox 517 753 842 902; x_wconf 86' lang='lat' dir='ltr'>perfecturum,</span> <span class='ocrx_word' id='word_1_14' title='bbox 877 787 928 852; x_wconf 93' lang='lat' dir='ltr'>ut</span> <span class='ocrx_word' id='word_1_15' title='bbox 964 787 1060 851; x_wconf 92' lang='lat' dir='ltr'>tora</span> <span class='ocrx_word' id='word_1_16' title='bbox 1097 747 1382 890; x_wconf 85' lang='lat' dir='ltr'>pecuniarum</span> <span class='ocrx_word' id='word_1_17' title='bbox 1419 787 1592 850; x_wconf 91' lang='lat' dir='ltr'>summa</span> <span class='ocrx_word' id='word_1_18' title='bbox 1628 750 1685 849; x_wconf 90' lang='lat' dir='ltr'>ad</span> <span class='ocrx_word' id='word_1_19' title='bbox 1720 747 1837 892; x_wconf 89' lang='lat' dir='ltr'>ipsos</span> <span class='ocrx_word' id='word_1_20' title='bbox 1881 794 1988 896; x_wconf 84' lang='lat' dir='ltr'>pcr-</span> 
     </span>
     <span class='ocr_line' id='line_1_5' title="bbox 518 892 1989 1042; baseline -0.014 -35"><span class='ocrx_word' id='word_1_21' title='bbox 518 904 715 1010; x_wconf 69' lang='lat' dir='ltr'>ve&#39;nirctr</span> <span class='ocrx_word' id='word_1_22' title='bbox 752 938 891 1038; x_wconf 88' lang='lat' dir='ltr'>eaque</span> <span class='ocrx_word' id='word_1_23' title='bbox 928 893 1250 1037; x_wconf 79' lang='lat' dir='ltr'>pollicitatione</span> <span class='ocrx_word' id='word_1_24' title='bbox 1294 892 1419 996; x_wconf 89' lang='lat' dir='ltr'>ducti</span> <span class='ocrx_word' id='word_1_25' title='bbox 1461 893 1673 996; x_wconf 83' lang='lat' dir='ltr'>Germani</span> <span class='ocrx_word' id='word_1_26' title='bbox 1717 934 1807 994; x_wconf 91' lang='lat' dir='ltr'>sese</span> <span class='ocrx_word' id='word_1_27' title='bbox 1844 897 1989 1042; x_wconf 79' lang='lat' dir='ltr'>impe.</span> 
     </span>
     <span class='ocr_line' id='line_1_6' title="bbox 516 1037 1983 1188; baseline 0 -40"><span class='ocrx_word' id='word_1_28' title='bbox 516 1083 607 1148; x_wconf 90' lang='lat' dir='ltr'>rata</span> <span class='ocrx_word' id='word_1_29' title='bbox 644 1045 777 1188; x_wconf 91' lang='lat' dir='ltr'>ipsius</span> <span class='ocrx_word' id='word_1_30' title='bbox 820 1037 1010 1144; x_wconf 88' lang='lat' dir='ltr'>facturos</span> <span class='ocrx_word' id='word_1_31' title='bbox 1053 1081 1139 1143; x_wconf 90' lang='lat' dir='ltr'>csse</span> <span class='ocrx_word' id='word_1_32' title='bbox 1182 1039 1464 1175; x_wconf 85' lang='lat' dir='ltr'>jurejurando</span> <span class='ocrx_word' id='word_1_33' title='bbox 1512 1038 1842 1185; x_wconf 89' lang='lat' dir='ltr'>promiserunt.</span> <span class='ocrx_word' id='word_1_34' title='bbox 1882 1053 1983 1148; x_wconf 92' lang='lat' dir='ltr'>Hoc</span> 
     </span>
     <span class='ocr_line' id='line_1_7' title="bbox 517 1184 1985 1335; baseline 0 -43"><span class='ocrx_word' id='word_1_35' title='bbox 517 1201 594 1335; x_wconf 90' lang='lat' dir='ltr'>per</span> <span class='ocrx_word' id='word_1_36' title='bbox 630 1185 796 1294; x_wconf 92' lang='lat' dir='ltr'>indices</span> <span class='ocrx_word' id='word_1_37' title='bbox 833 1189 1057 1334; x_wconf 90' lang='lat' dir='ltr'>cognito,</span> <span class='ocrx_word' id='word_1_38' title='bbox 1095 1184 1288 1329; x_wconf 85' lang='lat' dir='ltr'>Hispani</span> <span class='ocrx_word' id='word_1_39' title='bbox 1333 1222 1438 1287; x_wconf 91' lang='lat' dir='ltr'>cum</span> <span class='ocrx_word' id='word_1_40' title='bbox 1480 1187 1708 1288; x_wconf 89' lang='lat' dir='ltr'>Germanis</span> <span class='ocrx_word' id='word_1_41' title='bbox 1784 1225 1831 1288; x_wconf 92' lang='lat' dir='ltr'>er</span> <span class='ocrx_word' id='word_1_42' title='bbox 1873 1228 1985 1332; x_wconf 77' lang='lat' dir='ltr'>prae·</span> 
     </span>
     <span class='ocr_line' id='line_1_8' title="bbox 517 1329 1984 1480; baseline -0.002 -40"><span class='ocrx_word' id='word_1_43' title='bbox 517 1333 655 1440; x_wconf 88' lang='lat' dir='ltr'>fectos</span> <span class='ocrx_word' id='word_1_44' title='bbox 709 1335 1010 1480; x_wconf 87' lang='lat' dir='ltr'>colloquentes</span> <span class='ocrx_word' id='word_1_45' title='bbox 1070 1333 1271 1477; x_wconf 89' lang='lat' dir='ltr'>ipsorum</span> <span class='ocrx_word' id='word_1_46' title='bbox 1321 1331 1611 1472; x_wconf 83' lang='lat' dir='ltr'>cupiditatem</span> <span class='ocrx_word' id='word_1_47' title='bbox 1666 1329 1984 1478; x_wconf 77' lang='lat' dir='ltr'>P&#39;&#39;bertiquc</span> 
     </span>
     <span class='ocr_line' id='line_1_9' title="bbox 518 1474 1982 1620; baseline -0.003 -35"><span class='ocrx_word' id='word_1_48' title='bbox 518 1481 782 1618; x_wconf 90' lang='lat' dir='ltr'>injustitiam</span> <span class='ocrx_word' id='word_1_49' title='bbox 817 1483 1046 1602; x_wconf 86' lang='lat' dir='ltr'>incusant,</span> <span class='ocrx_word' id='word_1_50' title='bbox 1084 1518 1216 1620; x_wconf 86' lang='lat' dir='ltr'>seque</span> <span class='ocrx_word' id='word_1_51' title='bbox 1252 1474 1516 1618; x_wconf 86' lang='lat' dir='ltr'>profitentur</span> <span class='ocrx_word' id='word_1_52' title='bbox 1551 1514 1651 1577; x_wconf 89' lang='lat' dir='ltr'>cam</span> <span class='ocrx_word' id='word_1_53' title='bbox 1695 1475 1908 1610; x_wconf 90' lang='lat' dir='ltr'>injuriam</span> <span class='ocrx_word' id='word_1_54' title='bbox 1942 1517 1982 1581; x_wconf 90' lang='lat' dir='ltr'>et</span> 
     </span>
     <span class='ocr_line' id='line_1_10' title="bbox 520 1623 1980 1773; baseline -0.005 -44"><span class='ocrx_word' id='word_1_55' title='bbox 520 1627 831 1773; x_wconf 84' lang='lat' dir='ltr'>indignitatem</span> <span class='ocrx_word' id='word_1_56' title='bbox 866 1666 961 1729; x_wconf 94' lang='lat' dir='ltr'>non</span> <span class='ocrx_word' id='word_1_57' title='bbox 998 1665 1086 1727; x_wconf 89' lang='lat' dir='ltr'>csse</span> <span class='ocrx_word' id='word_1_58' title='bbox 1121 1625 1311 1728; x_wconf 79' lang='lat' dir='ltr'>laturosr</span> <span class='ocrx_word' id='word_1_59' title='bbox 1348 1659 1541 1764; x_wconf 92' lang='lat' dir='ltr'>quotum</span> <span class='ocrx_word' id='word_1_60' title='bbox 1577 1630 1692 1754; x_wconf 88' lang='lat' dir='ltr'>justa</span> <span class='ocrx_word' id='word_1_61' title='bbox 1734 1623 1980 1761; x_wconf 86' lang='lat' dir='ltr'>expostula-</span> 
     </span>
     <span class='ocr_line' id='line_1_11' title="bbox 518 1765 1981 1909; baseline -0.001 -39"><span class='ocrx_word' id='word_1_62' title='bbox 518 1771 640 1874; x_wconf 90' lang='lat' dir='ltr'>tione</span> <span class='ocrx_word' id='word_1_63' title='bbox 676 1787 725 1873; x_wconf 81' lang='lat' dir='ltr'>a&#39;c</span> <span class='ocrx_word' id='word_1_64' title='bbox 762 1771 962 1873; x_wconf 89' lang='lat' dir='ltr'>oratione</span> <span class='ocrx_word' id='word_1_65' title='bbox 1000 1767 1216 1909; x_wconf 89' lang='lat' dir='ltr'>probata,</span> <span class='ocrx_word' id='word_1_66' title='bbox 1253 1767 1461 1868; x_wconf 90' lang='lat' dir='ltr'>Germani</span> <span class='ocrx_word' id='word_1_67' title='bbox 1496 1801 1721 1908; x_wconf 86' lang='lat' dir='ltr'>tantopere</span> <span class='ocrx_word' id='word_1_68' title='bbox 1756 1803 1858 1867; x_wconf 91' lang='lat' dir='ltr'>sunt</span> <span class='ocrx_word' id='word_1_69' title='bbox 1880 1765 1981 1869; x_wconf 88' lang='lat' dir='ltr'>Plri-</span> 
     </span>
     <span class='ocr_line' id='line_1_12' title="bbox 517 1909 1977 2056; baseline -0.001 -42"><span class='ocrx_word' id='word_1_70' title='bbox 517 1915 665 2016; x_wconf 86' lang='lat' dir='ltr'>libcrti</span> <span class='ocrx_word' id='word_1_71' title='bbox 703 1953 863 2016; x_wconf 89' lang='lat' dir='ltr'>vanam</span> <span class='ocrx_word' id='word_1_72' title='bbox 901 1912 1272 2056; x_wconf 90' lang='lat' dir='ltr'>pollicitationem</span> <span class='ocrx_word' id='word_1_73' title='bbox 1308 1909 1562 2054; x_wconf 90' lang='lat' dir='ltr'>indignati,</span> <span class='ocrx_word' id='word_1_74' title='bbox 1597 1947 1648 2012; x_wconf 92' lang='lat' dir='ltr'>ut</span> <span class='ocrx_word' id='word_1_75' title='bbox 1685 1945 1837 2010; x_wconf 90' lang='lat' dir='ltr'>corum</span> <span class='ocrx_word' id='word_1_76' title='bbox 1874 1911 1977 2052; x_wconf 92' lang='lat' dir='ltr'>qui-</span> 
     </span>
     <span class='ocr_line' id='line_1_13' title="bbox 473 2056 1978 2201; baseline -0.001 -44"><span class='ocrx_word' id='word_1_77' title='bbox 473 2075 475 2080; x_wconf 79' lang='grc'>’</span> <span class='ocrx_word' id='word_1_78' title='bbox 517 2060 620 2160; x_wconf 86' lang='lat' dir='ltr'>dam</span> <span class='ocrx_word' id='word_1_79' title='bbox 657 2059 805 2201; x_wconf 91' lang='lat' dir='ltr'>ipsum</span> <span class='ocrx_word' id='word_1_80' title='bbox 842 2057 899 2156; x_wconf 91' lang='lat' dir='ltr'>ad</span> <span class='ocrx_word' id='word_1_81' title='bbox 935 2093 1129 2197; x_wconf 87' lang='lat' dir='ltr'>poenam</span> <span class='ocrx_word' id='word_1_82' title='bbox 1165 2089 1444 2197; x_wconf 87' lang='lat' dir='ltr'>quaerentes,</span> <span class='ocrx_word' id='word_1_83' title='bbox 1480 2056 1698 2176; x_wconf 91' lang='lat' dir='ltr'>domum,</span> <span class='ocrx_word' id='word_1_84' title='bbox 1733 2093 1847 2197; x_wconf 88' lang='lat' dir='ltr'>quae</span> <span class='ocrx_word' id='word_1_85' title='bbox 1883 2062 1978 2155; x_wconf 74' lang='lat' dir='ltr'>San</span> 
     </span>
     <span class='ocr_line' id='line_1_14' title="bbox 516 2198 1977 2344; baseline 0.002 -45"><span class='ocrx_word' id='word_1_86' title='bbox 516 2209 572 2300; x_wconf 84' lang='lat' dir='ltr'>cti</span> <span class='ocrx_word' id='word_1_87' title='bbox 606 2211 737 2305; x_wconf 75' lang='grc' dir='ltr'>Μανιί</span> <span class='ocrx_word' id='word_1_88' title='bbox 772 2201 1152 2344; x_wconf 87' lang='lat' dir='ltr'>cognominatur,</span> <span class='ocrx_word' id='word_1_89' title='bbox 1189 2240 1279 2341; x_wconf 91' lang='lat' dir='ltr'>qua</span> <span class='ocrx_word' id='word_1_90' title='bbox 1313 2199 1385 2298; x_wconf 94' lang='lat' dir='ltr'>ille</span> <span class='ocrx_word' id='word_1_91' title='bbox 1433 2199 1767 2319; x_wconf 88' lang='lat' dir='ltr'>diversabatur,</span> <span class='ocrx_word' id='word_1_92' title='bbox 1804 2198 1977 2340; x_wconf 89' lang='lat' dir='ltr'>ingrcssi</span> 
     </span>
     <span class='ocr_line' id='line_1_15' title="bbox 521 2337 1978 2489; baseline 0 -44"><span class='ocrx_word' id='word_1_93' title='bbox 521 2345 784 2489; x_wconf 84' lang='lat' dir='ltr'>diriperent;</span> <span class='ocrx_word' id='word_1_94' title='bbox 826 2383 931 2448; x_wconf 88' lang='lat' dir='ltr'>nam</span> <span class='ocrx_word' id='word_1_95' title='bbox 972 2344 1107 2486; x_wconf 88' lang='lat' dir='ltr'>ipsc,</span> <span class='ocrx_word' id='word_1_96' title='bbox 1148 2353 1241 2480; x_wconf 93' lang='lat' dir='ltr'>jam</span> <span class='ocrx_word' id='word_1_97' title='bbox 1297 2343 1455 2444; x_wconf 88' lang='lat' dir='ltr'>certior</span> <span class='ocrx_word' id='word_1_98' title='bbox 1507 2341 1564 2446; x_wconf 91' lang='lat' dir='ltr'>ab</span> <span class='ocrx_word' id='word_1_99' title='bbox 1612 2341 1764 2444; x_wconf 88' lang='lat' dir='ltr'>amicis</span> <span class='ocrx_word' id='word_1_100' title='bbox 1813 2337 1978 2466; x_wconf 88' lang='lat' dir='ltr'>factus,</span> 
     </span>
     <span class='ocr_line' id='line_1_16' title="bbox 511 2485 770 2634; baseline 0 -43"><span class='ocrx_word' id='word_1_101' title='bbox 511 2485 770 2634; x_wconf 85' lang='lat' dir='ltr'>aufugerat.</span> 
     </span>
    </p>

    <p class='ocr_par' dir='ltr' id='par_1_3' title="bbox 500 2626 1974 4797">
     <span class='ocr_line' id='line_1_17' title="bbox 581 2626 1972 2772; baseline 0 -38"><span class='ocrx_word' id='word_1_102' title='bbox 581 2645 728 2736; x_wconf 89' lang='lat' dir='ltr'>XVII.</span> <span class='ocrx_word' id='word_1_103' title='bbox 804 2626 1016 2731; x_wconf 86' lang='lat' dir='ltr'>Postridie</span> <span class='ocrx_word' id='word_1_104' title='bbox 1052 2628 1302 2772; x_wconf 89' lang='lat' dir='ltr'>colloquii,</span> <span class='ocrx_word' id='word_1_105' title='bbox 1344 2628 1456 2732; x_wconf 86' lang='lat' dir='ltr'>sicut</span> <span class='ocrx_word' id='word_1_106' title='bbox 1490 2627 1631 2732; x_wconf 85' lang='lat' dir='ltr'>fuerat</span> <span class='ocrx_word' id='word_1_107' title='bbox 1665 2629 1972 2752; x_wconf 89' lang='lat' dir='ltr'>constitutum,</span> 
     </span>
     <span class='ocr_line' id='line_1_18' title="bbox 514 2772 1973 2918; baseline -0.001 -40"><span class='ocrx_word' id='word_1_108' title='bbox 514 2776 562 2878; x_wconf 90' lang='lat' dir='ltr'>in</span> <span class='ocrx_word' id='word_1_109' title='bbox 598 2776 765 2876; x_wconf 90' lang='lat' dir='ltr'>circum</span> <span class='ocrx_word' id='word_1_110' title='bbox 814 2773 1116 2896; x_wconf 85' lang='lat' dir='ltr'>Flaminium,</span> <span class='ocrx_word' id='word_1_111' title='bbox 1158 2775 1234 2917; x_wconf 84' lang='lat' dir='ltr'>qui</span> <span class='ocrx_word' id='word_1_112' title='bbox 1285 2811 1433 2914; x_wconf 85' lang='lat' dir='ltr'>campus</span> <span class='ocrx_word' id='word_1_113' title='bbox 1479 2781 1627 2911; x_wconf 82' lang='lat' dir='ltr'>Agonis</span> <span class='ocrx_word' id='word_1_114' title='bbox 1669 2772 1758 2875; x_wconf 90' lang='lat' dir='ltr'>hoe</span> <span class='ocrx_word' id='word_1_115' title='bbox 1801 2814 1973 2918; x_wconf 87' lang='lat' dir='ltr'>tempo-</span> 
     </span>
     <span class='ocr_line' id='line_1_19' title="bbox 513 2917 1974 3064; baseline 0.001 -46"><span class='ocrx_word' id='word_1_116' title='bbox 513 2959 561 3019; x_wconf 88' lang='lat' dir='ltr'>re</span> <span class='ocrx_word' id='word_1_117' title='bbox 591 2918 875 3056; x_wconf 89' lang='lat' dir='ltr'>nominatur,</span> <span class='ocrx_word' id='word_1_118' title='bbox 910 2917 1084 3061; x_wconf 91' lang='lat' dir='ltr'>utrique</span> <span class='ocrx_word' id='word_1_119' title='bbox 1120 2919 1174 3022; x_wconf 93' lang='lat' dir='ltr'>de</span> <span class='ocrx_word' id='word_1_120' title='bbox 1209 2958 1254 3019; x_wconf 89' lang='lat' dir='ltr'>rc</span> <span class='ocrx_word' id='word_1_121' title='bbox 1292 2917 1530 3021; x_wconf 83' lang='lat' dir='ltr'>communi</span> <span class='ocrx_word' id='word_1_122' title='bbox 1557 2919 1858 3030; x_wconf 81' lang='lat' dir='ltr'>converriunt3</span> <span class='ocrx_word' id='word_1_123' title='bbox 1884 2960 1974 3064; x_wconf 87' lang='lat' dir='ltr'>gra·</span> 
     </span>
     <span class='ocr_line' id='line_1_20' title="bbox 513 3058 1972 3206; baseline -0.001 -40"><span class='ocrx_word' id='word_1_124' title='bbox 513 3062 691 3166; x_wconf 87' lang='lat' dir='ltr'>vissima</span> <span class='ocrx_word' id='word_1_125' title='bbox 726 3063 847 3166; x_wconf 88' lang='lat' dir='ltr'>enim</span> <span class='ocrx_word' id='word_1_126' title='bbox 883 3099 979 3164; x_wconf 92' lang='lat' dir='ltr'>tum</span> <span class='ocrx_word' id='word_1_127' title='bbox 1015 3063 1182 3205; x_wconf 88' lang='lat' dir='ltr'>pestis,</span> <span class='ocrx_word' id='word_1_128' title='bbox 1221 3097 1320 3162; x_wconf 91' lang='lat' dir='ltr'>tum</span> <span class='ocrx_word' id='word_1_129' title='bbox 1367 3064 1505 3165; x_wconf 89' lang='lat' dir='ltr'>etiam</span> <span class='ocrx_word' id='word_1_130' title='bbox 1554 3058 1727 3182; x_wconf 88' lang='lat' dir='ltr'>fames,</span> <span class='ocrx_word' id='word_1_131' title='bbox 1777 3105 1892 3206; x_wconf 89' lang='lat' dir='ltr'>quae</span> <span class='ocrx_word' id='word_1_132' title='bbox 1929 3065 1972 3165; x_wconf 93' lang='lat' dir='ltr'>in</span> 
     </span>
     <span class='ocr_line' id='line_1_21' title="bbox 513 3203 1969 3350; baseline 0 -43"><span class='ocrx_word' id='word_1_133' title='bbox 513 3206 606 3307; x_wconf 92' lang='lat' dir='ltr'>dies</span> <span class='ocrx_word' id='word_1_134' title='bbox 650 3207 1004 3329; x_wconf 90' lang='lat' dir='ltr'>invalescebant,</span> <span class='ocrx_word' id='word_1_135' title='bbox 1048 3203 1223 3308; x_wconf 90' lang='lat' dir='ltr'>Urbem</span> <span class='ocrx_word' id='word_1_136' title='bbox 1265 3207 1551 3328; x_wconf 87' lang='lat' dir='ltr'>invaserant,</span> <span class='ocrx_word' id='word_1_137' title='bbox 1593 3207 1969 3350; x_wconf 89' lang='lat' dir='ltr'>constituuntque,</span> 
     </span>
     <span class='ocr_line' id='line_1_22' title="bbox 511 3345 1972 3495; baseline -0.001 -43"><span class='ocrx_word' id='word_1_138' title='bbox 511 3383 562 3452; x_wconf 92' lang='lat' dir='ltr'>ut</span> <span class='ocrx_word' id='word_1_139' title='bbox 608 3352 799 3493; x_wconf 89' lang='lat' dir='ltr'>Hispani</span> <span class='ocrx_word' id='word_1_140' title='bbox 845 3351 1007 3495; x_wconf 89' lang='lat' dir='ltr'>viginti</span> <span class='ocrx_word' id='word_1_141' title='bbox 1065 3351 1343 3494; x_wconf 87' lang='lat' dir='ltr'>totidemque</span> <span class='ocrx_word' id='word_1_142' title='bbox 1388 3350 1597 3454; x_wconf 89' lang='lat' dir='ltr'>Germani</span> <span class='ocrx_word' id='word_1_143' title='bbox 1648 3391 1828 3454; x_wconf 75' lang='lat' dir='ltr'>suonam</span> <span class='ocrx_word' id='word_1_144' title='bbox 1884 3345 1972 3454; x_wconf 84' lang='lat' dir='ltr'>suf-</span> 
     </span>
     <span class='ocr_line' id='line_1_23' title="bbox 510 3490 1972 3639; baseline 0.001 -45"><span class='ocrx_word' id='word_1_145' title='bbox 510 3490 657 3639; x_wconf 88' lang='lat' dir='ltr'>fragio</span> <span class='ocrx_word' id='word_1_146' title='bbox 695 3496 1018 3639; x_wconf 89' lang='lat' dir='ltr'>deligerentur,</span> <span class='ocrx_word' id='word_1_147' title='bbox 1054 3498 1111 3597; x_wconf 91' lang='lat' dir='ltr'>ad</span> <span class='ocrx_word' id='word_1_148' title='bbox 1148 3537 1260 3638; x_wconf 90' lang='lat' dir='ltr'>quos</span> <span class='ocrx_word' id='word_1_149' title='bbox 1304 3536 1477 3599; x_wconf 93' lang='lat' dir='ltr'>summa</span> <span class='ocrx_word' id='word_1_150' title='bbox 1521 3531 1709 3638; x_wconf 89' lang='lat' dir='ltr'>potestas</span> <span class='ocrx_word' id='word_1_151' title='bbox 1752 3500 1809 3597; x_wconf 90' lang='lat' dir='ltr'>de</span> <span class='ocrx_word' id='word_1_152' title='bbox 1854 3495 1972 3600; x_wconf 91' lang='lat' dir='ltr'>rebus</span> 
     </span>
     <span class='ocr_line' id='line_1_24' title="bbox 511 3637 1972 3762; baseline -0.001 -20"><span class='ocrx_word' id='word_1_153' title='bbox 511 3640 720 3743; x_wconf 90' lang='lat' dir='ltr'>omnibus</span> <span class='ocrx_word' id='word_1_154' title='bbox 762 3640 1057 3742; x_wconf 89' lang='lat' dir='ltr'>communiter</span> <span class='ocrx_word' id='word_1_155' title='bbox 1101 3641 1355 3762; x_wconf 89' lang='lat' dir='ltr'>statuendi,</span> <span class='ocrx_word' id='word_1_156' title='bbox 1399 3677 1443 3743; x_wconf 94' lang='lat' dir='ltr'>et</span> <span class='ocrx_word' id='word_1_157' title='bbox 1488 3641 1549 3742; x_wconf 91' lang='lat' dir='ltr'>im</span> <span class='ocrx_word' id='word_1_158' title='bbox 1584 3641 1739 3743; x_wconf 89' lang='lat' dir='ltr'>eraudi</span> <span class='ocrx_word' id='word_1_159' title='bbox 1785 3637 1972 3742; x_wconf 82' lang='lat' dir='ltr'>deferre-</span> 
     </span>
     <span class='ocr_line' id='line_1_25' title="bbox 510 3679 1970 3928; baseline 0.002 -45"><span class='ocrx_word' id='word_1_160' title='bbox 510 3820 608 3884; x_wconf 89' lang='lat' dir='ltr'>tur.</span> <span class='ocrx_word' id='word_1_161' title='bbox 645 3797 754 3907; x_wconf 93' lang='lat' dir='ltr'>Quo</span> <span class='ocrx_word' id='word_1_162' title='bbox 790 3780 940 3906; x_wconf 90' lang='lat' dir='ltr'>facto,</span> <span class='ocrx_word' id='word_1_163' title='bbox 985 3786 1273 3928; x_wconf 86' lang='lat' dir='ltr'>quadraginta</span> <span class='ocrx_word' id='word_1_164' title='bbox 1317 3786 1421 3888; x_wconf 86' lang='lat' dir='ltr'>viris</span> <span class='ocrx_word' id='word_1_165' title='bbox 1463 3785 1510 3885; x_wconf 89' lang='lat' dir='ltr'>in</span> <span class='ocrx_word' id='word_1_166' title='bbox 1549 3679 1705 3886; x_wconf 58' lang='lat' dir='ltr'>danum</span> <span class='ocrx_word' id='word_1_167' title='bbox 1746 3787 1970 3927; x_wconf 86' lang='lat' dir='ltr'>quoddam</span> 
     </span>
     <span class='ocr_line' id='line_1_26' title="bbox 512 3927 1971 4072; baseline 0.003 -49"><span class='ocrx_word' id='word_1_168' title='bbox 512 3927 673 4024; x_wconf 91' lang='lat' dir='ltr'>coactis</span> <span class='ocrx_word' id='word_1_169' title='bbox 710 3928 905 4069; x_wconf 88' lang='lat' dir='ltr'>placuit,</span> <span class='ocrx_word' id='word_1_170' title='bbox 942 3965 992 4066; x_wconf 90' lang='lat' dir='ltr'>ut</span> <span class='ocrx_word' id='word_1_171' title='bbox 1035 3930 1256 4072; x_wconf 92' lang='lat' dir='ltr'>quidquid</span> <span class='ocrx_word' id='word_1_172' title='bbox 1297 3967 1587 4032; x_wconf 91' lang='lat' dir='ltr'>nummorum</span> <span class='ocrx_word' id='word_1_173' title='bbox 1629 3931 1683 4031; x_wconf 91' lang='lat' dir='ltr'>ad</span> <span class='ocrx_word' id='word_1_174' title='bbox 1721 3928 1767 4030; x_wconf 91' lang='lat' dir='ltr'>id</span> <span class='ocrx_word' id='word_1_175' title='bbox 1804 3966 1971 4071; x_wconf 91' lang='lat' dir='ltr'>tempus</span> 
     </span>
     <span class='ocr_line' id='line_1_27' title="bbox 508 4063 1970 4216; baseline 0.001 -46"><span class='ocrx_word' id='word_1_176' title='bbox 508 4063 656 4170; x_wconf 73' lang='lat' dir='ltr'>ficisset</span> <span class='ocrx_word' id='word_1_177' title='bbox 691 4111 716 4171; x_wconf 91' lang='lat' dir='ltr'>a</span> <span class='ocrx_word' id='word_1_178' title='bbox 752 4070 968 4175; x_wconf 87' lang='lat' dir='ltr'>Pontifice</span> <span class='ocrx_word' id='word_1_179' title='bbox 1003 4071 1254 4195; x_wconf 90' lang='lat' dir='ltr'>tributum,</span> <span class='ocrx_word' id='word_1_180' title='bbox 1291 4112 1335 4176; x_wconf 88' lang='lat' dir='ltr'>et</span> <span class='ocrx_word' id='word_1_181' title='bbox 1370 4111 1468 4176; x_wconf 92' lang='lat' dir='ltr'>turn</span> <span class='ocrx_word' id='word_1_182' title='bbox 1507 4073 1625 4216; x_wconf 84' lang='lat' dir='ltr'>exigi</span> <span class='ocrx_word' id='word_1_183' title='bbox 1660 4109 1843 4214; x_wconf 89' lang='lat' dir='ltr'>posset,</span> <span class='ocrx_word' id='word_1_184' title='bbox 1881 4087 1970 4176; x_wconf 90' lang='lat' dir='ltr'>Ger·</span> 
     </span>
     <span class='ocr_line' id='line_1_28' title="bbox 506 4213 1968 4362; baseline 0 -46"><span class='ocrx_word' id='word_1_185' title='bbox 506 4213 686 4338; x_wconf 86' lang='lat' dir='ltr'>manis,</span> <span class='ocrx_word' id='word_1_186' title='bbox 728 4217 785 4316; x_wconf 88' lang='lat' dir='ltr'>ad</span> <span class='ocrx_word' id='word_1_187' title='bbox 832 4257 946 4362; x_wconf 93' lang='lat' dir='ltr'>quos</span> <span class='ocrx_word' id='word_1_188' title='bbox 990 4219 1135 4320; x_wconf 91' lang='lat' dir='ltr'>multo</span> <span class='ocrx_word' id='word_1_189' title='bbox 1180 4218 1324 4322; x_wconf 91' lang='lat' dir='ltr'>minus</span> <span class='ocrx_word' id='word_1_190' title='bbox 1365 4220 1579 4362; x_wconf 86' lang='lat' dir='ltr'>praedae,</span> <span class='ocrx_word' id='word_1_191' title='bbox 1615 4256 1753 4360; x_wconf 87' lang='lat' dir='ltr'>quam</span> <span class='ocrx_word' id='word_1_192' title='bbox 1789 4219 1850 4318; x_wconf 91' lang='lat' dir='ltr'>ad</span> <span class='ocrx_word' id='word_1_193' title='bbox 1887 4217 1968 4316; x_wconf 89' lang='lat' dir='ltr'>Hi·</span> 
     </span>
     <span class='ocr_line' id='line_1_29' title="bbox 505 4362 1968 4506; baseline 0.002 -50"><span class='ocrx_word' id='word_1_194' title='bbox 505 4396 662 4497; x_wconf 91' lang='lat' dir='ltr'>spanos</span> <span class='ocrx_word' id='word_1_195' title='bbox 699 4397 986 4500; x_wconf 87' lang='lat' dir='ltr'>pervenerat,</span> <span class='ocrx_word' id='word_1_196' title='bbox 1023 4362 1376 4476; x_wconf 80' lang='lat' dir='ltr'>distribueretur3</span> <span class='ocrx_word' id='word_1_197' title='bbox 1406 4401 1546 4506; x_wconf 91' lang='lat' dir='ltr'>utque</span> <span class='ocrx_word' id='word_1_198' title='bbox 1582 4404 1637 4463; x_wconf 91' lang='lat' dir='ltr'>co</span> <span class='ocrx_word' id='word_1_199' title='bbox 1673 4362 1821 4465; x_wconf 89' lang='lat' dir='ltr'>triduo</span> <span class='ocrx_word' id='word_1_200' title='bbox 1861 4397 1968 4464; x_wconf 84' lang='lat' dir='ltr'>exer·</span> 
     </span>
     <span class='ocr_line' id='line_1_30' title="bbox 500 4501 1965 4648; baseline -0.001 -48"><span class='ocrx_word' id='word_1_201' title='bbox 500 4501 617 4602; x_wconf 85' lang='lat' dir='ltr'>citus</span> <span class='ocrx_word' id='word_1_202' title='bbox 665 4510 818 4607; x_wconf 86' lang='lat' dir='ltr'>Roma</span> <span class='ocrx_word' id='word_1_203' title='bbox 861 4509 911 4608; x_wconf 91' lang='lat' dir='ltr'>in</span> <span class='ocrx_word' id='word_1_204' title='bbox 953 4510 1124 4648; x_wconf 91' lang='lat' dir='ltr'>oppida</span> <span class='ocrx_word' id='word_1_205' title='bbox 1159 4511 1437 4642; x_wconf 86' lang='lat' dir='ltr'>circumjecta</span> <span class='ocrx_word' id='word_1_206' title='bbox 1478 4508 1749 4612; x_wconf 86' lang='lat' dir='ltr'>discederet.</span> <span class='ocrx_word' id='word_1_207' title='bbox 1793 4501 1965 4613; x_wconf 88' lang='lat' dir='ltr'>Relictis</span> 
     </span>
     <span class='ocr_line' id='line_1_31' title="bbox 506 4643 1966 4797; baseline -0.001 -52"><span class='ocrx_word' id='word_1_208' title='bbox 506 4644 642 4790; x_wconf 88' lang='lat' dir='ltr'>igitur</span> <span class='ocrx_word' id='word_1_209' title='bbox 677 4651 734 4752; x_wconf 93' lang='lat' dir='ltr'>ad</span> <span class='ocrx_word' id='word_1_210' title='bbox 770 4645 904 4754; x_wconf 85' lang='lat' dir='ltr'>Urbis</span> <span class='ocrx_word' id='word_1_211' title='bbox 939 4651 1205 4796; x_wconf 87' lang='lat' dir='ltr'>praesidium</span> <span class='ocrx_word' id='word_1_212' title='bbox 1241 4653 1361 4753; x_wconf 90' lang='lat' dir='ltr'>mille</span> <span class='ocrx_word' id='word_1_213' title='bbox 1403 4652 1613 4797; x_wconf 87' lang='lat' dir='ltr'>Hispanis</span> <span class='ocrx_word' id='word_1_214' title='bbox 1659 4688 1830 4797; x_wconf 89' lang='lat' dir='ltr'>praeter</span> <span class='ocrx_word' id='word_1_215' title='bbox 1867 4643 1966 4751; x_wconf 85' lang='lat' dir='ltr'>arcis</span> 
     </span>
    </p>
   </div>
   <div class='ocr_carea' id='block_1_3' title="bbox 505 4793 1969 5042">
    <p class='ocr_par' dir='ltr' id='par_1_4' title="bbox 505 4793 1969 5042">
     <span class='ocr_line' id='line_1_32' title="bbox 505 4793 1969 5042; baseline -0.001 -147"><span class='ocrx_word' id='word_1_216' title='bbox 505 4793 708 4898; x_wconf 89' lang='lat' dir='ltr'>custodes</span> <span class='ocrx_word' id='word_1_217' title='bbox 745 4799 943 4931; x_wconf 86' lang='lat' dir='ltr'>ejusdem</span> <span class='ocrx_word' id='word_1_218' title='bbox 979 4797 1171 4906; x_wconf 88' lang='lat' dir='ltr'>nationis</span> <span class='ocrx_word' id='word_1_219' title='bbox 1208 4801 1351 4936; x_wconf 82' lang='lat' dir='ltr'>(narn</span> <span class='ocrx_word' id='word_1_220' title='bbox 1386 4801 1596 4907; x_wconf 89' lang='lat' dir='ltr'>Germani</span> <span class='ocrx_word' id='word_1_221' title='bbox 1631 4835 1858 4903; x_wconf 89' lang='lat' dir='ltr'>remancre</span> <span class='ocrx_word' id='word_1_222' title='bbox 1878 4829 1969 5042; x_wconf 67' lang='lat' dir='ltr'>lno-</span> 
     </span>
     <span class='ocr_line' id='line_1_33' title="bbox 1895 4975 1969 5040; baseline -0.014 0"><span class='ocrx_word' id='word_1_223' title='bbox 1895 4975 1969 5040; x_wconf 90' lang='lat' dir='ltr'>ue-</span> 
     </span>
    </p>
   </div>
   <div class='ocr_carea' id='block_1_4' title="bbox 0 0 2154 5978">
    <p class='ocr_par' dir='ltr' id='par_1_5' title="bbox 0 0 2154 5978">
     <span class='ocr_line' id='line_1_34' title="bbox 0 0 2154 5978; baseline 0 0"><span class='ocrx_word' id='word_1_224' title='bbox 0 0 2154 5978; x_wconf 95' lang='lat' dir='ltr'> </span> 
     </span>
    </p>
   </div>
  </div>
 </body>
</html>
