4292 5984
262 665 298 809 J
312 663 388 795 O.
438 652 835 788 GENESII
894 478 1588 788 SEPULVEDAE39

478 928 601 1041 on
661 923 943 1036 nunus
994 921 1320 1037 cussis

252 1165 864 1332 CAROLI
946 1165 1520 1354 QUINTI

337 1482 772 1570 IMPERATORIS
804 1482 885 1563 ET
903 1488 1078 1564 REGIS
1109 1488 1434 1568 HISPANIAE

533 1827 751 1933 LIBER
804 1821 1231 1936 SECUNDUS.

183 2070 216 2162 Ῑ
253 2023 643 2202 DEWNCTO
670 2096 898 2236 Fornando
918 2105 1062 2257 Rege,
1097 2096 1284 2238 reliquae
1316 2093 1515 2204 nationes
1550 2099 1621 2202 le

149 2279 280 2385 gatos
316 2244 365 2344 in
399 2240 599 2382 Belgium
634 2238 878 2358 miserunt,
916 2277 997 2378 qur
1032 2239 1243 2340 Carolum
1278 2241 1536 2362 salutarent,
1572 2279 1618 2346 et

147 2385 343 2547 hnperio
378 2393 469 2517 ejus
498 2380 809 2523 obtemperare
843 2381 1180 2524 pollicerentur,
1216 2417 1385 2523 praeter
1417 2384 1619 2505 Siculos,

149 2529 233 2666 qui
268 2528 393 2629 rebus
428 2526 555 2626 novis
590 2525 794 2644 studere,
828 2525 1166 2666 auctoribusque
1201 2525 1486 2665 potissimum
1521 2533 1614 2628 Go

152 2670 279 2770 lisani
332 2705 375 2770 et
422 2681 683 2770 Camaratae
729 2667 983 2772 Comitibus
1029 2667 1292 2770 tumultuari
1334 2704 1618 2813 coeperunt3

152 2850 197 2914 et
220 2824 470 2958 Hugonem
496 2814 770 2915 Moncadam
781 2891 796 2934 ,
831 2814 913 2955 qui
948 2852 1032 2955 pro
1067 2821 1213 2975 Rege
1226 2811 1416 2914 insulam
1451 2850 1617 2978 procu-¹

155 2955 307 3078 rabat,
343 2993 526 3099 eratque
558 2959 710 3058 multis
746 2958 855 3058 odio
882 2994 1062 3100 propter
1088 2956 1330 3059 criminum
1364 2995 1527 3098 poenas
1562 2959 1617 3060 ir·

155 3139 357 3244 rogatas,
394 3103 592 3203 occidere
628 3102 837 3204 Panormi
871 3102 1022 3202 conati
1057 3135 1187 3221 sunt,
1223 3102 1395 3203 obsessa
1441 3135 1484 3205 et
1529 3139 1619 3244 op-

155 3281 351 3388 pugnata
380 3248 519 3347 domo
549 3245 720 3389 Regia,
753 3246 802 3346 in
829 3285 919 3387 qua
948 3243 1264 3348 diversabatur
1292 3246 1374 3348 Sed
1400 3245 1542 3364 ille,
1527 3282 1618 3377 Jam

153 3391 296 3490 diruta
332 3427 452 3532 parte
490 3392 680 3551 domus,
714 3429 790 3532 per
825 3389 1048 3554 posticum
1084 3389 1284 3532 elapsus,
1328 3423 1371 3490 et
1418 3388 1619 3490 alluentis

154 3535 284 3633 maris
327 3534 660 3697 opportunitate
701 3574 803 3635 usus
853 3535 1093 3636 actuariam
1125 3571 1284 3636 navem
1325 3533 1617 3648 conscendit,

157 3712 201 3776 et
241 3677 302 3778 sic
344 3679 484 3779 vitato
528 3675 722 3816 periculo
767 3686 1016 3780 Messanam
1051 3719 1141 3780 sese
1174 3677 1367 3817 recepit,
1405 3716 1519 3819 quac
1557 3670 1620 3772 ci·
1652 3715 1682 3814 ·Λ

155 3818 263 3921 vitas
293 3822 424 3923 sola
410 3861 460 3922 ιιι
486 3817 640 3923 officio
675 3858 997 3964 permanserat
1035 3834 1188 3966 Itaque
1216 3832 1415 3963 Hugone
1453 3828 1621 3948 eject0,

153 3964 331 4062 Siculi
319 4002 368 4064 ιιι
412 3976 502 4098 ejus
548 3965 701 4067 locum
744 3966 957 4103 Lycuriae
1003 4002 1049 4066 et
1094 3963 1289 4066 Gitaschi
1334 3957 1618 4061 Marchioncs

154 4101 444 4209 suffecerunt
501 4111 586 4210 His
637 4111 761 4212 rebus
823 4111 1034 4212 nuntiatis
1102 4101 1285 4204 Carolus
1342 4105 1618 4206 Fernandum

153 4261 451 4352 Guevaram
436 4289 532 4383 Jure
569 4251 843 4374 consultum,
879 4247 1178 4352 consiliarium
1213 4285 1372 4369 suum,
1408 4283 1451 4352 et
1478 4257 1620 4387 Jaco

155 4389 264 4492 bum
293 4393 523 4536 Aguilam,
558 4395 780 4534 Equestris
815 4393 995 4495 Ordinis
1032 4391 1371 4495 Calatravae
1325 4431 1490 4514 virum,
1527 4431 1621 4493 cau·

157 4575 248 4636 sam
284 4537 494 4636 tumultus
530 4537 858 4680 cognoscendi,
896 4574 940 4637 et
974 4573 1159 4657 motus,
1196 4539 1344 4679 quoad
1379 4535 1472 4638 fieri
1507 4569 1618 4676 pos-

157 4713 244 4800 set,
282 4680 471 4782 consilio
508 4718 552 4812 ct
588 4681 848 4782 auctoritate
884 4682 1246 4940 comprimendi
1246 4680 1386 4822 gratia
1423 4682 1470 4779 in
1508 4677 1621 4781 Sici-

158 4821 261 4925 liam
305 4825 474 4927 mittit.
512 4807 581 4926 Hi
624 4833 896 4924 Panormum
932 4825 1066 4923 dean
1137 4826 1325 4965 Regiam
1378 4859 1421 4922 et
1474 4824 1621 4923 ceteris

1520 5003 1622 5062 ma·
