4368 5984
703 387 821 466 v1Tn
846 393 912 466 ET
936 391 1147 466 SCRIPTA·
1533 408 1608 480 LV.

274 516 412 606 Tribus
428 513 525 604 hisce
546 508 631 604 belli
659 515 752 631 juste
777 517 929 636 gerendi
945 520 1062 608 causis
1079 581 1091 626 ,
1116 547 1210 636 quas
1227 515 1352 608 multis
1368 522 1572 612 rationibus
1589 554 1628 614 et

187 669 234 726 etr
258 667 361 724 sacra
385 636 607 752 antiquitate
633 637 811 724 desumtis
837 640 1011 753 exemplis
1048 638 1204 724 illustrat
1236 645 1515 749 Democrates,
1543 648 1630 732 alias

186 757 386 872 adjungit,
413 754 611 870 quaelicet
631 755 751 839 minus
768 757 842 841 late
864 782 1037 890 pateant,
1056 756 1246 871 rariusque
1263 761 1628 872 accidant,1ustissi-

183 903 269 960 mae
286 901 414 960 tamen
431 873 616 958 habentur
630 873 912 1017 ,nitunturque
928 877 1006 987 jure
1030 877 1186 960 naturali
1217 899 1256 961 et
1272 876 1415 962 divino.
1452 883 1565 986 Quas
1566 909 1627 966 um

183 1019 258 1076 una
275 991 454 1105 ,inquit,
480 1007 564 1094 est,
589 1005 629 1074 ut
646 1001 787 1098 armis,
816 1000 852 1074 ιι·
878 1000 1105 1100 nonaliapa
1105 1009 1158 1076 tel
1181 1001 1276 1096 via,
1305 997 1546 1105 subjugentur
1570 1008 1620 1104 a'r‘,

182 1137 338 1217 quorum
356 1135 402 1191 eo
418 1111 579 1192 conditio
608 1116 773 1194 natural
758 1137 794 1192 ιι
812 1126 899 1216 ιιι,
931 1126 973 1194 ut
987 1139 1011 1192 a
1012 1117 1077 1193 liis
1092 1127 1233 1218 parere
1262 1115 1430 1196 debeant.
1462 1115 1623 1200 Talibus

182 1237 340 1335 igitur,
362 1234 401 1310 si
423 1232 619 1336 imperium
646 1243 822 1312 recusant
841 1287 854 1332 ,
876 1233 974 1335 quod
995 1227 1161 1333 infertur
1186 1232 1316 1312 bellum
1342 1291 1355 1336 ,
1377 1234 1520 1341 justum
1544 1261 1625 1318 esse

181 1352 263 1456 lege
286 1359 444 1428 nalmoe
461 1345 549 1454 phil
546 1345 762 1454 osophorum
782 1361 795 1401 1
819 1354 977 1430 maxima·
992 1361 1191 1430 testantur.

274 1465 336 1546 En
370 1461 604 1576 Sepulvedae
631 1462 855 1580 singularem
884 1463 1138 1570 sententiam,
1168 1491 1285 1578 quam
1308 1489 1395 1554 toto
1410 1466 1485 1552 hoc
1507 1497 1623 1597 opere

184 1609 257 1695 pro
278 1577 372 1667 viriii
400 1580 637 1694 probandam
667 1581 862 1694 suscepit,
890 1610 1065 1697 quaeque
1096 1582 1259 1696 plurimis
1283 1581 1512 1672 offendiculo
1542 1583 1625 1672 tuit.

184 1696 390 1783 Exhorruit
416 1695 576 1781 adhaec
600 1698 834 1784 Democratis
850 1701 966 1786 verba
981 1698 1224 1814 Leopoldus,
1250 1701 1317 1815 qui
1342 1703 1528 1788 neminem
1553 1733 1625 1817 pu·

185 1816 288 1900 tabat
306 1845 331 1900 a
357 1837 492 1900 natura
511 1815 763 1920 damnatum,
793 1841 836 1902 ut
851 1817 1039 1903 alterius
1028 1818 1185 1952 irnperio
1217 1817 1400 1927 subjectus
1416 1847 1492 1904 esse
1509 1847 1627 1935 coge

183 1956 311 2020 retur:
340 1931 450 2068 quod
467 1932 622 2048 perinde
639 1957 733 2021 esset
761 1962 805 2019 ac
821 1962 954 2021 natura
986 1937 1202 2023 servitutem
1229 1935 1421 2024 inductam
1452 1965 1624 2042 asserere,
1764 1955 1767 1962 '

183 2075 342 2136 curnet
366 2049 432 2166 ipsi
449 2049 535 2164 juris
559 2051 719 2137 consulti
742 2051 913 2139 homines
928 2079 1085 2140 cunctos
1100 2053 1206 2138 initio
1221 2052 1354 2141 liberos
1376 2051 1483 2140 fuisse
1500 2078 1626 2160 natos,

180 2191 221 2254 et
235 2167 453 2256 servitutem
469 2193 615 2283 praeter
640 2195 812 2256 naturam
830 2169 908 2281 jure
925 2171 1094 2288 gentium
1109 2171 1364 2257 introductam
1382 2169 1581 2261 affirment.

272 2291 516 2374 Democrates
538 2311 582 2372 ut
602 2287 678 2372 hoe
694 2286 811 2374 telum
828 2288 956 2395 evitet,
976 2317 1055 2375 non
1072 2287 1210 2374 eodem
1234 2289 1354 2374 modo
1371 2312 1583 2376 servitutem
1600 2316 1625 2374 a

182 2400 265 2516 jure
288 2403 486 2492 consultis
489 2429 528 2490 et
551 2405 820 2520 aphilosophis
835 2433 1026 2522 acceptam
1039 2405 1246 2493 contendit.
1278 2405 1340 2489 llll
1311 2413 1451 2490 lerlm
1462 2406 1624 2520 ,inquit,

180 2525 447 2606 occidentalem
461 2529 564 2606 illam
582 2582 595 2627 ,
611 2520 864 2631 fortunaeque
878 2539 915 2607 et
930 2530 1179 2633 potentiarum
1202 2529 1400 2607 uiolentiae
1421 2527 1625 2632 subjectam

179 2641 421 2723 conditionem
448 2648 671 2726 seruitutem
690 2656 853 2726 uocata:
886 2657 928 2725 ot
946 2641 1158 2752 philosophi
1180 2645 1401 2725 tarditatem
1424 2647 1527 2724 illam
1559 2663 1626 2720 uo·

181 2769 269 2841 tura
288 2763 443 2840 insitam
460 2773 532 2864 ,et
550 2785 669 2844 mores
683 2760 897 2843 inhumanos
916 2786 963 2844 aa
989 2761 1172 2845 barbaros
1183 2777 1258 2867 pro
1274 2766 1461 2842 seruitute
1472 2758 1618 2840 habeat.

178 2871 337 2984 Insuper
349 2889 388 2959 el
404 2876 473 2961 boc
488 2885 726 2981 memneris,
752 2882 912 2986 imperio
926 2901 1066 2984 quoque
1089 2880 1245 2960 diversa
1266 2890 1304 2958 et
1321 2879 1545 2983 ruultr'plicio
1561 2898 1619 2955 es·

179 3016 220 3074 se
235 3021 244 3076 :
261 2999 377 3077 aliter
393 2999 490 3078 enim
512 3000 655 3103 ollaque
671 2997 761 3103 jure
785 3011 901 3104 poter
930 3003 1092 3102 imperat
1105 2991 1211 3092 filiis
1227 3053 1239 3098 ,
1258 2997 1371 3078 aliter
1396 2998 1508 3086 uxori
1528 2997 1622 3094 uir,

180 3113 292 3196 aliter
307 3109 475 3196 domiuus
490 3119 618 3198 seruis
633 3173 645 3218 ,
661 3118 774 3196 aliter
790 3113 940 3197 ctvllm
953 3117 1214 3220 magistratus,
1233 3115 1344 3193 aliter
1360 3109 1445 3194 Rex
1460 3109 1629 3192 subditis

180 3235 273 3311 suls.
289 3227 404 3337 ,Quae
418 3237 578 3340 imperia
594 3236 770 3338 quamvis
784 3236 934 3316 multum
955 3238 1054 3314 iuter
1074 3255 1156 3312 sese
1179 3233 1256 3317 sim
1270 3225 1506 3332 differentia,
1535 3251 1619 3309 surr

181 3357 301 3427 tamen
314 3355 461 3432 ratione
483 3364 589 3434 recta
604 3363 817 3458 geruntur,
839 3351 1056 3458 omnlojure
1071 3361 1228 3430 normae
1253 3351 1491 3452 instituatur,
1508 3349 1620 3426 varie

180 3465 355 3569 quidem,
383 3469 453 3548 sed
465 3467 515 3548 ab
536 3491 605 3550 uno
623 3472 818 3574 principio
837 3480 875 3548 et
908 3472 1077 3550 instituto
1104 3469 1296 3566 naturali,
1320 3477 1363 3546 ut
1387 3466 1515 3546 dorem
1525 3460 1625 3567 phi·

182 3575 348 3688 losoplai,
372 3595 389 3636 ¹
399 3581 588 3692 proserta.
619 3585 795 3666 ls'idemm
810 3584 970 3688 ubique,
1003 3596 1045 3666 ut
1056 3579 1233 3690 perflato
1249 3576 1465 3688 imperfect
1449 3604 1484 3661 ιι
1506 3634 1521 3681 ,
1535 3573 1623 3680 for-

181 3705 237 3779 tla
252 3701 469 3804 debilibus,
496 3705 655 3785 meliora
664 3703 856 3810 peloridas
871 3708 1074 3808 imperem
1069 3727 1120 3784 ιιι
1146 3703 1392 3785 dominentur.
1423 3696 1539 3804 Quod
1563 3703 1624 3772 est

179 3841 293 3920 usque
307 3821 397 3902 adeo
418 3759 614 3923 adlurole,
638 3827 711 3901 ut
696 3846 736 3901 ιιι
753 3825 898 3902 canolis
913 3819 1051 3922 rebus,
1077 3843 1170 3924 quoe
1191 3844 1240 3900 ιιι
1257 3821 1441 3899 coutinuis
1462 3818 1547 3892 siue
1564 3810 1619 3888 dl·

181 3940 282 4014 vlsr‘s
301 3944 530 4039 consistunt,
549 3940 706 4019 alterum
729 3997 741 4042 ,
767 3938 865 4043 quod
888 3942 1017 4044 polius
1040 3951 1128 4038 est,
1150 3951 1168 4010 ι
1189 3946 1313 4018 teneat
1337 3947 1483 4037 semper
1510 3932 1620 4033 impe·

182 4057 291 4156 mura,
307 4058 467 4137 alterum
478 4079 570 4137 vero
586 4111 599 4156 ,
616 4057 715 4160 quod
732 4059 856 4163 pejus,
871 4056 1078 4162 subjeetum
1098 4075 1180 4133 esse
1206 4061 1377 4156 cogatur.
1395 4049 1501 4130 Haec
1519 4065 1623 4157 post·

184 4193 299 4280 quam
318 4170 440 4256 multis
474 4169 666 4259 illustravit
697 4175 942 4256 Democrates
973 4164 1221 4273 ,concluditt
1251 4165 1335 4273 ,Qui
1361 4168 1564 4274 prudentio
1581 4172 1619 4240 et

179 4291 324 4392 lagerio
339 4294 493 4392 valent,
519 4313 587 4370 non
613 4296 785 4396 corporis
800 4287 967 4389 viribus,
984 4288 1051 4368 hos
1074 4311 1155 4366 esse
1179 4299 1316 4366 natura
1332 4286 1494 4366 dommus
1510 4306 1523 4380 3
1539 4301 1621 4359 ooa-

178 4415 241 4488 tra
256 4406 390 4492 tardos
417 4471 429 4512 ,
459 4407 635 4513 lebetes,
659 4409 729 4566 sed
744 4422 907 4515 ¹corpore
930 4405 1081 4488 validos
1106 4405 1159 4486 od
1184 4401 1388 4486 subeundos
1412 4399 1557 4482 labores
1582 4407 1620 4476 et

1555 4536 1622 4592 ne-

220 4687 235 4730 ι
277 4671 364 4734 citat
384 4675 517 4735 hocloco
535 4670 698 4750 Sepulvedu
714 4667 910 4731 Aristotelem
932 4685 959 4730 1.
968 4665 1095 4730 Pollu'c.
1111 4683 1173 4743 cap.
1186 4677 1213 4743 ς
1227 4663 1306 4742 eujus
1322 4656 1539 4726 retbainferius
1552 4655 1621 4714 sub·

187 4745 329 4824 iitiuntur.

226 4849 244 4891 ι
282 4835 410 4892 Αιὶιιοι.
434 4831 599 4895 1.Pols‘tr'c.

224 4912 412 4987 3Polltlc.
427 4913 478 4977 lib.
487 4933 514 4979 ι.
