<?xml version="1.0" encoding="UTF-8"?>
<!DOCTYPE html PUBLIC "-//W3C//DTD XHTML 1.0 Transitional//EN"
    "http://www.w3.org/TR/xhtml1/DTD/xhtml1-transitional.dtd">
<html xmlns="http://www.w3.org/1999/xhtml" xml:lang="en" lang="en">
 <head>
  <title>
</title>
<meta http-equiv="Content-Type" content="text/html;charset=utf-8" />
  <meta name='ocr-system' content='tesseract 3.04.00' />
  <meta name='ocr-capabilities' content='ocr_page ocr_carea ocr_par ocr_line ocrx_word'/>
</head>
<body>
  <div class='ocr_page' id='page_1' title='image "./joannisgenesiis02sepgoog_0425.png"; bbox 0 0 4298 5980; ppageno 0'>
   <div class='ocr_carea' id='block_1_1' title="bbox 150 455 1657 4644">
    <p class='ocr_par' dir='ltr' id='par_1_1' title="bbox 150 455 1626 2498">
     <span class='ocr_line' id='line_1_1' title="bbox 423 455 1572 565; baseline 0.001 -3"><span class='ocrx_word' id='word_1_1' title='bbox 423 455 436 492; x_wconf 81' lang='grc'>”</span> <span class='ocrx_word' id='word_1_2' title='bbox 568 480 814 564; x_wconf 74' lang='lat' dir='ltr'>canois</span> <span class='ocrx_word' id='word_1_3' title='bbox 862 481 915 563; x_wconf 88' lang='lat' dir='ltr'>v.</span> <span class='ocrx_word' id='word_1_4' title='bbox 951 485 1181 565; x_wconf 75' lang='lat' dir='ltr'>uruvr.</span> <span class='ocrx_word' id='word_1_5' title='bbox 1488 477 1572 563; x_wconf 74' lang='lat'><em>1181</em></span> 
     </span>
     <span class='ocr_line' id='line_1_2' title="bbox 153 633 1624 790; baseline 0.007 -46"><span class='ocrx_word' id='word_1_6' title='bbox 153 643 253 763; x_wconf 89' lang='lat' dir='ltr'>cia,</span> <span class='ocrx_word' id='word_1_7' title='bbox 291 641 439 784; x_wconf 70' lang='lat' dir='ltr'>,quam</span> <span class='ocrx_word' id='word_1_8' title='bbox 476 635 576 738; x_wconf 83' lang='lat' dir='ltr'>sibi.</span> <span class='ocrx_word' id='word_1_9' title='bbox 604 633 806 739; x_wconf 76' lang='lat' dir='ltr'>Pontifea&#39;t</span> <span class='ocrx_word' id='word_1_10' title='bbox 843 641 945 740; x_wconf 88' lang='lat' dir='ltr'>dare</span> <span class='ocrx_word' id='word_1_11' title='bbox 993 643 1229 784; x_wconf 71' lang='lat' dir='ltr'>cogitaret,</span> <span class='ocrx_word' id='word_1_12' title='bbox 1276 649 1545 790; x_wconf 81' lang='lat' dir='ltr'>suscrptenda</span> <span class='ocrx_word' id='word_1_13' title='bbox 1580 691 1624 756; x_wconf 88' lang='lat' dir='ltr'>se</span> 
     </span>
     <span class='ocr_line' id='line_1_3' title="bbox 153 777 1625 913; baseline 0.006 -26"><span class='ocrx_word' id='word_1_14' title='bbox 153 785 322 888; x_wconf 85' lang='lat' dir='ltr'>Patriae</span> <span class='ocrx_word' id='word_1_15' title='bbox 358 783 719 885; x_wconf 80' lang='lat' dir='ltr'>studiosissimum</span> <span class='ocrx_word' id='word_1_16' title='bbox 754 782 900 884; x_wconf 87' lang='lat' dir='ltr'>minus</span> <span class='ocrx_word' id='word_1_17' title='bbox 938 777 1070 884; x_wconf 81' lang='lat' dir='ltr'>firisse</span> <span class='ocrx_word' id='word_1_18' title='bbox 1106 787 1437 913; x_wconf 80' lang='lat' dir='ltr'>dubitaturum,</span> <span class='ocrx_word' id='word_1_19' title='bbox 1474 791 1530 894; x_wconf 79' lang='lat' dir='ltr'>si</span> <span class='ocrx_word' id='word_1_20' title='bbox 1553 794 1625 896; x_wconf 72' lang='lat' dir='ltr'>fo-</span> 
     </span>
     <span class='ocr_line' id='line_1_4' title="bbox 150 929 1623 1046; baseline 0.008 -16"><span class='ocrx_word' id='word_1_21' title='bbox 150 965 217 1031; x_wconf 91' lang='lat' dir='ltr'>ret</span> <span class='ocrx_word' id='word_1_22' title='bbox 254 929 393 1028; x_wconf 90' lang='lat' dir='ltr'>modo</span> <span class='ocrx_word' id='word_1_23' title='bbox 431 965 538 1046; x_wconf 88' lang='lat' dir='ltr'>sua,</span> <span class='ocrx_word' id='word_1_24' title='bbox 588 963 631 1027; x_wconf 88' lang='lat' dir='ltr'>et</span> <span class='ocrx_word' id='word_1_25' title='bbox 676 963 923 1027; x_wconf 87' lang='lat' dir='ltr'>ceteronrm</span> <span class='ocrx_word' id='word_1_26' title='bbox 962 929 1176 1032; x_wconf 84' lang='lat' dir='ltr'>Italorum</span> <span class='ocrx_word' id='word_1_27' title='bbox 1219 936 1374 1034; x_wconf 88' lang='lat' dir='ltr'>eadem</span> <span class='ocrx_word' id='word_1_28' title='bbox 1421 939 1623 1042; x_wconf 88' lang='lat' dir='ltr'>conditio</span> 
     </span>
     <span class='ocr_line' id='line_1_5' title="bbox 152 1066 1625 1223; baseline 0.005 -51"><span class='ocrx_word' id='word_1_29' title='bbox 152 1109 198 1172; x_wconf 92' lang='lat' dir='ltr'>et</span> <span class='ocrx_word' id='word_1_30' title='bbox 236 1111 396 1179; x_wconf 71' lang='lat' dir='ltr'>causat</span> <span class='ocrx_word' id='word_1_31' title='bbox 434 1072 509 1170; x_wconf 89' lang='lat' dir='ltr'>sed</span> <span class='ocrx_word' id='word_1_32' title='bbox 544 1072 670 1210; x_wconf 92' lang='lat' dir='ltr'>quod</span> <span class='ocrx_word' id='word_1_33' title='bbox 713 1070 805 1169; x_wconf 87' lang='lat' dir='ltr'>aliis</span> <span class='ocrx_word' id='word_1_34' title='bbox 850 1066 1033 1171; x_wconf 87' lang='lat' dir='ltr'>fortasse</span> <span class='ocrx_word' id='word_1_35' title='bbox 1075 1075 1320 1218; x_wconf 82' lang='lat' dir='ltr'>gloriosum</span> <span class='ocrx_word' id='word_1_36' title='bbox 1364 1075 1499 1200; x_wconf 79' lang='lat' dir='ltr'>esset,</span> <span class='ocrx_word' id='word_1_37' title='bbox 1544 1085 1625 1223; x_wconf 86' lang='lat' dir='ltr'>qui</span> 
     </span>
     <span class='ocr_line' id='line_1_6' title="bbox 150 1213 1625 1361; baseline 0.007 -46"><span class='ocrx_word' id='word_1_38' title='bbox 150 1215 279 1316; x_wconf 90' lang='lat' dir='ltr'>nullo</span> <span class='ocrx_word' id='word_1_39' title='bbox 320 1219 655 1314; x_wconf 74' lang='lat' dir='ltr'>&#39;auctoramento</span> <span class='ocrx_word' id='word_1_40' title='bbox 701 1213 864 1315; x_wconf 81' lang='lat' dir='ltr'>Ca&#39;rblo</span> <span class='ocrx_word' id='word_1_41' title='bbox 908 1219 1087 1318; x_wconf 84' lang='lat' dir='ltr'>Caesari</span> <span class='ocrx_word' id='word_1_42' title='bbox 1136 1216 1324 1361; x_wconf 81' lang='lat' dir='ltr'>obligati</span> <span class='ocrx_word' id='word_1_43' title='bbox 1369 1259 1533 1344; x_wconf 83' lang='lat' dir='ltr'>essent,</span> <span class='ocrx_word' id='word_1_44' title='bbox 1575 1225 1625 1326; x_wconf 89' lang='lat' dir='ltr'>id</span> 
     </span>
     <span class='ocr_line' id='line_1_7' title="bbox 151 1355 1626 1492; baseline 0.006 -33"><span class='ocrx_word' id='word_1_45' title='bbox 151 1355 275 1477; x_wconf 84' lang='lat' dir='ltr'>sibi,</span> <span class='ocrx_word' id='word_1_46' title='bbox 313 1367 436 1489; x_wconf 91' lang='lat' dir='ltr'>cujus</span> <span class='ocrx_word' id='word_1_47' title='bbox 472 1357 543 1456; x_wconf 89' lang='lat' dir='ltr'>ille</span> <span class='ocrx_word' id='word_1_48' title='bbox 575 1355 681 1461; x_wconf 86' lang='lat' dir='ltr'>fidei</span> <span class='ocrx_word' id='word_1_49' title='bbox 728 1389 866 1456; x_wconf 84' lang='lat' dir='ltr'>tanta</span> <span class='ocrx_word' id='word_1_50' title='bbox 885 1363 1030 1459; x_wconf 88' lang='lat' dir='ltr'>rerum</span> <span class='ocrx_word' id='word_1_51' title='bbox 1064 1399 1293 1464; x_wconf 84' lang='lat' dir='ltr'>momenta</span> <span class='ocrx_word' id='word_1_52' title='bbox 1326 1367 1626 1492; x_wconf 66' lang='lat' dir='ltr'>credidisset,</span> 
     </span>
     <span class='ocr_line' id='line_1_8' title="bbox 150 1497 1624 1650; baseline 0.005 -46"><span class='ocrx_word' id='word_1_53' title='bbox 150 1541 247 1604; x_wconf 92' lang='lat' dir='ltr'>non</span> <span class='ocrx_word' id='word_1_54' title='bbox 283 1499 430 1601; x_wconf 90' lang='lat' dir='ltr'>videre</span> <span class='ocrx_word' id='word_1_55' title='bbox 465 1500 699 1639; x_wconf 89' lang='lat' dir='ltr'>quomodo</span> <span class='ocrx_word' id='word_1_56' title='bbox 736 1537 830 1600; x_wconf 91' lang='lat' dir='ltr'>non</span> <span class='ocrx_word' id='word_1_57' title='bbox 867 1499 936 1599; x_wconf 72' lang='lat' dir='ltr'>sit-</span> <span class='ocrx_word' id='word_1_58' title='bbox 956 1497 1164 1606; x_wconf 85' lang='lat' dir='ltr'>infamiae</span> <span class='ocrx_word' id='word_1_59' title='bbox 1200 1546 1248 1606; x_wconf 87' lang='lat' dir='ltr'>ac</span> <span class='ocrx_word' id='word_1_60' title='bbox 1286 1507 1494 1611; x_wconf 86' lang='lat' dir='ltr'>dedecori</span> <span class='ocrx_word' id='word_1_61' title='bbox 1530 1550 1624 1650; x_wconf 86' lang='lat' dir='ltr'>per-</span> 
     </span>
     <span class='ocr_line' id='line_1_9' title="bbox 154 1637 1624 1755; baseline 0.007 -11"><span class='ocrx_word' id='word_1_62' title='bbox 154 1642 389 1744; x_wconf 88' lang='lat' dir='ltr'>duellionis</span> <span class='ocrx_word' id='word_1_63' title='bbox 426 1642 609 1744; x_wconf 91' lang='lat' dir='ltr'>nomine</span> <span class='ocrx_word' id='word_1_64' title='bbox 644 1637 873 1744; x_wconf 88' lang='lat' dir='ltr'>futurum.</span> <span class='ocrx_word' id='word_1_65' title='bbox 927 1651 1051 1746; x_wconf 88' lang='lat' dir='ltr'>Nam</span> <span class='ocrx_word' id='word_1_66' title='bbox 1099 1649 1136 1748; x_wconf 89' lang='lat' dir='ltr'>si</span> <span class='ocrx_word' id='word_1_67' title='bbox 1178 1648 1360 1751; x_wconf 87' lang='lat' dir='ltr'>honeste</span> <span class='ocrx_word' id='word_1_68' title='bbox 1393 1655 1442 1754; x_wconf 92' lang='lat' dir='ltr'>id</span> <span class='ocrx_word' id='word_1_69' title='bbox 1483 1649 1624 1755; x_wconf 86' lang='lat' dir='ltr'>facere</span> 
     </span>
     <span class='ocr_line' id='line_1_10' title="bbox 150 1781 1623 1928; baseline 0.008 -42"><span class='ocrx_word' id='word_1_70' title='bbox 150 1826 279 1928; x_wconf 87' lang='lat' dir='ltr'>posse</span> <span class='ocrx_word' id='word_1_71' title='bbox 288 1831 302 1849; x_wconf 91' lang='lat'>··</span> <span class='ocrx_word' id='word_1_72' title='bbox 316 1785 523 1903; x_wconf 85' lang='lat' dir='ltr'>doceatur</span> <span class='ocrx_word' id='word_1_73' title='bbox 538 1864 552 1905; x_wconf 96' lang='lat'>,</span> <span class='ocrx_word' id='word_1_74' title='bbox 568 1877 572 1886; x_wconf 87' lang='grc'><em>,</em></span> <span class='ocrx_word' id='word_1_75' title='bbox 588 1783 700 1886; x_wconf 88' lang='lat' dir='ltr'>nihil</span> <span class='ocrx_word' id='word_1_76' title='bbox 736 1787 785 1891; x_wconf 90' lang='lat' dir='ltr'>in</span> <span class='ocrx_word' id='word_1_77' title='bbox 820 1828 863 1886; x_wconf 90' lang='lat' dir='ltr'>se</span> <span class='ocrx_word' id='word_1_78' title='bbox 898 1781 1008 1886; x_wconf 91' lang='lat' dir='ltr'>fore·</span> <span class='ocrx_word' id='word_1_79' title='bbox 1028 1791 1098 1890; x_wconf 85' lang='lat' dir='ltr'>vel</span> <span class='ocrx_word' id='word_1_80' title='bbox 1135 1831 1313 1910; x_wconf 88' lang='lat' dir='ltr'>morae,</span> <span class='ocrx_word' id='word_1_81' title='bbox 1339 1795 1410 1895; x_wconf 78' lang='lat' dir='ltr'>vel</span> <span class='ocrx_word' id='word_1_82' title='bbox 1445 1836 1623 1899; x_wconf 64' lang='lat' dir='ltr'>cuncta⁴</span> 
     </span>
     <span class='ocr_line' id='line_1_11' title="bbox 151 1930 1621 2070; baseline 0.009 -42"><span class='ocrx_word' id='word_1_83' title='bbox 151 1931 286 2033; x_wconf 86' lang='lat' dir='ltr'>tionis</span> <span class='ocrx_word' id='word_1_84' title='bbox 322 1930 541 2066; x_wconf 80' lang='lat' dir='ltr'>ostendit.</span> <span class='ocrx_word' id='word_1_85' title='bbox 580 1934 686 2026; x_wconf 90' lang='lat' dir='ltr'>Hoc</span> <span class='ocrx_word' id='word_1_86' title='bbox 703 1939 927 2068; x_wconf 81' lang='lat' dir='ltr'>&#39;responso</span> <span class='ocrx_word' id='word_1_87' title='bbox 964 1967 1176 2070; x_wconf 87' lang='lat' dir='ltr'>accepto,</span> <span class='ocrx_word' id='word_1_88' title='bbox 1214 1930 1418 2036; x_wconf 85' lang='lat' dir='ltr'>Pontifex</span> <span class='ocrx_word' id='word_1_89' title='bbox 1452 1933 1621 2041; x_wconf 86' lang='lat' dir='ltr'>fallaci-</span> 
     </span>
     <span class='ocr_line' id='line_1_12' title="bbox 153 2069 1624 2221; baseline 0.009 -50"><span class='ocrx_word' id='word_1_90' title='bbox 153 2071 236 2173; x_wconf 83' lang='lat' dir='ltr'>bus</span> <span class='ocrx_word' id='word_1_91' title='bbox 287 2069 589 2213; x_wconf 77' lang='lat' dir='ltr'>quibusdam,</span> <span class='ocrx_word' id='word_1_92' title='bbox 641 2069 717 2168; x_wconf 85' lang='lat' dir='ltr'>sed</span> <span class='ocrx_word' id='word_1_93' title='bbox 744 2109 785 2168; x_wconf 85' lang='lat' dir='ltr'>a</span> <span class='ocrx_word' id='word_1_94' title='bbox 826 2069 949 2198; x_wconf 64' lang='lat' dir='ltr'>juris,</span> <span class='ocrx_word' id='word_1_95' title='bbox 973 2073 1135 2209; x_wconf 84' lang='lat' dir='ltr'>specie.</span> <span class='ocrx_word' id='word_1_96' title='bbox 1167 2075 1309 2175; x_wconf 79' lang='lat' dir='ltr'>ductis</span> <span class='ocrx_word' id='word_1_97' title='bbox 1354 2084 1624 2221; x_wconf 83' lang='lat' dir='ltr'>argumentis</span> 
     </span>
     <span class='ocr_line' id='line_1_13' title="bbox 152 2208 1624 2364; baseline -0.005 -48"><span class='ocrx_word' id='word_1_98' title='bbox 152 2213 411 2320; x_wconf 86' lang='lat' dir='ltr'>Marchioni</span> <span class='ocrx_word' id='word_1_99' title='bbox 448 2211 698 2354; x_wconf 87' lang='lat' dir='ltr'>persuadere</span> <span class='ocrx_word' id='word_1_100' title='bbox 734 2211 888 2312; x_wconf 90' lang='lat' dir='ltr'>nititur</span> <span class='ocrx_word' id='word_1_101' title='bbox 924 2211 973 2315; x_wconf 88' lang='lat' dir='ltr'>id</span> <span class='ocrx_word' id='word_1_102' title='bbox 1008 2208 1170 2316; x_wconf 88' lang='lat' dir='ltr'>facinus</span> <span class='ocrx_word' id='word_1_103' title='bbox 1207 2215 1397 2357; x_wconf 82' lang='lat' dir='ltr'>abipso</span> <span class='ocrx_word' id='word_1_104' title='bbox 1441 2225 1515 2364; x_wconf 82' lang='lat' dir='ltr'>pie</span> <span class='ocrx_word' id='word_1_105' title='bbox 1558 2262 1624 2328; x_wconf 71' lang='lat' dir='ltr'>at..</span> 
     </span>
     <span class='ocr_line' id='line_1_14' title="bbox 155 2353 1331 2498; baseline 0.004 -45"><span class='ocrx_word' id='word_1_106' title='bbox 155 2397 246 2498; x_wconf 79' lang='lat' dir='ltr'>que</span> <span class='ocrx_word' id='word_1_107' title='bbox 282 2390 425 2457; x_wconf 90' lang='lat' dir='ltr'>sancte</span> <span class='ocrx_word' id='word_1_108' title='bbox 457 2353 619 2496; x_wconf 90' lang='lat' dir='ltr'>patrari</span> <span class='ocrx_word' id='word_1_109' title='bbox 654 2389 811 2495; x_wconf 87' lang='lat' dir='ltr'>posse.</span> <span class='ocrx_word' id='word_1_110' title='bbox 1209 2367 1233 2456; x_wconf 80' lang='grc'>’,</span> <span class='ocrx_word' id='word_1_111' title='bbox 1325 2444 1331 2458; x_wconf 81' lang='grc'><em>,</em></span> 
     </span>
    </p>

    <p class='ocr_par' dir='ltr' id='par_1_2' title="bbox 153 2495 1657 4644">
     <span class='ocr_line' id='line_1_15' title="bbox 154 2495 1623 2644; baseline 0.007 -46"><span class='ocrx_word' id='word_1_112' title='bbox 154 2561 161 2568; x_wconf 86' lang='grc'><em>·</em></span> <span class='ocrx_word' id='word_1_113' title='bbox 254 2509 369 2599; x_wconf 83' lang='grc' dir='ltr'><strong>ΧΗΙ.</strong></span> <span class='ocrx_word' id='word_1_114' title='bbox 412 2539 415 2542; x_wconf 93' lang='grc'><strong><em>·</em></strong></span> <span class='ocrx_word' id='word_1_115' title='bbox 480 2499 605 2599; x_wconf 84' lang='lat' dir='ltr'>D&#39;urn</span> <span class='ocrx_word' id='word_1_116' title='bbox 646 2497 720 2596; x_wconf 85' lang='lat' dir='ltr'>his.</span> <span class='ocrx_word' id='word_1_117' title='bbox 742 2499 811 2598; x_wconf 74' lang='lat' dir='ltr'>&#39;de</span> <span class='ocrx_word' id='word_1_118' title='bbox 837 2495 981 2600; x_wconf 71' lang='lat' dir='ltr'>¹rebus</span> <span class='ocrx_word' id='word_1_119' title='bbox 999 2589 1006 2598; x_wconf 93' lang='lat'>.</span> <span class='ocrx_word' id='word_1_120' title='bbox 1023 2500 1189 2602; x_wconf 91' lang='lat' dir='ltr'>nuntiis</span> <span class='ocrx_word' id='word_1_121' title='bbox 1209 2560 1238 2619; x_wconf 71' lang='grc' dir='ltr'>ι,</span> <span class='ocrx_word' id='word_1_122' title='bbox 1268 2507 1420 2644; x_wconf 81' lang='lat' dir='ltr'>atque</span> <span class='ocrx_word' id='word_1_123' title='bbox 1471 2505 1623 2610; x_wconf 86' lang='lat' dir='ltr'>litteris</span> 
     </span>
     <span class='ocr_line' id='line_1_16' title="bbox 154 2639 1622 2789; baseline 0.008 -49"><span class='ocrx_word' id='word_1_124' title='bbox 154 2639 309 2761; x_wconf 87' lang='lat' dir='ltr'>ultro,</span> <span class='ocrx_word' id='word_1_125' title='bbox 353 2641 556 2782; x_wconf 88' lang='lat' dir='ltr'>citroque</span> <span class='ocrx_word' id='word_1_126' title='bbox 598 2640 824 2742; x_wconf 88' lang='lat' dir='ltr'>mittendis</span> <span class='ocrx_word' id='word_1_127' title='bbox 868 2679 1039 2782; x_wconf 88' lang='lat' dir='ltr'>tempus</span> <span class='ocrx_word' id='word_1_128' title='bbox 1061 2641 1354 2782; x_wconf 18' lang='lat' dir='ltr'>seruabitur,</span> <span class='ocrx_word' id='word_1_129' title='bbox 1404 2649 1484 2748; x_wconf 87' lang='lat' dir='ltr'>etsi</span> <span class='ocrx_word' id='word_1_130' title='bbox 1525 2651 1622 2789; x_wconf 60' lang='lat' dir='ltr'>ple-v</span> 
     </span>
     <span class='ocr_line' id='line_1_17' title="bbox 153 2783 1621 2930; baseline 0.007 -47"><span class='ocrx_word' id='word_1_131' title='bbox 153 2822 292 2926; x_wconf 89' lang='lat' dir='ltr'>taque</span> <span class='ocrx_word' id='word_1_132' title='bbox 346 2797 677 2922; x_wconf 87' lang='lat' dir='ltr'>conjuratorum</span> <span class='ocrx_word' id='word_1_133' title='bbox 735 2785 923 2886; x_wconf 85' lang='lat' dir='ltr'>consilia</span> <span class='ocrx_word' id='word_1_134' title='bbox 976 2783 1193 2887; x_wconf 85' lang='lat' dir='ltr'>Marchio</span> <span class='ocrx_word' id='word_1_135' title='bbox 1232 2789 1485 2930; x_wconf 84' lang='lat' dir='ltr'>perquirens</span> <span class='ocrx_word' id='word_1_136' title='bbox 1538 2833 1621 2893; x_wconf 49' lang='lat' dir='ltr'>coa*</span> 
     </span>
     <span class='ocr_line' id='line_1_18' title="bbox 155 2929 1621 3074; baseline 0.005 -47"><span class='ocrx_word' id='word_1_137' title='bbox 155 2963 403 3070; x_wconf 87' lang='lat' dir='ltr'>gnoverat,</span> <span class='ocrx_word' id='word_1_138' title='bbox 441 2930 591 3028; x_wconf 84' lang='lat' dir='ltr'>statuit</span> <span class='ocrx_word' id='word_1_139' title='bbox 629 2966 777 3032; x_wconf 86' lang='lat' dir='ltr'>tamen</span> <span class='ocrx_word' id='word_1_140' title='bbox 817 2929 1152 3065; x_wconf 89' lang='lat' dir='ltr'>Hieronymum</span> <span class='ocrx_word' id='word_1_141' title='bbox 1195 2937 1445 3033; x_wconf 89' lang='lat' dir='ltr'>Motonum</span> <span class='ocrx_word' id='word_1_142' title='bbox 1487 2935 1621 3074; x_wconf 64' lang='lat' dir='ltr'>cape-2</span> 
     </span>
     <span class='ocr_line' id='line_1_19' title="bbox 153 3069 1655 3211; baseline 0.005 -41"><span class='ocrx_word' id='word_1_143' title='bbox 153 3110 241 3190; x_wconf 90' lang='lat' dir='ltr'>re,</span> <span class='ocrx_word' id='word_1_144' title='bbox 290 3106 339 3172; x_wconf 91' lang='lat' dir='ltr'>ut</span> <span class='ocrx_word' id='word_1_145' title='bbox 380 3111 454 3211; x_wconf 87' lang='lat' dir='ltr'>per</span> <span class='ocrx_word' id='word_1_146' title='bbox 496 3069 623 3204; x_wconf 86' lang='lat' dir='ltr'>hujus</span> <span class='ocrx_word' id='word_1_147' title='bbox 666 3072 883 3174; x_wconf 87' lang='lat' dir='ltr'>indicium</span> <span class='ocrx_word' id='word_1_148' title='bbox 926 3113 1028 3174; x_wconf 91' lang='lat' dir='ltr'>curn</span> <span class='ocrx_word' id='word_1_149' title='bbox 1071 3075 1291 3195; x_wconf 84' lang='lat' dir='ltr'>aliorum,</span> <span class='ocrx_word' id='word_1_150' title='bbox 1334 3109 1432 3176; x_wconf 89' lang='lat' dir='ltr'>turn</span> <span class='ocrx_word' id='word_1_151' title='bbox 1476 3080 1655 3178; x_wconf 51' lang='lat' dir='ltr'>maxia</span> 
     </span>
     <span class='ocr_line' id='line_1_20' title="bbox 155 3211 1621 3359; baseline 0.006 -47"><span class='ocrx_word' id='word_1_152' title='bbox 155 3249 231 3314; x_wconf 88' lang='lat' dir='ltr'>me</span> <span class='ocrx_word' id='word_1_153' title='bbox 274 3211 457 3315; x_wconf 85' lang='lat' dir='ltr'>Sfortiae</span> <span class='ocrx_word' id='word_1_154' title='bbox 497 3215 634 3316; x_wconf 89' lang='lat' dir='ltr'>Ducis</span> <span class='ocrx_word' id='word_1_155' title='bbox 686 3217 867 3316; x_wconf 83' lang='lat' dir='ltr'>consilia</span> <span class='ocrx_word' id='word_1_156' title='bbox 915 3217 1070 3317; x_wconf 87' lang='lat' dir='ltr'>certius</span> <span class='ocrx_word' id='word_1_157' title='bbox 1113 3259 1163 3317; x_wconf 89' lang='lat' dir='ltr'>ac</span> <span class='ocrx_word' id='word_1_158' title='bbox 1212 3219 1487 3359; x_wconf 83' lang='lat' dir='ltr'>perquisitius</span> <span class='ocrx_word' id='word_1_159' title='bbox 1518 3261 1621 3321; x_wconf 43' lang='lat' dir='ltr'>,co-</span> 
     </span>
     <span class='ocr_line' id='line_1_21' title="bbox 155 3357 1620 3503; baseline 0.003 -45"><span class='ocrx_word' id='word_1_160' title='bbox 155 3391 417 3498; x_wconf 88' lang='lat' dir='ltr'>gnosceret,</span> <span class='ocrx_word' id='word_1_161' title='bbox 452 3357 676 3500; x_wconf 89' lang='lat' dir='ltr'>simulque·</span> <span class='ocrx_word' id='word_1_162' title='bbox 705 3360 852 3460; x_wconf 86' lang='lat' dir='ltr'>ceteris</span> <span class='ocrx_word' id='word_1_163' title='bbox 903 3359 1087 3461; x_wconf 87' lang='lat' dir='ltr'>ducibus</span> <span class='ocrx_word' id='word_1_164' title='bbox 1122 3395 1256 3502; x_wconf 88' lang='lat' dir='ltr'>atque</span> <span class='ocrx_word' id='word_1_165' title='bbox 1299 3357 1524 3503; x_wconf 87' lang='lat' dir='ltr'>praefectis</span> <span class='ocrx_word' id='word_1_166' title='bbox 1567 3363 1620 3463; x_wconf 83' lang='lat' dir='ltr'>fi-·</span> 
     </span>
     <span class='ocr_line' id='line_1_22' title="bbox 155 3497 1620 3648; baseline 0.005 -49"><span class='ocrx_word' id='word_1_167' title='bbox 155 3503 233 3600; x_wconf 90' lang='lat' dir='ltr'>des</span> <span class='ocrx_word' id='word_1_168' title='bbox 271 3501 425 3621; x_wconf 89' lang='lat' dir='ltr'>fieret,</span> <span class='ocrx_word' id='word_1_169' title='bbox 463 3497 575 3600; x_wconf 89' lang='lat' dir='ltr'>nihil</span> <span class='ocrx_word' id='word_1_170' title='bbox 612 3541 654 3600; x_wconf 87' lang='lat' dir='ltr'>se</span> <span class='ocrx_word' id='word_1_171' title='bbox 691 3504 793 3603; x_wconf 91' lang='lat' dir='ltr'>vani</span> <span class='ocrx_word' id='word_1_172' title='bbox 829 3503 884 3603; x_wconf 89' lang='lat' dir='ltr'>ad</span> <span class='ocrx_word' id='word_1_173' title='bbox 921 3544 995 3603; x_wconf 91' lang='lat' dir='ltr'>eos</span> <span class='ocrx_word' id='word_1_174' title='bbox 1031 3505 1085 3607; x_wconf 89' lang='lat' dir='ltr'>de</span> <span class='ocrx_word' id='word_1_175' title='bbox 1127 3505 1455 3648; x_wconf 81' lang='lat' dir='ltr'>conspiratione</span> <span class='ocrx_word' id='word_1_176' title='bbox 1499 3507 1620 3606; x_wconf 83' lang='lat' dir='ltr'>retu-</span> 
     </span>
     <span class='ocr_line' id='line_1_23' title="bbox 155 3644 1620 3786; baseline 0.002 -43"><span class='ocrx_word' id='word_1_177' title='bbox 155 3644 283 3746; x_wconf 84' lang='lat' dir='ltr'>lisse.</span> <span class='ocrx_word' id='word_1_178' title='bbox 323 3656 391 3746; x_wconf 89' lang='lat' dir='ltr'>Re</span> <span class='ocrx_word' id='word_1_179' title='bbox 425 3645 557 3786; x_wconf 87' lang='lat' dir='ltr'>igitur</span> <span class='ocrx_word' id='word_1_180' title='bbox 601 3682 703 3746; x_wconf 92' lang='lat' dir='ltr'>cum</span> <span class='ocrx_word' id='word_1_181' title='bbox 749 3645 950 3746; x_wconf 89' lang='lat' dir='ltr'>Antonio</span> <span class='ocrx_word' id='word_1_182' title='bbox 993 3647 1269 3786; x_wconf 89' lang='lat' dir='ltr'>potissimum</span> <span class='ocrx_word' id='word_1_183' title='bbox 1313 3648 1620 3749; x_wconf 86' lang='lat' dir='ltr'>communica-</span> 
     </span>
     <span class='ocr_line' id='line_1_24' title="bbox 156 3785 1618 3930; baseline 0.002 -45"><span class='ocrx_word' id='word_1_184' title='bbox 156 3820 234 3905; x_wconf 85' lang='lat' dir='ltr'>ta,</span> <span class='ocrx_word' id='word_1_185' title='bbox 261 3826 305 3888; x_wconf 90' lang='lat' dir='ltr'>et</span> <span class='ocrx_word' id='word_1_186' title='bbox 333 3790 390 3887; x_wconf 93' lang='lat' dir='ltr'>ad</span> <span class='ocrx_word' id='word_1_187' title='bbox 425 3785 678 3930; x_wconf 86' lang='lat' dir='ltr'>Subalpinas</span> <span class='ocrx_word' id='word_1_188' title='bbox 715 3788 923 3930; x_wconf 87' lang='lat' dir='ltr'>regiones</span> <span class='ocrx_word' id='word_1_189' title='bbox 950 3790 1130 3892; x_wconf 87' lang='lat' dir='ltr'>Salutias</span> <span class='ocrx_word' id='word_1_190' title='bbox 1167 3827 1210 3890; x_wconf 90' lang='lat' dir='ltr'>et</span> <span class='ocrx_word' id='word_1_191' title='bbox 1245 3797 1430 3906; x_wconf 86' lang='lat' dir='ltr'>Astam,</span> <span class='ocrx_word' id='word_1_192' title='bbox 1456 3789 1618 3927; x_wconf 88' lang='lat' dir='ltr'>copiis,</span> 
     </span>
     <span class='ocr_line' id='line_1_25' title="bbox 157 3930 1657 4074; baseline 0.009 -48"><span class='ocrx_word' id='word_1_193' title='bbox 157 3967 272 4068; x_wconf 88' lang='lat' dir='ltr'>quae</span> <span class='ocrx_word' id='word_1_194' title='bbox 308 3931 498 4032; x_wconf 90' lang='lat' dir='ltr'>diversae</span> <span class='ocrx_word' id='word_1_195' title='bbox 533 3932 744 4074; x_wconf 85' lang='lat' dir='ltr'>agebant,</span> <span class='ocrx_word' id='word_1_196' title='bbox 772 3933 986 4053; x_wconf 89' lang='lat' dir='ltr'>evocatis,</span> <span class='ocrx_word' id='word_1_197' title='bbox 1015 3969 1058 4033; x_wconf 90' lang='lat' dir='ltr'>et</span> <span class='ocrx_word' id='word_1_198' title='bbox 1090 3932 1289 4070; x_wconf 86' lang='lat' dir='ltr'>proprius</span> <span class='ocrx_word' id='word_1_199' title='bbox 1309 3930 1618 4032; x_wconf 86' lang='lat' dir='ltr'>Mediolanum</span> <span class='ocrx_word' id='word_1_200' title='bbox 1651 4029 1657 4039; x_wconf 83' lang='lat'><em>.</em></span> 
     </span>
     <span class='ocr_line' id='line_1_26' title="bbox 158 4071 1618 4216; baseline 0.006 -50"><span class='ocrx_word' id='word_1_201' title='bbox 158 4071 383 4173; x_wconf 90' lang='lat' dir='ltr'>considere</span> <span class='ocrx_word' id='word_1_202' title='bbox 430 4075 588 4205; x_wconf 89' lang='lat' dir='ltr'>jussis,</span> <span class='ocrx_word' id='word_1_203' title='bbox 636 4078 965 4212; x_wconf 88' lang='lat' dir='ltr'>Hieronymum</span> <span class='ocrx_word' id='word_1_204' title='bbox 1010 4082 1257 4172; x_wconf 89' lang='lat' dir='ltr'>Motonum</span> <span class='ocrx_word' id='word_1_205' title='bbox 1302 4113 1380 4216; x_wconf 89' lang='lat' dir='ltr'>per</span> <span class='ocrx_word' id='word_1_206' title='bbox 1429 4077 1618 4216; x_wconf 89' lang='lat' dir='ltr'>speciem</span> 
     </span>
     <span class='ocr_line' id='line_1_27' title="bbox 160 4213 1617 4358; baseline 0.003 -44"><span class='ocrx_word' id='word_1_207' title='bbox 160 4215 215 4314; x_wconf 84' lang='lat' dir='ltr'>de</span> <span class='ocrx_word' id='word_1_208' title='bbox 249 4253 295 4316; x_wconf 91' lang='lat' dir='ltr'>re</span> <span class='ocrx_word' id='word_1_209' title='bbox 330 4217 557 4316; x_wconf 90' lang='lat' dir='ltr'>communi</span> <span class='ocrx_word' id='word_1_210' title='bbox 592 4217 872 4358; x_wconf 83' lang='lat' dir='ltr'>colloquendi</span> <span class='ocrx_word' id='word_1_211' title='bbox 907 4216 1047 4315; x_wconf 90' lang='lat' dir='ltr'>missis</span> <span class='ocrx_word' id='word_1_212' title='bbox 1089 4213 1237 4315; x_wconf 84' lang='lat' dir='ltr'>litteris</span> <span class='ocrx_word' id='word_1_213' title='bbox 1275 4218 1524 4318; x_wconf 86' lang='lat' dir='ltr'>Novariam</span> <span class='ocrx_word' id='word_1_214' title='bbox 1553 4257 1617 4318; x_wconf 89' lang='lat' dir='ltr'>ac·</span> 
     </span>
     <span class='ocr_line' id='line_1_28' title="bbox 160 4356 1618 4503; baseline 0.004 -47"><span class='ocrx_word' id='word_1_215' title='bbox 160 4358 325 4464; x_wconf 72' lang='lat' dir='ltr'>cersitt</span> <span class='ocrx_word' id='word_1_216' title='bbox 369 4356 463 4459; x_wconf 90' lang='lat' dir='ltr'>huc.</span> <span class='ocrx_word' id='word_1_217' title='bbox 500 4357 619 4457; x_wconf 88' lang='lat' dir='ltr'>enirn</span> <span class='ocrx_word' id='word_1_218' title='bbox 662 4359 755 4497; x_wconf 88' lang='lat' dir='ltr'>ipse</span> <span class='ocrx_word' id='word_1_219' title='bbox 800 4392 1018 4459; x_wconf 89' lang='lat' dir='ltr'>secesserat</span> <span class='ocrx_word' id='word_1_220' title='bbox 1052 4357 1175 4458; x_wconf 89' lang='lat' dir='ltr'>lento</span> <span class='ocrx_word' id='word_1_221' title='bbox 1216 4357 1380 4460; x_wconf 90' lang='lat' dir='ltr'>morbo</span> <span class='ocrx_word' id='word_1_222' title='bbox 1421 4361 1618 4503; x_wconf 62' lang='lat' dir='ltr'>implici⁴</span> 
     </span>
     <span class='ocr_line' id='line_1_29' title="bbox 161 4497 1619 4644; baseline 0.003 -44"><span class='ocrx_word' id='word_1_223' title='bbox 161 4537 232 4600; x_wconf 88' lang='lat' dir='ltr'>tus</span> <span class='ocrx_word' id='word_1_224' title='bbox 248 4579 263 4622; x_wconf 96' lang='lat'>,</span> <span class='ocrx_word' id='word_1_225' title='bbox 293 4539 387 4640; x_wconf 91' lang='lat' dir='ltr'>quo</span> <span class='ocrx_word' id='word_1_226' title='bbox 402 4501 586 4602; x_wconf 74' lang='lat' dir='ltr'>&#39;tandem</span> <span class='ocrx_word' id='word_1_227' title='bbox 615 4497 968 4624; x_wconf 81' lang='lat' dir='ltr'>absumtusest,</span> <span class='ocrx_word' id='word_1_228' title='bbox 996 4537 1200 4644; x_wconf 91' lang='lat' dir='ltr'>porrecto</span> <span class='ocrx_word' id='word_1_229' title='bbox 1235 4503 1394 4604; x_wconf 85' lang='lat' dir='ltr'>scilicet</span> <span class='ocrx_word' id='word_1_230' title='bbox 1408 4580 1423 4624; x_wconf 90' lang='lat'>,</span> <span class='ocrx_word' id='word_1_231' title='bbox 1459 4541 1510 4605; x_wconf 94' lang='lat' dir='ltr'>ut</span> <span class='ocrx_word' id='word_1_232' title='bbox 1545 4514 1619 4604; x_wconf 54' lang='lat' dir='ltr'>sua¹</span> 
     </span>
    </p>
   </div>
   <div class='ocr_carea' id='block_1_2' title="bbox 162 4637 1621 5035">
    <p class='ocr_par' dir='ltr' id='par_1_3' title="bbox 162 4637 1621 5035">
     <span class='ocr_line' id='line_1_30' title="bbox 164 4637 1617 4790; baseline 0.008 -51"><span class='ocrx_word' id='word_1_233' title='bbox 164 4644 302 4782; x_wconf 87' lang='lat' dir='ltr'>spicio</span> <span class='ocrx_word' id='word_1_234' title='bbox 338 4637 445 4763; x_wconf 85' lang='lat' dir='ltr'>fuit,</span> <span class='ocrx_word' id='word_1_235' title='bbox 482 4643 822 4746; x_wconf 87' lang='lat' dir='ltr'>Foederatorum</span> <span class='ocrx_word' id='word_1_236' title='bbox 856 4685 1011 4790; x_wconf 82' lang='lat' dir='ltr'>opera,</span> <span class='ocrx_word' id='word_1_237' title='bbox 1050 4658 1338 4787; x_wconf 82' lang='lat' dir='ltr'>posteaquam</span> <span class='ocrx_word' id='word_1_238' title='bbox 1374 4646 1429 4745; x_wconf 89' lang='lat' dir='ltr'>de</span> <span class='ocrx_word' id='word_1_239' title='bbox 1465 4647 1617 4750; x_wconf 83' lang='lat' dir='ltr'>animo</span> 
     </span>
     <span class='ocr_line' id='line_1_31' title="bbox 162 4787 1619 4932; baseline 0.005 -50"><span class='ocrx_word' id='word_1_240' title='bbox 162 4787 255 4918; x_wconf 87' lang='lat' dir='ltr'>ejus</span> <span class='ocrx_word' id='word_1_241' title='bbox 291 4788 596 4930; x_wconf 86' lang='lat' dir='ltr'>desperarunt,</span> <span class='ocrx_word' id='word_1_242' title='bbox 634 4826 805 4894; x_wconf 81' lang='lat' dir='ltr'>veneno</span> <span class='ocrx_word' id='word_1_243' title='bbox 819 4795 855 4908; x_wconf 91' lang='lat'>,&#39;</span> <span class='ocrx_word' id='word_1_244' title='bbox 873 4825 915 4888; x_wconf 89' lang='lat' dir='ltr'>et</span> <span class='ocrx_word' id='word_1_245' title='bbox 951 4789 1162 4930; x_wconf 85' lang='lat' dir='ltr'>paulatim</span> <span class='ocrx_word' id='word_1_246' title='bbox 1183 4925 1187 4932; x_wconf 21' lang='grc' dir='ltr'>Ι</span> <span class='ocrx_word' id='word_1_247' title='bbox 1197 4787 1488 4931; x_wconf 74' lang='lat' dir='ltr'>proficiente.</span> <span class='ocrx_word' id='word_1_248' title='bbox 1526 4800 1619 4894; x_wconf 83' lang='lat' dir='ltr'>No</span> 
     </span>
     <span class='ocr_line' id='line_1_32' title="bbox 1540 4971 1621 5035; baseline -0.049 0"><span class='ocrx_word' id='word_1_249' title='bbox 1540 4971 1621 5035; x_wconf 81' lang='lat' dir='ltr'>va·</span> 
     </span>
    </p>
   </div>
   <div class='ocr_carea' id='block_1_3' title="bbox 0 0 2170 5972">
    <p class='ocr_par' dir='ltr' id='par_1_4' title="bbox 0 0 2170 5972">
     <span class='ocr_line' id='line_1_33' title="bbox 0 0 2170 5972; baseline 0 0"><span class='ocrx_word' id='word_1_250' title='bbox 0 0 2170 5972; x_wconf 95' lang='lat' dir='ltr'> </span> 
     </span>
    </p>
   </div>
  </div>
 </body>
</html>
