4292 5984
665 455 1166 536 SUMMARIUM·
1531 469 1621 540 XIX.

237 587 377 674 XVIII.
436 585 504 698 Jus
518 580 717 673 Gallorum
734 588 884 702 Regum
941 583 1158 701 impetrant.

171 706 213 792 in
263 704 586 793 Mediolanensem
634 703 884 818 Principatum
1012 707 1141 791 XXV.
1213 703 1385 792 Pontifex
1423 730 1464 792 et
1504 709 1643 797 Veneti

170 822 279 910 unde
304 824 487 941 originem
513 847 711 939 agnoscat.
940 851 1024 908 suas
1053 824 1178 938 copias
1211 824 1355 910 mittete
1385 823 1640 937 constituunt,

227 945 324 1029 XIX
396 945 575 1027 Ceterum
591 940 791 1025 Gallorum
802 945 884 1026 Rex
939 967 984 1027 ut
999 937 1175 1028 Sfortiam
1188 946 1335 1030 Ducem
1356 941 1551 1030 obsidione
1573 947 1641 1031 sol·

169 1061 273 1148 duos
294 1060 387 1146 filios
401 1060 633 1146 Franciscum
650 1083 765 1174 atque
781 1063 885 1144 Hen·
937 1084 1055 1146 vant.
1387 1081 1392 1086 “

168 1179 292 1264 ticum
326 1177 473 1265 obsides
491 1179 584 1264 dare
612 1175 825 1296 pollicetur
845 1207 883 1262 se
996 1181 1141 1264 XXVI.
1201 1179 1375 1266 Clemens
1389 1173 1560 1267 Pontifex
1590 1185 1640 1271 ad

169 1298 432 1413 Burgtmdiam
460 1297 714 1400 traditurum,
746 1314 813 1380 aut
845 1296 883 1380 ln
939 1296 1120 1382 Carolum
1142 1297 1336 1412 epistolam
1349 1299 1497 1402 scribit,
1513 1300 1639 1416 inqua

169 1415 397 1530 Hispaniam
428 1414 629 1530 Carolique
657 1431 883 1528 potestatem
937 1413 1082 1526 injurias
1109 1417 1175 1502 sibi
1217 1416 1267 1500 ab
1295 1446 1344 1502 eo
1378 1416 1492 1502 illatas
1520 1447 1640 1504 recen·

167 1561 423 1622 reversurum.
604 1581 606 1586 v
877 1539 881 1549 '
937 1555 1021 1638 set,
1053 1537 1248 1650 ipsumque
1264 1536 1314 1621 ad
1338 1535 1523 1649 publicam
1539 1537 1641 1622 Chri·

232 1655 323 1738 XX.
383 1654 488 1739 Datis
534 1651 645 1770 igitur
692 1649 883 1736 obsidibus
937 1649 1141 1736 stlanomm
1175 1681 1305 1768 pacem
1337 1653 1548 1761 tuendam,
1578 1683 1639 1769 pa-

168 1773 257 1856 Rex
282 1773 489 1858 Franciscus
516 1770 689 1856 liberatur
720 1768 758 1850 in
787 1768 879 1853 Gal·
935 1768 1060 1882 cisque
1094 1793 1231 1886 'aequas
1277 1771 1511 1857 conditiones
1547 1773 1639 1858 acci·

169 1886 334 2005 liamque
362 1891 583 1978 revertitur.
613 1883 785 1973 Pontifex
807 1883 884 1974 foe
934 1885 1087 1999 piendas
1112 1889 1354 1996 cohortatur.

167 2005 243 2091 dus
281 2037 370 2094 cum
414 2008 544 2126 legatis
573 2003 810 2109 confirmat,
842 2027 883 2089 et
993 2007 1153 2091 XXVII.
1212 2006 1286 2092 Sed
1322 2007 1553 2121 poenitentia
1599 2033 1639 2098 et

167 2125 281 2210 misso
314 2127 364 2212 ad
402 2125 632 2210 Franciscum
658 2122 815 2240 legato,
842 2121 882 2206 il·
934 2123 1081 2236 pudore
1126 2126 1261 2211 ductus
1306 2124 1457 2211 alteram
1507 2126 1638 2240 episto-

164 2237 250 2326 lum
278 2243 545 2357 jurejurando,
564 2241 672 2358 siquo
706 2237 806 2326 forte
836 2239 882 2324 sit
933 2237 1007 2324 lam
1052 2243 1342 2328 moderatiorem
1372 2243 1422 2328 ad
1453 2244 1637 2330 balthasa-

164 2359 379 2466 astrictm,
414 2359 634 2447 auctoritate
663 2354 881 2473 Apostolica
933 2384 1012 2443 tem
1041 2359 1310 2445 Castilloneum
1352 2357 1430 2469 ejus
1470 2359 1636 2477 legatum

162 2471 323 2564 liberare
351 2480 571 2593 praesumit.
853 2521 860 2536 ν
932 2475 1045 2564 mittit
1060 2538 1073 2583 ,
1089 2506 1206 2593 quam
1225 2475 1371 2564 Caesari
1382 2477 1526 2584 tradat,
1543 2479 1639 2593 prio·

230 2597 336 2681 XXI.
400 2601 482 2683 Rex
529 2595 660 2686 Gallus
706 2591 878 2682 Pontifici
933 2593 1208 2710 risuppressa.

165 2713 374 2827 respondet
389 2743 588 2830 ,se,quae
603 2713 774 2798 Albenus
793 2714 880 2797 Pius
1005 2715 1181 2803 XXVIII.
1251 2711 1409 2798 Carolus
1455 2713 1635 2828 prioribus

166 2859 260 2914 suus
288 2829 432 2948 legatus
461 2859 591 2946 pactus
623 2829 771 2935 fuerat,
799 2855 880 2914 rata
930 2827 1054 2916 litteris
1082 2833 1239 2948 acceptis
1267 2830 1476 2947 singulatim
1503 2831 1554 2916 ad
1568 2835 1633 2918 ob

167 2947 336 3052 habete3
370 2948 580 3066 foedusque
610 2947 716 3033 certis
749 2947 879 3033 condi·
929 2943 1025 3058 jccta
1047 2951 1250 3063 respondet
1264 2948 1463 3033 calunnias
1478 2949 1632 3057 diluem,

164 3065 332 3152 tionibus
367 3067 544 3155 adversus
575 3065 757 3152 Carolum
787 3068 880 3149 Cae·
929 3088 970 3148 et
1012 3065 1247 3153 calliditatem
1291 3065 1471 3182 detegens
1519 3092 1633 3182 atque

164 3211 288 3269 satem
313 3186 451 3271 sancit.
928 3177 1124 3274 refellens.

228 3303 350 3388 XXII.
424 3302 600 3390 Pisctriae
648 3299 877 3387 Marchionis
995 3302 1140 3386 XXIX.
1199 3304 1289 3386 Dux
1338 3300 1498 3384 Urbinas
1538 3306 1634 3387 Lau·

166 3417 294 3505 obitus
324 3481 336 3528 ,
367 3420 428 3504 cui
454 3421 657 3535 succedunt
674 3419 876 3505 *Antonius
928 3415 1016 3501 dem
1045 3418 1262 3532 Pompeiam
1298 3419 1481 3534 corruptis
1511 3443 1629 3505 custo

166 3537 287 3623 Leiva
328 3563 367 3625 et
410 3541 517 3624 Vasti
559 3537 752 3622 Marcltio.
794 3540 875 3623 Me
929 3533 1038 3620 dibus
1067 3536 1216 3652 recipit.

166 3654 440 3742 diolanemium
471 3655 652 3741 tumultus
671 3654 800 3772 otigo.
986 3655 1117 3741 XXX.
1174 3650 1280 3739 Vasti
1313 3650 1490 3736 Marchio
1529 3649 1633 3736 irrito

228 3775 368 3860 XXIII.
414 3775 715 3860 Mediolanenses
744 3769 874 3885 Hispa·
926 3795 1069 3857 conatu
1111 3772 1243 3858 urbem
1283 3769 1443 3880 recipere
1484 3790 1629 3853 tentat.

166 3919 240 3977 nos
268 3891 593 4008 adoriuntur‚qui
608 3920 673 3977 eos
697 3885 802 3975 facile
820 3917 875 3974 re·
926 3893 1007 3975 Arx
1031 3917 1188 4005 quoque
1215 3888 1256 3972 in
1281 3884 1447 3970 hostium
1474 3906 1633 3996 potesta·

164 4008 332 4124 pellunt.
497 4083 498 4086 .
925 4030 1005 4092 tem
1032 4003 1221 4121 pervenit.

219 4127 363 4210 XXIV.
421 4129 571 4215 Eodem
587 4152 758 4240 tempore
774 4121 874 4209 Sfot·
998 4126 1142 4207 XXXI.
1217 4116 1362 4231 Copiae
1417 4113 1632 4202 Pontificiae

165 4241 223 4329 tia
255 4246 346 4327 Dux
375 4247 548 4332 custodes
577 4275 624 4329 ex
654 4273 738 4327 arce
770 4242 876 4326 emit·
926 4267 1015 4324 cum
1028 4235 1183 4322 Venetis
1205 4235 1503 4352 coniunguntur.
1538 4230 1632 4319 Sfor‘·

165 4359 216 4446 tit
257 4359 433 4446 adversus
473 4359 684 4447 obsidentes
718 4363 877 4441 Germa·
927 4355 979 4441 tia
994 4361 1085 4441 Dux
1101 4387 1156 4439 cc.
1172 4353 1341 4439 homines
1360 4381 1405 4436 ex
1429 4378 1514 4436 arce
1534 4351 1632 4438 emit·

169 4505 308 4581 nos‚a
333 4477 467 4592 quibus
489 4478 601 4562 etiam
624 4473 871 4589 repelluntur.
928 4473 1004 4578 tit,
1028 4473 1094 4588 qui
1121 4499 1188 4588 pet
1204 4468 1512 4555 Caesarianorum
1545 4501 1623 4554 mu·

169 4593 355 4709 Principes
396 4594 551 4682 civitatis
589 4591 774 4680 seditionis
813 4617 876 4678 ve·
928 4591 1087 4676 nitiones
1121 4589 1480 4675 inFoederatorum
1514 4612 1634 4673 castra

170 4711 270 4796 niam
302 4741 326 4796 a
358 4713 513 4799 ducibus
543 4711 767 4798 Caesarianis
804 4739 869 4824 po
928 4735 1016 4793 cum
1047 4706 1229 4793 mandatis
1275 4706 1518 4820 perveniunt.
1579 4705 1632 4788 Hi

166 4827 310 4915 stulant
364 4831 549 4952 certisque
602 4828 878 4919 conditionibus
929 4853 1151 4944 oppugnare
1170 4824 1411 5025 Caesmc'ranos
1442 4843 1631 5022 statutgrgt.

1339 4963 1364 5022 2
1601 4963 1635 5020 r·
