4292 5984
572 497 626 582 52
960 486 1044 565 nn
1090 450 1560 568 nnuus‘oustrs

530 649 787 753 certiorem:
834 648 908 749 sed
945 649 1096 750 studiis
1133 647 1320 750 civitatis
1356 647 1403 748 in
1445 645 1551 746 duas
1594 675 1735 785 partes
1778 638 1916 746 scissis
1957 655 2002 751 e't

530 796 688 900 harum
727 805 897 926 majore
934 791 1061 894 rebus
1096 792 1223 895 novis
1259 791 1492 910 studente,
1528 789 1690 889 iterum
1726 826 1885 890 coacto
1928 803 2003 894 Se-

529 978 636 1043 natu
673 941 836 1040 eisdem
876 935 1126 1039 auctoribus
1163 935 1443 1056 decernitur,
1478 932 1546 1034 uti
1582 933 1751 1034 litterae
1787 935 1844 1033 ad
1882 937 2001 1038 civi-

532 1122 637 1186 tates
675 1081 993 1203 sollicitandas,
1031 1083 1415 1224 quemadmodum
1450 1087 1598 1177 Petrus
1633 1087 1783 1179 Lassus
1819 1118 2000 1182 censue-

529 1263 622 1348 rat,
661 1226 922 1348 scribantur,
960 1226 1281 1366 mittanturque
1318 1221 1375 1322 ad
1410 1232 1585 1362 Regem
1619 1218 1756 1364 legati
1792 1259 1999 1362 quatuor,

532 1373 624 1473 duo
662 1387 887 1474 Senatores
924 1408 967 1473 et
1004 1370 1195 1471 totidem
1230 1365 1424 1470 Tribuni
1459 1365 1631 1508 plebis,
1670 1365 1751 1506 qui
1786 1369 1999 1509 supplices

533 1516 677 1618 abeo
709 1517 893 1617 nomine
927 1516 1116 1617 civitatis
1155 1547 1303 1654 petant
1318 1589 1333 1632 ‚
1370 1509 1569 1652 primum
1604 1544 1655 1608 ut
1687 1521 1786 1612 Rex
1814 1510 1908 1653 ipse
1944 1512 1997 1615 ab

532 1660 778 1802 Hispania,
849 1700 952 1761 uam
989 1670 1080 1793 ejus
1117 1655 1311 1758 absentia
1347 1651 1544 1795 pluribus
1579 1651 1753 1784 jacturis
1801 1692 1845 1755 et
1886 1657 1997 1758 cala·

531 1805 760 1907 mitatibus
790 1704 908 1906 adfici
935 1842 1103 1905 necesse
1131 1837 1283 1919 esset,
1319 1840 1374 1901 ne
1403 1799 1674 1910 discederetr
1710 1800 1867 1900 deinde
1896 1840 1998 1944 pro-

531 1948 703 2048 videret
722 1993 754 2067 ,·
785 1988 878 2088 quo
923 1986 1070 2048 rerum
1123 1943 1567 2046 administrandarum
1620 1943 1789 2046 ratione
1833 1981 1997 2048 mutata
2131 1984 2132 2006 ¹

531 2087 733 2222 injuriis,
770 2133 882 2231 quac
909 2088 1113 2233 quotidie
1143 2087 1294 2190 multis
1326 2091 1627 2228 quorumdam
1652 2089 1896 2231 cupiditate
1932 2092 1999 2192 in-

532 2230 775 2353 ferrentur,
819 2236 879 2334 sic
921 2237 967 2335 in
1009 2227 1209 2334 futurum
1252 2232 1624 2373 praeteritumque
1672 2232 1998 2356 consuleretur,
2132 2317 2133 2326 t

532 2415 583 2476 ut
620 2376 872 2479 auctoribus
909 2413 1056 2519 erepta
1092 2376 1299 2496 licentia,
1336 2379 1497 2479 damna
1532 2373 1623 2495 his,
1661 2375 1822 2518 quibus
1859 2415 1997 2482 essent

531 2521 668 2640 illata,
704 2523 1033 2622 resarcirentur:
1072 2523 1128 2622 ad
1164 2520 1293 2642 haec,
1329 2556 1381 2621 ut
1418 2515 1712 2662 praefecturae
1748 2563 1798 2622 ac
1834 2561 1997 2624 mune-

530 2701 580 2762 ra
617 2662 792 2804 publica
826 2665 873 2766 in
910 2667 1125 2807 Hispania
1160 2666 1288 2790 nullis
1325 2668 1669 2785 mandarentur,
1711 2666 1796 2769 nisi
1830 2667 1997 2810 Hispa·
2133 2655 2134 2728 ³

532 2807 627 2908 nis:
665 2809 774 2906 item
810 2847 865 2907 ne
902 2849 1056 2910 aurum
1093 2811 1163 2912 vel
1199 2847 1433 2952 argentum
1470 2844 1585 2910 extra
1621 2810 1888 2951 Hispaniam
1924 2851 1997 2912 ex-

533 2987 706 3091 portare
743 2952 950 3093 cuiquam
994 2953 1346 3096 permitteretur:
1386 2991 1639 3095 postremo,
1683 2990 1734 3054 ut
1771 2956 1999 3097 magistra-

533 3092 673 3214 tibus,
710 3135 823 3236 quos
854 3101 1065 3198 haeresium
1097 3106 1345 3234 Inquisitores
1376 3135 1563 3216 vocant,
1598 3097 1659 3199 sic
1688 3097 1803 3240 leges
1832 3102 1886 3200 ad
1922 3140 1998 3200 co·

534 3237 780 3378 gnitionem
812 3281 1037 3343 causatum
1074 3239 1497 3384 praescriberentur,
1535 3277 1585 3342 ut
1609 3245 1752 3382 prima
1791 3280 1896 3344 essct
1921 3281 1998 3342 ve-

534 3419 606 3480 rae
643 3384 813 3524 pietatis
852 3387 1001 3505 tatio,
1038 3387 1113 3487 sed
1150 3387 1353 3528 proxima
1387 3425 1444 3486 ne
1480 3422 1557 3524 per
1592 3384 1782 3527 speciem
1816 3386 1997 3528 religio-

534 3522 601 3626 nis
650 3565 800 3669 graves
853 3529 1081 3664 injuriae,
1121 3538 1246 3675 quod
1294 3529 1516 3636 interdum
1563 3530 1813 3652 accideret,
1861 3525 1998 3632 infer-

532 3705 707 3770 rentur.

605 3823 727 3920 XIV.
801 3825 924 3922 Haec
962 3820 1098 3966 iginat
1135 3825 1370 3949 mandata,
1407 3822 1488 3970 qui
1522 3828 1578 3928 ad
1614 3834 1786 3968 Regem
1828 3817 1998 3963 perfer-¹

535 3991 668 4081 rent,
710 3998 902 4101 quatuor
945 3968 1031 4068 viti
1075 3969 1306 4114 legantur,
1350 4008 1545 4112 quorum
1585 3967 1674 4071 fuit
1716 3977 1866 4068 Petrus
1908 3969 1998 4108 ipse

532 4106 715 4222 Lassus,
752 4108 831 4244 qui
857 4110 1103 4254 principem
1131 4117 1280 4217 locum
1315 4114 1549 4258 legationis
1586 4113 1817 4231 obtinuit,
1847 4110 1993 4211 simul-

534 4281 622 4382 que
649 4245 816 4348 litterae
846 4254 901 4352 ad
934 4257 1131 4360 civitates
1160 4260 1468 4378 dimittuntur,
1495 4258 1645 4398 paucis
1671 4257 1781 4376 illis,
1817 4255 1874 4352 de
1905 4252 1996 4393 qui·

533 4382 613 4486 bus
651 4391 873 4517 diximus,
910 4398 1279 4525 reclamantibus,
1316 4440 1509 4544 quotum
1551 4440 1757 4502 numerus
1794 4395 1996 4540 quotidie

532 4529 843 4645 minuebaturs
880 4579 988 4639 nam
1024 4547 1208 4682 quidam
1246 4585 1403 4645 eorum
1439 4544 1612 4644 alterius
1649 4544 1780 4686 partis
1817 4581 1997 4683 persua-

533 4670 653 4774 sione
691 4715 734 4778 et
769 4683 1053 4804 auctoritate,
1090 4686 1164 4785 alii
1200 4685 1332 4788 minis
1375 4688 1662 4830 popularium
1706 4685 1900 4788 deterriti
1941 4682 1999 4784 ab

531 4812 736 4924 instituto
771 4862 816 4926 et
849 4829 1058 4934 sententia
1089 4830 1373 4958 desistebant,
1407 4833 1659 4976 praesertim
1697 4869 1800 4933 cum
1837 4871 1891 4933 ex
1924 4867 1994 4930 au·
2134 4913 2135 4920 Ν

1951 4971 1998 5086 la.
