4292 5984
597 482 835 564 CAROLI
885 479 940 563 V.
986 481 1101 561 LIB.
1143 483 1198 562 11.
1524 477 1581 566 41

166 684 218 748 ro
253 651 494 784 Protegem
535 675 715 780 captum
760 641 807 742 in
842 678 1014 761 arcem,
1055 682 1169 783 quae
1203 637 1347 743 Sancti
1390 641 1509 741 Petri
1550 682 1626 747 co-

162 789 503 934 gnominatur,
546 784 768 884 deducunt
816 785 1129 924 custodiaeque
1183 788 1390 888 tradunt.
1447 797 1629 890 Fernan-

163 935 245 1035 dus
273 946 502 1048 Guevara,
540 929 594 1026 de
631 967 724 1067 quo
754 967 802 1028 su
836 966 882 1026 ra
909 965 1209 1030 memoratum
1245 967 1336 1048 est,
1371 969 1474 1029 cum
1509 932 1629 1071 apud

160 1080 360 1178 amicum
395 1072 536 1175 tenuis
574 1073 759 1212 quidem
795 967 1025 1192 lbrtunae,
1061 1073 1137 1172 scd
1174 1111 1361 1214 magnae
1405 1072 1508 1174 fidei
1542 1073 1630 1175 ho·

164 1223 368 1338 minem,
396 1218 488 1318 dies
512 1217 685 1356 aliquot
708 1214 974 1324 delituissets
1000 1217 1256 1316 Lusitanam
1294 1254 1486 1336 navem,
1517 1258 1632 1359 quae

161 1360 281 1466 forte
320 1362 423 1462 inde
460 1362 508 1459 in
545 1358 810 1499 Hispaniam
849 1357 1231 1499 proficiscebatur,
1267 1363 1552 1481 conscendit,
1588 1392 1633 1461 et

163 1509 227 1609 sic
263 1516 591 1637 conjuratorum
628 1541 783 1603 manus
799 1629 804 1652 ,
821 1500 1002 1646 effiagit.
1041 1513 1164 1605 Nam
1200 1513 1291 1639 ejus
1325 1507 1508 1650 Collega
1543 1509 1631 1641 Ja-

163 1652 302 1754 cobus
339 1647 506 1791 Aguila
541 1647 590 1749 in
626 1647 825 1788 Belgium
862 1649 1128 1768 decesserat,
1165 1685 1388 1750 revocatus
1425 1693 1450 1751 a
1485 1663 1631 1752 Caro-

163 1796 240 1910 lo,
278 1829 508 1935 propterea
545 1794 670 1933 quod
707 1790 845 1891 lenius
881 1791 929 1892 in
966 1793 1193 1893 seditiosos
1231 1833 1358 1936 agere
1394 1831 1438 1895 et
1474 1804 1631 1936 Hugo·

162 1939 232 2039 nis
279 1936 524 2040 rationibus
574 1935 704 2036 nimis
759 1937 960 2035 adversus
1011 1977 1098 2037 esse
1151 1935 1384 2039 videbatur
1432 1939 1482 2038 in
1523 1977 1629 2082 gra-

165 2083 308 2202 tiam,
342 2117 392 2182 ut
428 2078 643 2180 creditum
679 2111 774 2198 est,
810 2080 1053 2180 Raimundi
1096 2083 1325 2182 Cardonae
1367 2082 1630 2226 Neapolita-

160 2265 270 2328 nam
300 2264 395 2326 rem
423 2263 507 2364 pro
535 2236 660 2366 Rege
686 2221 1056 2341 administrantia,
1083 2223 1163 2363 qui
1193 2233 1443 2367 Hugonem
1478 2225 1630 2328 oderat

164 2405 325 2510 sponte
370 2407 485 2486 sua,
533 2403 576 2466 et
618 2402 711 2466 erat
755 2364 918 2467 amicus
960 2366 1395 2510 consanguineusque
1435 2369 1631 2469 Comitis

163 2513 340 2612 Montis
376 2509 603 2626 Golisani,
638 2508 856 2627 auctoris,
893 2542 944 2610 ut
984 2509 1292 2648 exposuimus,
1334 2509 1542 2612 turnultus
1586 2547 1631 2612 ct

164 2653 376 2796 Hugonis
414 2651 639 2784 ejiciendi.
681 2665 754 2754 De
789 2692 879 2793 qua
924 2651 1110 2794 perfidia
1150 2690 1194 2754 ct
1230 2652 1383 2754 scelere
1419 2692 1524 2754 cum
1561 2695 1631 2754 es-

166 2835 231 2898 set
284 2797 583 2916 nuntiatum,
627 2796 810 2896 Carolus
865 2797 1138 2898 Fernandum
1194 2797 1485 2899 Alarconium
1528 2837 1632 2900 cum

165 2979 300 3045 manu
341 2942 474 3042 trium
517 2939 708 3042 millium
758 2977 1030 3042 armatorum
1078 2983 1130 3041 ex
1172 2941 1375 3045 Calabria
1429 2942 1477 3042 in
1519 2942 1631 3043 Sici-

163 3083 270 3186 liam
314 3085 530 3227 proficisci
577 3123 712 3227 atque
748 3085 940 3218 trajicere
981 3087 1129 3218 jubet.
1195 3097 1311 3201 Quo·
1356 3095 1631 3188 Panormum'

164 3231 382 3352 advecto,
420 3230 604 3371 quidam
641 3269 693 3329 ex
730 3228 781 3329 iis
819 3269 1014 3372 quorum
1051 3269 1182 3371 opera
1224 3236 1304 3330 Ma
1338 3229 1505 3331 'stratus
1549 3269 1632 3330 οε-ι

166 3375 275 3495 cisi,
312 3412 356 3475 et
393 3385 564 3474 Hector
609 3373 772 3474 insulae
813 3371 1052 3476 Praefectus
1096 3409 1245 3515 captus
1288 3269 1463 3496 gerat,
1500 3412 1630 3475 com*

166 3517 370 3657 prehensi
397 3521 515 3658 (pars
552 3519 672 3618 enim
711 3517 873 3619 timore
898 3559 1066 3660 poenae
1094 3560 1137 3619 se
1174 3515 1280 3662 firgo
1316 3519 1630 3651 subtraxerant)

167 3661 370 3803 legitimo
407 3661 626 3804 supplicio
662 3658 808 3761 affecti
843 3701 974 3784 sunt,
1006 3699 1185 3809 totaque
1220 3663 1373 3765 civitas
1409 3659 1633 3764 Panormi·

167 3839 274 3907 tana
308 3805 491 3908 nomine
534 3804 644 3905 lesae
686 3807 928 3938 Majestatis
974 3808 1205 3930 damnata,
1250 3843 1298 3908 et
1336 3808 1491 3909 bellica
1535 3839 1668 3904 tor--

166 3985 344 4069 menta,
381 3947 543 4090 quibus
579 3951 637 4050 ad
671 3951 832 4094 Regias
867 3954 991 4055 aedes
1027 3953 1350 4096 oppugnandas
1379 3947 1504 4050 abusi
1536 3941 1630 4049 fiae-

165 4127 290 4211 rant,
327 4092 432 4194 fisco
469 4096 744 4223 adjudicata.
771 4109 979 4199 Ceterum
1007 4092 1275 4236 supplicibus
1300 4091 1632 4211 Panormitanis,

165 4269 212 4334 et
248 4232 422 4374 publice
459 4238 637 4338 veniam
673 4238 1085 4380 comprecantibus,
1125 4278 1177 4337 ca
1222 4237 1319 4382 lege
1360 4238 1543 4339 demum
1588 4235 1632 4336 ia·

165 4377 423 4522 gnoscitur,
459 4377 731 4519 principibus
763 4383 925 4518 patrati
949 4376 1153 4483 facinoris
1180 4383 1396 4523 exceptis,
1432 4416 1483 4482 ut
1518 4375 1634 4480 mul-

167 4557 264 4624 ctae
301 4521 481 4623 nomine
518 4525 780 4623 ducatorum
817 4525 971 4626 decern
1008 4525 1144 4626 millia
1181 4520 1546 4627 contribuerent.

243 4677 311 4766 111.
385 4666 585 4767 Comites
622 4703 769 4767 autem
806 4668 1004 4772 Golisani
1039 4708 1084 4771 et
1120 4680 1409 4791 Camaratae,
1447 4668 1502 4768 de
1539 4661 1634 4810 qui·

169 4805 292 5058 busT
309 4812 685 4935 memoravimus,
739 4813 788 4914 in
836 4814 992 4956 Belgio
1049 4848 1093 4914 et
1147 4814 1364 4955 Hispania
1418 4813 1630 4918 Carolum

284 4997 354 5058 om.
386 4967 421 5058 I.
1237 4969 1266 5058 F
1561 4992 1631 5052 se-
