4292 5984
578 226 681 309 rs

536 433 731 511 XXXVIII.
999 432 1503 512 SUMMARIUM.

560 565 689 649 XVII.
731 558 879 648 Deinde
910 559 1116 673 praemium
1141 587 1224 674 pro
1273 585 1359 648 tum
1393 561 1701 680 quinquaginta,
1730 590 1776 650 ex
1812 559 1983 652 hosnhus

517 681 626 799 ponit
654 679 739 785 his,
774 677 841 793 qui
870 679 1042 792 primus,
1064 677 1132 792 qui
1168 705 1223 762 se·
1275 679 1325 765 ad
1340 677 1420 764 duo
1436 679 1565 765 millia.
1596 687 1897 768 Tormentorum
1910 713 1981 768 ma·

517 917 675 1005 nitiones
711 912 948 1000 transcendat
978 940 991 1015 3
1019 936 1060 998 et
1095 936 1224 999 cerens
1275 914 1393 998 mium
1426 937 1557 1029 captae
1592 916 1844 1036 quadraginta
1858 978 1872 1026 ,
1888 917 1981 1004 bite·

518 1033 745 1122 terrestribus
791 1030 905 1145 copiis
962 1029 1012 1115 ad
1058 1055 1229 1118 averten·
1277 1059 1358 1116 mes
1383 1030 1495 1118 marn
1521 1032 1665 1149 phues.

518 1154 590 1240 dos
620 1182 665 1238 ex
678 1155 828 1234 Tunete
859 1147 983 1233 hostes
1012 1147 1226 1251 instructis,

519 1266 844 1388 oppugnationem
876 1264 1017 1350 oriente
1049 1265 1126 1351 sole
1171 1267 1228 1351 in·
1470 1245 1590 1369 ΗΒ,
1648 1278 1782 1370 X111,

519 1389 634 1474 choat
669 1383 918 1518 quadraginta
965 1382 1162 1470 tormentis
1200 1411 1226 1467 a

518 1529 643 1610 tetta,
667 1531 798 1589 aman
829 1528 922 1589 vero
938 1501 1132 1617 octoginta
1161 1527 1228 1583 na-
1337 1507 1365 1586 I
1427 1464 1591 1614 HUjus
1624 1503 1801 1591 victoriae
1846 1509 1983 1596 nuntio

520 1623 628 1712 vibus
652 1619 834 1708 rostratis.
864 1623 948 1702 Nec
975 1617 1100 1702 hostes
1139 1617 1226 1702 inte·
1278 1617 1317 1701 in
1356 1617 1504 1704 Italiam
1543 1617 1686 1733 perlato
1728 1651 1866 1739 magna
1910 1627 1983 1712 ubi

518 1741 588 1826 rim
610 1768 692 1824 rem
721 1735 868 1854 segnius
889 1757 1045 1853 gerunt.⁴
1082 1735 1227 1818 Omnia
1279 1761 1356 1850 que
1384 1735 1617 1851 granulati03
1648 1766 1765 1854 quam
1796 1767 1913 1859 auget
1943 1744 1979 1828 ti-

519 1858 647 1973 iraque
663 1853 842 1970 sulphuris
893 1852 1098 1938 mvissimus
1124 1850 1227 1936 odor
1279 1882 1363 1937 mot
1401 1879 1517 1967 unque
1546 1882 1699 1941 moeror
1730 1884 1775 1942 ex
1811 1858 1985 1971 plurimo·

521 1974 827 2088 densissimasque
936 1999 986 2071 us
1003 1968 1142 2083 replet.
1280 1997 1364 2054 rum
1396 1970 1524 2055 animis
1540 1971 1741 2086 depulsus,
1764 2003 1914 2061 rumore
1929 1977 1981 2060 in-

578 2093 716 2175 XVIII.
775 2090 924 2175 Octava
962 2085 1104 2172 circiter
1155 2114 1224 2201 op
1279 2085 1393 2200 iectus
1413 2088 1461 2173 de
1484 2087 1639 2196 Caroli,
1657 2091 1848 2226 desperata
1869 2093 1982 2180 Gole·
2122 2207 2123 2220 Ν

519 2202 1225 2440 ΡῦῗιτὲἓίιῖοέτϋαῗὲιᾝΙῗαῗιιιῗᾳυᾚ
1280 2227 1673 2410 tae11‚exp'usiliieti(cilici
1682 2211 1839 2414 disnciiiid
1849 2270 1978 2413 ’conci-

519 2469 660 2560 gressus
694 2440 946 2527 munitionum
986 2438 1109 2524 ruittas
1150 2465 1225 2522 cet·
1281 2439 1390 2524 dunt.
1413 2440 1646 2527 Charadinus
1662 2449 1982 2561 expugnataeGo

521 2559 577 2646 nit
600 2559 882 2676 consideratque
900 2585 909 2639 :
926 2583 1060 2641 verum
1086 2554 1134 2638 ab
1158 2553 1220 2640 Al·
1280 2556 1377 2642 letae
1402 2556 1580 2671 jacmram
1607 2589 1651 2646 ae
1700 2560 1807 2647 trime
1831 2559 1921 2646 fert.

521 2703 616 2763 varo
658 2681 811 2762 Bazano
845 2670 1026 2760 Goletam
1069 2700 1093 2755 a
1129 2672 1221 2757 mati
1339 2679 1401 2760 III.
1463 2676 1538 2761 Hic
1598 2675 1645 2694 ''
1690 2678 1755 2763 sibi
1786 2683 1984 2764 Tuneten-

522 2791 637 2879 tribus
686 2791 850 2907 partibus
893 2788 1054 2876 dimitam
1097 2787 1226 2874 intelli·
1282 2790 1380 2878 sibus
1427 2792 1549 2883 invitis
1586 2796 1803 2882 conandum
1859 2820 1985 2904 tatto,

522 2938 642 3114 gens,
663 2908 752 2995 nihil
781 2906 1035 2994 cunctandum
1067 2905 1225 3019 judicat3
1282 2936 1492 2998 convocata
1522 2911 1704 2998 concione
1734 2941 1865 2998 eorum
1904 2913 1988 2998 ani-

550 3051 768 3143 ortatusque
783 3026 916 3130 duces,
936 3024 1013 3142 ipse
1039 3024 1091 3110 ad
1110 3024 1227 3112 aciem
1283 3057 1366 3113 mos
1384 3027 1604 3114 confirmare
1630 3029 1788 3136 nititur,
1810 3030 1989 3117 eosdem-

523 3145 638 3262 pedes
664 3144 891 3263 regreditur.
1282 3172 1359 3260 que
1384 3145 1422 3229 in
1444 3145 1570 3232 Caroli
1606 3147 1784 3236 invidiam
1814 3172 1855 3234 et
1884 3148 1991 3263 cupi·v

584 3265 689 3349 XIX.
749 3262 888 3350 Milites
924 3286 1079 3378 accepto
1118 3261 1228 3398 signo
1283 3261 1357 3348 tale
1385 3263 1517 3351 odium
1547 3265 1754 3352 concitate.

525 3381 692 3466 eermtim
718 3381 843 3466 cuncti
873 3379 1020 3465 hostiles
1060 3381 1230 3476 mtuutio
1369 3383 1437 3467 IV.
1511 3382 1602 3494 Ejus
1658 3382 1770 3469 i'tur
1808 3381 1991 3499 eloquens

526 3524 593 3584 nes
617 3497 818 3584 invadunt.
849 3499 1020 3603 Hostes,
1039 3497 1228 3583 eorumin
1284 3496 1480 3615 quidem,
1523 3500 1588 3587 sed
1700 3501 1762 3588 'da
1805 3525 1845 3586 ct
1885 3529 1992 3586 eom·

527 3638 718 3704 tormenta
747 3613 963 3701 irmentium
1004 3612 1159 3700 audacia
1190 3640 1232 3702 et
1285 3617 1417 3704 mentis
1466 3645 1627 3734 respersa
1665 3618 1716 3705 ad
1757 3621 1993 3704 Tunetenses

528 3735 849 3820 munimentorum
897 3733 1109 3846 disjectione
1166 3731 1231 3819 de·
1285 3735 1424 3821 oratio.

528 3852 655 3957 territi,
668 3846 798 3969 fugam
818 3873 1035 3966 capessunt.
1053 3854 1231 3936 Duorum
1344 3855 1395 3938 V.
1452 3851 1543 3949 Qua
1589 3849 1799 3940 confirmati
1862 3852 1990 3938 animo

527 3970 762 4084 captivorum
777 3969 960 4085 remigum
983 3965 1148 4072 Duriae,
1169 3994 1231 4051 na·
1285 3974 1537 4075 Tunetenses,
1561 3972 1623 4057 vel
1647 3971 1744 4057 mori
1776 3994 1992 4084 separatos

527 4085 632 4177 tione
656 4092 892 4190 Turturum,
908 4113 1062 4172 suorum
1075 4085 1231 4171 caedem
1286 4115 1391 4192 esse,
1417 4109 1457 4172 et
1485 4085 1672 4202 imperatis
1701 4087 1905 4174 Charadini
1933 4086 1994 4172 di-

528 4201 827 4321 prospicientium
870 4201 1086 4290 incredibilis
1130 4230 1232 4290 moe·
1286 4204 1441 4320 ligentet
1499 4205 1681 4320 patinuos
1726 4203 1988 4292 conclamant.

529 4347 612 4409 tot.
1285 4323 1361 4407 Hic
1435 4321 1563 4438 itaque
1627 4323 1753 4408 sumtis
1814 4322 1992 4437 spiritibus

596 4441 686 4525 XX.
753 4439 851 4534 Quis
885 4438 1024 4552 primus
1068 4438 1231 4526 Goletae
1286 4441 1335 4526 ad
1368 4439 1499 4525 urbem
1541 4439 1721 4525 ruendam
1757 4469 1796 4524 se
1841 4465 1994 4552 compa·

529 4557 754 4642 munitiones
768 4557 1056 4667 transcenderit,
1077 4581 1151 4642 tres
1172 4557 1233 4640 mi·
1286 4582 1344 4642 rat
1375 4618 1387 4662 ‚
1413 4581 1452 4642 et
1493 4581 1748 4673 pugnatorum
1780 4555 1861 4672 plus
1906 4565 1995 4639 ce‘n·

528 4671 609 4760 lites
635 4673 793 4789 Hispani
820 4672 1042 4788 disceptant.
1084 4671 1234 4756 Deside·
1286 4695 1369 4758 tuun
1409 4671 1563 4760 millium
1601 4674 1694 4761 inita
1738 4674 1914 4776 ratione,
1947 4675 1997 4758 de

528 4792 600 4880 tati
637 4821 683 4879 ex
718 4789 944 4880 Caesarianis
981 4789 1121 4878 circiter
1151 4817 1234 4876 cen·
1286 4790 1395 4879 hoste
1437 4791 1490 4879 ad
1530 4821 1700 4913 pugnam
1745 4790 1999 4910 provocando

1926 4936 2001 4993 co-

222 811 225 818 ’
339 909 342 916 ¹
515 799 691 904 cundus‚
714 796 782 914 qui
804 795 931 881 tertius
954 794 1103 881 hostiles
1142 825 1220 930 mu·
1276 826 1372 913 gnus
1415 825 1589 882 ntunetus
1630 799 1821 885 inventus.
1865 799 1980 884 Trite·
2120 853 2121 856 κ
