4326 5986
580 494 667 614 426
951 515 1034 596 DE
1078 514 1277 596 REBUS
1320 511 1552 596 GESTIS

360 751 367 762 ·
466 793 472 804 ,
540 684 634 785 telis
669 669 861 778 rnilitum
882 707 1149 780 ¹nostrorum
1183 669 1339 815 repulsi
1370 707 1499 772 sunt.
1538 667 1621 770 sed
1650 662 1905 808 insequente
1934 669 1997 772 die

544 817 926 928 commodioribus
971 818 1039 919 usi
1081 816 1243 938 vadis,
1290 851 1335 916 et
1347 879 1365 932 y·
1381 824 1551 950 majore
1603 813 1777 956 impetu
1827 814 1992 918 nitentes

546 973 712 1076 flumen
740 964 977 1066 transivere
995 1003 1007 1072 3
1026 960 1187 1105 quibus
1214 961 1374 1080 nostri,
1396 1001 1501 1063 curn
1529 999 1650 1102 pares
1679 997 1880 1061 essenon
1911 997 1995 1101 pos-

547 1151 677 1236 sent,
711 1113 760 1213 in
795 1108 1052 1230 castellum,
1091 1107 1215 1248 quod
1251 1113 1413 1208 Sanetus
1449 1116 1661 1208 Germanus
1697 1102 1889 1223 dicitur,
1923 1147 1998 1206 sese

552 1291 841 1401 receperunt.
891 1254 1012 1356 Hinc
1059 1251 1214 1355 ceteris
1256 1249 1462 1394 praesidii
1505 1248 1645 1392 gratia
1687 1246 1749 1348 in¹
1774 1247 1928 1350 -Casale
1962 1287 2000 1352 et

552 1404 747 1508 Trinum
792 1399 999 1541 oppida,
1048 1434 1097 1498 ut
1141 1397 1364 1498 Antonius
1406 1395 1744 1536 imperaverat,
1792 1393 1999 1518 deductis,

554 1558 748 1690 joannes
789 1543 986 1682 Jacobus
1029 1542 1227 1643 Medices
1268 1577 1311 1644 et
1357 1539 1584 1680 Philippus
1625 1536 1877 1638 Torniellus
1908 1581 1999 1645 cum

553 1695 764 1795 Italorum
801 1688 976 1790 duobus
1021 1683 1213 1787 millibus
1250 1719 1295 1786 et
1337 1683 1628 1826 quingentis,
1669 1681 1867 1824 Culpbus
1905 1724 1998 1788 vero
2125 1791 2126 1824 ,

554 1837 760 1940 Dictacus
796 1873 900 1934 cum
942 1832 1062 1933 mille
1106 1829 1335 1930 Germanis
1372 1827 1587 1932 Vercellas
1631 1828 1831 1968 praesidii
1872 1831 2000 1970 gratia

497 2032 501 2044 ¹
554 1981 703 2099 missi,
748 1976 971 2080 Gutietrus
1006 1975 1098 2117 ipse
1138 1975 1196 2074 ad
1237 1971 1489 2076 Antonium
1530 1972 1577 2074 in
1620 1971 1837 2074 Candiam
1872 1973 2000 2115 oppi-

556 2125 665 2226 dum
701 2122 924 2264 pervenit.

626 2279 751 2369 XIX.
828 2265 912 2365 His
949 2261 1075 2365 rebus
1110 2259 1315 2365 nuntiatis
1362 2261 1545 2365 Carolus
1585 2271 1746 2363 Caesar
1787 2300 1883 2362 non
1916 2300 1998 2363 am·

555 2410 671 2555 plius
717 2448 888 2551 sperans
929 2421 1103 2552 Regem
1144 2407 1292 2549 aequis
1337 2403 1672 2509 conditionibus
1711 2405 1768 2507 ab
1812 2406 1999 2508 instituto
2125 2501 2126 2533 ,

557 2553 751 2682 deduci,
775 2569 822 2655 'et
858 2554 906 2653 in
942 2588 1138 2654 mentem
1185 2553 1400 2655 saniorem
1437 2551 1634 2652 revocari
1668 2589 1824 2691 posse,
1860 2551 1997 2651 simul-
2125 2539 2126 2569 Ν

458 2693 1997 2841 ,ψωώωωωωψω

558 2843 815 2946 cordatione
848 2838 1074 2944 foederum
1110 2882 1236 2985 saepe
1271 2885 1297 2944 a
1339 2854 1464 2984 Rege
1497 2840 1767 2942 violatorum
1807 2879 2001 2942 commo-

559 3025 628 3088 tus
680 2987 830 3088 statuit
894 2987 1026 3089 annis
1076 2988 1349 3108 decernere,
1395 3020 1438 3086 et
1479 2998 1695 3129 Regem,
1742 2981 1825 3128 qui
1879 2987 1929 3086 ad
1965 3026 2002 3086 se

560 3131 848 3232 territandum
883 3132 1121 3273 alienaque
1145 3131 1440 3238 invadendum
1476 3130 1525 3232 in
1569 3129 1738 3230 Italiam
1778 3131 2001 3232 exereitum

557 3275 770 3394 misisset,
810 3315 903 3376 non
941 3275 1174 3419 reprimere
1207 3311 1419 3396 tantum,
1457 3276 1531 3375 sed
1566 3274 1738 3395 etiam,
1770 3309 1823 3374 ut
1860 3274 1939 3376 suis
1967 3273 2000 3375 i-

557 3455 634 3560 pse
671 3417 799 3520 rebus
835 3455 1079 3541 metueret,
1117 3419 1234 3523 bello
1271 3421 1320 3522 in
1356 3420 1611 3522 ulteriorem
1645 3417 1834 3521 Galliam
1883 3456 2004 3521 trans·

560 3563 650 3666 lato
686 3565 974 3704 compellere.
1017 3574 1085 3666 Ut
1127 3605 1231 3666 vero
1268 3604 1395 3667 suurn
1430 3565 1631 3666 animum
1663 3600 1833 3704 semper
1860 3567 1919 3668 ad
1949 3605 2007 3706 pa

553 3744 656 3808 tem
691 3708 969 3849 proclivem,
1003 3743 1048 3808 et
1082 3705 1193 3810 boni
1222 3709 1388 3850 publici
1410 3708 1682 3831 studiosum,
1710 3708 1831 3851 apud
1861 3748 2009 3811 omnes

554 3849 827 3954 Christianos
889 3851 1121 3995 bonosque
1172 3887 1377 3957 testatum
1428 3853 1728 3996 relinqueret,
1770 3855 1927 3956 statuit
1969 3853 2010 3954 in

554 3995 838 4099 celeberrimo
873 3997 975 4099 loco
1013 3995 1131 4099 orbis
1168 4033 1303 4099 terrae
1339 3999 1457 4140 apud
1501 3997 1765 4100 Pontificem
1800 4033 1845 4098 tt
1893 4012 2010 4102 Sena·

553 4173 651 4241 tum
687 4141 985 4252 Cardinalium
1020 4144 1074 4246 de
1108 4143 1245 4285 Regis
1279 4141 1486 4276 injuriis,
1529 4179 1573 4245 et
1608 4143 1782 4244 violatis
1815 4136 2012 4246 foederi-

553 4279 664 4405 bus,
703 4290 847 4432 deque
882 4326 957 4388 sua
991 4321 1216 4388 constante
1250 4288 1297 4389 in
1337 4286 1680 4430 Rempublicam
1716 4283 2010 4390 Christianam

552 4427 777 4531 voluntate
808 4432 953 4574 aliqua
989 4469 1377 4543 commemorares
1414 4434 1538 4575 quod
1574 4474 1629 4534 eo
1665 4431 1806 4575 magis
1840 4429 2008 4535 facien·

549 4569 657 4674 dum
694 4573 779 4677 sibi
824 4575 1135 4698 existimabat,
1170 4581 1296 4724 quod
1338 4617 1382 4676 se
1422 4580 1785 4720 Fernandumque
1832 4571 2005 4678 fratrem

484 4851 487 4856 Ι
547 4719 664 4858 apud
702 4723 880 4824 eosdem
915 4761 1040 4866 saepe
1077 4757 1171 4825 tum
1207 4759 1287 4864 per
1321 4721 1513 4844 litteras,
1548 4761 1644 4827 tum
1676 4722 1812 4823 etiam
1840 4760 1920 4863 per
1956 4717 2008 4818 le·

542 4897 668 5002 gatos
713 4866 937 4972 calumniis
983 4905 1027 4973 et
1076 4865 1355 4977 contumeliis
1397 4909 1435 4977 a
1475 4879 1600 5013 Rege
1652 4903 1830 4970 vexatos
1877 4863 2005 4967 firisse

1927 5045 1999 5108 co·
