4292 5984
574 482 632 594 46
929 497 1013 578 uu
1056 493 1254 574 nauus
1299 487 1541 575 Gusrrs.

621 657 698 756 lX.
787 663 956 752 Interea
992 684 1174 752 mortuo
1212 648 1523 750 Maximiliano
1561 655 1777 763 Caesare,
1812 648 2001 750 Carolus
2138 689 2139 692 ‘

536 836 701 903 annum
746 837 877 940 agens
923 793 1193 940 vigesimum
1241 783 1447 895 omnium
1489 793 1748 895 Electorum
1792 786 2005 934 suffragio
2138 887 2139 928 ἰ

536 957 778 1085 Imperator
815 940 1021 1083 deligitur
1058 975 1102 1039 et
1134 939 1183 1039 in
1210 938 1433 1039 demortui
1462 938 1536 1039 avi
1572 936 1724 1036 locum
1761 927 2003 1057 sufficitur,
2138 937 2139 954 Ν

537 1085 749 1231 praelatus
774 1088 1000 1186 Francisco
1037 1082 1277 1185 Galliarum
1312 1083 1463 1225 Regi,
1500 1081 1580 1223 qui
1617 1118 1780 1221 magna
1815 1115 2001 1182 conten·
2138 1179 2139 1182 γ

539 1232 662 1332 tione
706 1265 750 1328 et
796 1230 1031 1372 largitione
1074 1227 1191 1327 hunc
1234 1225 1482 1349 honorem,
1517 1262 1561 1326 et
1597 1224 1862 1367 dignitatem
1898 1263 2003 1330 cum

539 1375 637 1518 ipso
674 1372 876 1516 petebat.
923 1385 1031 1494 Quo
1067 1371 1226 1473 nuntio
1262 1372 1503 1471 Barcinone
1538 1403 1754 1511 accept0,
1788 1367 2006 1490 Carolus,
2138 1393 2139 1426 ¹

542 1521 707 1621 omisso
743 1519 896 1618 itinere
933 1516 1056 1659 quod
1092 1517 1140 1617 in
1176 1514 1454 1635 Valentiam,
1491 1551 1541 1614 ut
1578 1552 1724 1614 rerum
1760 1513 1875 1614 ordo
1911 1554 2005 1655 pos·
2138 1513 2139 1544 ¹

543 1663 694 1784 rebat,
730 1657 873 1764 facere
909 1661 1156 1806 cogitabat,
1192 1658 1241 1760 in
1283 1660 1518 1761 Castellam
1561 1659 1822 1778 revertitur,
1859 1696 1911 1760 ut
1958 1660 2003 1762 in
2138 1713 2139 1720 Ν

536 1807 744 1948 'Belgium
772 1810 1144 1948 Germaniamque
1176 1842 1439 1907 coronarum
1464 1841 1507 1904 et
1533 1804 1711 1947 imperii
1740 1804 2005 1906 constituen·
2138 1845 2139 1868 ¹

543 1951 590 2052 di
625 1949 766 2192 gratia
802 1950 951 2092 primo
988 1988 1170 2094 quoque
1207 1985 1410 2090 tempore
1445 1949 1818 2091 proficisceretur.
1857 1958 2005 2080 Hujus

543 2132 626 2236 pro
648 2094 833 2196 cetionis
875 2134 1026 2198 rumor
1072 2091 1366 2196 increbescens
1409 2095 1603 2197 celeriter
1652 2130 1797 2195 totam
1840 2095 2007 2234 Hispa·

544 2237 668 2338 niam
704 2279 806 2339 curn
842 2239 1125 2381 pervasisset,
1162 2240 1407 2341 multorum
1442 2239 1600 2342 animis
1635 2241 1780 2383 gravis
1817 2233 1900 2339 fuit
1935 2273 2007 2339 at·

545 2421 631 2523 que
667 2384 911 2504 molestus,
947 2386 1237 2487 incommoda
1273 2404 1330 2484 et'
1357 2386 1621 2486 calamitates
1667 2384 2007 2525 reputantium,
2138 2381 2139 2462 i

545 2566 659 2664 quae
696 2527 954 2665 plerumque
990 2527 1242 2669 Principum
1289 2527 1486 2630 absentia
1529 2529 1704 2672 populis
1743 2524 1889 2627 afferre
1936 2567 2009 2626 so·
2138 2579 2139 2596 Ν

545 2665 638 2787 let,
676 2669 927 2804 praesertim
963 2670 1131 2812 longa,
1169 2669 1306 2811 qualis
1351 2714 1401 2772 ea
1445 2669 1540 2774 fore
1585 2668 1891 2775 metuebatur.
1929 2671 2007 2773 Sed
2138 2667 2139 2718 ³

548 2808 752 2910 omnium
797 2812 987 2913 maxime
1029 2813 1238 2914 Toletani
1283 2818 1559 2919 commoveri
1601 2817 1687 2917 visi
1737 2850 1865 2938 sunt,
1915 2853 2006 2916 non

547 2954 688 3053 modo
719 2951 1005 3095 profectionis
1041 2959 1199 3059 nuntio
1231 2995 1275 3058 et
1299 2963 1533 3104 exspectati
1568 2961 1673 3062 mali
1710 2959 1897 3083 timore,
1934 2959 2005 3058 sed

548 3099 795 3200 multorum
830 3101 963 3203 etiam
999 3103 1393 3206 incommodorum
1430 3117 1591 3250 Regno
1629 3147 1654 3204 a
1690 3104 1832 3246 Belgis
1875 3103 2006 3244 ipsius

547 3242 680 3385 Regis
724 3240 1011 3346 familiaribus
1065 3247 1291 3348 illatorum
1335 3249 1671 3368 recordatione,
1707 3245 2007 3349 admonitori-

548 3383 627 3485 bus
656 3387 934 3526 potissimum
963 3397 1141 3527 Joanne
1168 3391 1366 3514 Padilla,
1401 3403 1623 3534 Petroque
1646 3402 1804 3515 Lass0,
1842 3428 1887 3492 et
1915 3403 2008 3492 Fer-

549 3532 697 3629 nando
725 3533 891 3658 Avalo,
927 3533 1150 3637 nobilibus
1187 3579 1237 3637 ac
1274 3538 1487 3679 primariis
1522 3535 1719 3656 civibus,
1756 3536 2005 3676 eisdemque
2138 3549 2139 3576 ¹

551 3672 667 3773 urbis
698 3684 788 3804 ejus
818 3677 1117 3782 Senatoribus.
1151 3681 1220 3782 Hi
1248 3721 1442 3824 namque
1479 3682 1569 3784 sive
1601 3680 1876 3821 indulgentes
1905 3679 2005 3797 irae,

547 3851 598 3914 ut
634 3819 868 3922 adversarii
904 3824 1154 3957 jactabant,
1192 3864 1373 3968 propter
1409 3827 1585 3958 injurias
1628 3870 1654 3927 a
1693 3836 1817 3966 Rege
1864 3831 2007 3956 ejusve

548 3963 867 4066 consultoribus
905 4004 1122 4111 acceptas,
1160 3969 1250 4070 sive
1286 3969 1410 4071 bono
1443 3967 1650 4112 publico,
1686 4004 1737 4069 ut
1771 3967 1855 4109 ipsi
1889 4007 2008 4109 prae-

547 4102 778 4227 dicabant,
808 4113 1029 4213 studentes
1051 4115 1107 4213 ad
1131 4114 1329 4254 primum
1355 4110 1638 4256 profectionis
1674 4113 1883 4214 nuntium
1918 4149 2009 4213 non

547 4247 808 4353 desistebant
860 4258 1007 4398 palam
1049 4255 1217 4402 ubique
1267 4259 1317 4361 in
1367 4299 1531 4360 corona
1583 4294 1895 4400 conventuque
1946 4253 2011 4353 ci-

547 4389 673 4492 vium
713 4398 852 4499 multa
885 4411 1074 4534 jactare,
1110 4403 1270 4543 quibus
1302 4403 1583 4548 popularium
1623 4404 1797 4504 animos
1832 4403 1880 4501 in
1914 4398 2012 4500 Bel-

548 4571 704 4675 garum
740 4543 1075 4686 Regiorumque
1113 4547 1479 4646 Consiliariorum
1515 4547 1671 4649 odium
1708 4546 2012 4662 incenderent,

547 4717 597 4777 ac
632 4684 768 4826 Regis
804 4707 856 4787 eir
892 4686 1110 4831 Hispania
1146 4688 1381 4791 discessum
1416 4694 1544 4795 omni
1579 4705 1741 4835 Regno
1783 4687 2011 4834 pernicio-

547 4861 644 4925 sum
673 4821 798 4950 fore,
824 4834 1047 4975 multaque
1075 4868 1118 4933 et
1145 4835 1336 4938 maxima
1371 4838 1517 4958 mala,
1548 4839 1632 4939 nisi
1661 4873 1831 4936 mature
1860 4829 2012 4976 provi·-

545 4971 795 5095 dereretur,
831 4976 1086 5120 impendere
1121 4980 1354 5086 docerent.
1391 4980 1574 5086 Talibus
1611 4979 1796 5087 vocibus
1834 4975 2009 5081 multo·

1905 5157 2006 5223 rum
