4298 5980
558 404 644 552 ara
955 473 1043 554 oa
1090 471 1300 556 assus
1347 469 1568 559 essars

516 651 710 746 Lactarm
742 669 830 738 sam
863 637 989 740 t‘n'lais
1005 713 1020 760 ,
1058 669 1153 776 quae
1195 639 1299 740 dicta
1331 671 1421 740 sunt
1455 639 1585 758 milri,
1620 643 1664 738 in
1701 629 1854 761 dumam
1898 637 2005 754 Do·

519 794 617 894 mini
650 791 827 888 ibimus.

591 941 677 1032 LII.
738 927 915 1032 Caedis
950 961 1093 1034 autern
1130 930 1186 1034 ab
1222 929 1445 1078 Episcopo
1482 926 1621 1032 factae
1655 933 1885 1056 modurn,
1927 974 2003 1040 at-

521 1116 610 1222 que
655 1075 812 1181 initam
854 1075 1072 1181 rationem
1114 1077 1227 1182 hanc
1269 1077 1381 1182 mihi
1432 1076 1677 1219 exquirenti
1719 1079 1996 1223 Ronquillus
2131 1199 2132 1210 .

522 1224 636 1367 ipse,
673 1255 721 1326 ut
756 1261 1051 1366 compererat,
1084 1224 1330 1328 enarravit.
1368 1232 1491 1323 Cum
1527 1215 1766 1363 praefectus
1802 1225 1915 1328 arcis
1941 1227 1997 1328 ad
2131 1255 2132 1260 '

523 1369 794 1511 Episcopum
844 1363 1160 1472 confabulandi
1215 1403 1259 1469 et
1313 1365 1566 1468 latrunculis
1595 1453 1597 1460 .
1630 1366 1816 1469 ludendi
1867 1411 1994 1472 causa

525 1515 788 1656 quotidiana
833 1515 1146 1618 consuetudine
1185 1510 1452 1628 ventitaret,
1498 1509 1711 1611 invitatus
1760 1515 1995 1616 occasione
2131 1631 2132 1650 ἰ

523 1660 768 1803 Episcopus
814 1694 859 1760 ct
901 1659 1201 1800 desperatione
1245 1654 1456 1759 libertatis
1498 1654 1710 1797 impulsus
1757 1658 1992 1762 consilium

523 1805 643 1946 cepit
679 1805 791 1904 illius
834 1804 1094 1923 occidendi,
1136 1834 1187 1902 ut
1229 1839 1512 1943 quacumque
1555 1798 1727 1900 ratione
1767 1795 1876 1944 lisga
1921 1801 1994 1906 vel

524 1982 667 2049 rnorte
703 1945 969 2067 libertatem,
1015 1985 1150 2090 quam
1172 1986 1199 2045 a
1221 1946 1383 2048 Carolo
1420 1944 1586 2046 nullam
1623 1941 1843 2088 sperabat,
1876 1983 1995 2045 asse-

523 2127 760 2231 queretur,
797 2131 930 2234 seque
966 2088 1022 2192 ab
1040 2103 1042 2108 ’
1059 2131 1111 2190 ea
1145 2089 1322 2192 miseria
1363 2089 1641 2233 vendicaret.
1690 2096 1857 2190 Nactus
1901 2089 1991 2232 igi-

522 2269 596 2336 tur
631 2234 845 2377 perticam
879 2237 1123 2376 quamdam
1158 2232 1306 2335 hastae
1341 2233 1659 2353 crassitudinis,
1695 2231 1811 2334 hanc
1849 2277 1902 2339 ex
1936 2273 1988 2335 u-

521 2413 677 2522 traque
696 2418 840 2521 parte,
859 2415 1070 2524 quatenus
1097 2379 1197 2482 satis
1228 2413 1335 2481 esset
1350 2457 1365 2500 ‚
1380 2376 1532 2500 findit,
1552 2414 1596 2479 et
1616 2377 1837 2521 gladiolos
1865 2380 1989 2500 duos,

521 2564 636 2664 quos
671 2523 757 2626 sibi
793 2562 868 2664 per
910 2564 1082 2624 causam
1123 2525 1301 2666 aptandi
1342 2563 1531 2666 pennas,
1548 2559 1905 2664 comparaverat,
1939 2523 1987 2624 in

523 2667 721 2788 fissuras,
757 2667 907 2767 itaut
942 2667 1140 2812 cuspides
1176 2704 1428 2788 exstarent,
1464 2666 1646 2768 inseruit
1681 2667 1849 2807 filoque
1883 2705 1988 2766 con·

523 2811 723 2912 strinxit.
763 2819 870 2912 Hoc
905 2845 1163 2955 praeparato
1207 2813 1297 2914 telo
1342 2852 1448 2915 cum
1484 2805 1725 2955 praefectus
1773 2851 1827 2912 ex
1868 2849 1988 2911 more
2046 2919 2055 2946 l

399 2983 404 2990 ’
523 2951 777 3057 cubiculum
813 2995 983 3058 securus
1019 2958 1251 3077 intrasset,
1323 2958 1566 3100 Episcopus
1602 2953 1783 3057 occlusis
1818 2951 1988 3058 foribus

523 3099 740 3202 seniorem
775 3138 819 3203 et
852 3097 1127 3203 imbecillum
1162 3099 1366 3203 robustus
1402 3102 1496 3243 ipse
1531 3100 1731 3202 adoritur
1767 3135 1812 3202 et
1847 3100 1988 3202 valide

414 3267 421 3279 '
524 3241 739 3384 perticam
772 3243 823 3344 in
857 3282 990 3389 caput
1023 3243 1205 3349 incutit.
1242 3252 1366 3348 Tum
1411 3245 1594 3348 cultellis
1639 3283 1735 3347 rem
1775 3243 1887 3390 gerit
1926 3277 1989 3344 at·

525 3387 662 3488 toniti
696 3387 900 3530 jugulum
936 3426 1087 3532 petens
1122 3391 1404 3536 dissectisque
1440 3391 1562 3493 venis
1599 3388 1862 3496 obtruncat.
1905 3396 1989 3490 Pa·

525 3567 639 3632 trata
675 3567 780 3635 nece
816 3530 1022 3635 cubiculo
1049 3577 1093 3637 se
1119 3536 1333 3677 proripit,
1366 3545 1550 3679 jamque
1586 3573 1744 3678 portae
1781 3533 1891 3637 arcis
1927 3571 1991 3674 ap

525 3672 889 3818 propinquabat,
925 3717 1032 3780 cum
1067 3720 1093 3779 a
1128 3680 1310 3782 muliere
1346 3683 1541 3825 quadam
1576 3723 1628 3782 ex
1664 3675 1876 3823 praefecti
1911 3676 1992 3778 do-

526 3819 717 3921 mesticis
760 3817 933 3964 fugiens
983 3859 1241 3966 conspoctus
1285 3862 1376 3926 est.
1426 3835 1574 3960 Hujus
1623 3825 1815 3926 clamore
1869 3817 1991 3922 exciti

526 3961 761 4065 domestici
798 3999 842 4065 et
876 3965 1016 4070 vicini
1051 4003 1355 4091 concurrunt,
1398 4011 1425 4069 a
1460 3969 1621 4113 quibus
1657 3964 1992 4110 comprehensus

525 4106 769 4248 Episcopus
809 4144 1108 4258 retractusque
1144 4148 1242 4238 est,
1284 4150 1329 4216 et
1369 4114 1556 4258 cognito
1592 4109 1787 4217 facinore
1822 4103 1989 4213 arctiori

527 4251 754 4355 custodiae
791 4254 1008 4359 traditus.

561 4402 668 4496 Lnr.
711 4408 834 4498 Haec
869 4399 919 4502 in
946 4399 1222 4550 Episcopum
1255 4401 1580 4512 animadversio
1616 4433 1892 4552 quamquam
1925 4407 2012 4528 ju«,

524 4549 608 4634 sta'
628 4569 672 4638 et
715 4537 915 4679 legitima·
953 4547 1097 4650 videri
1139 4589 1345 4694 poterat,
1389 4589 1545 4697 utpote
1587 4551 1719 4690 ipsius
1762 4537 1983 4644 sceleribus

524 4679 825 4805 conveniens,
862 4718 1011 4794 tamen
1056 4693 1165 4840 quia
1207 4739 1329 4804 novo
1374 4697 1578 4840 exemplo
1621 4711 1989 4836 praetermorem

524 4832 828 4988 m²l⁰1lfmsst
864 4831 981 4980 leges
1017 4843 1270 4960 Pontifieias
1287 4897 1291 4911 ‚
1307 4847 1423 4955 edita
1458 4840 1570 4966 fuit,
1609 4839 1804 4996 multum
1839 4864 1993 4939 sermo

1891 5007 1990 5080 nem
2121 5050 2128 5191 p
