4284 5982
547 389 968 474 rassruourner
999 385 1213 470 eroum.
1588 413 1608 495 3

193 546 285 611 terea
306 523 506 610 Clementis
528 529 611 610 Vll.
634 532 674 608 P.
696 529 752 608 hl
774 529 962 610 voluntate
983 551 1027 606 ac
1053 525 1151 624 iussu
1171 520 1417 606 doctissimam
1433 521 1632 606 Alexandri

190 630 426 736 Aphrodffid
449 634 709 716 cavationem
732 633 1087 712 inX11.Arisr0relis
1110 631 1223 709 libros
1238 652 1290 731 argi
1314 663 1365 713 uuir
1389 646 1460 723 urici
1475 647 1512 710 uls
1530 648 1634 723 prora&

189 739 233 814 de
257 742 389 833 prima
420 737 666 835 Philosophia
696 737 826 816 Latine
866 734 1060 815 reddidit:
1104 759 1187 812 nam
1227 733 1354 827 duos,
1387 736 1455 835 qul
1483 756 1630 832 restant,

186 839 387 919 Alexandri
418 839 528 917 libros
549 845 689 920 Graece
717 859 853 918 exstare
884 840 994 918 audio
1025 839 1164 916 Patavii
1198 837 1294 937 apud
1329 837 1490 918 nobilem
1529 835 1631 936 juxta

186 963 299 1044 atque
334 942 519 1024 cruditum
560 946 683 1024 virum
720 945 957 1023 Wncenriun
989 942 1178 1020 Pinellum.
1218 941 1304 1019 Post
1336 941 1545 1020 Aristotelis
1583 943 1629 1018 de

185 1052 325 1142 optimo
346 1051 443 1142 reip.
462 1061 570 1122 statu
597 1047 708 1126 libros
732 1047 767 1124 8.
791 1072 863 1124 non
887 1048 1005 1124 solum
1028 1072 1048 1122 e
1073 1046 1216 1124 Graeco
1237 1046 1277 1120 in
1290 1043 1462 1122 Latinum
1488 1067 1632 1124 sermo·

185 1171 297 1241 nem,
323 1169 486 1228 veterum
511 1169 548 1228 et
574 1151 832 1254 castigatorum
856 1149 1110 1249 exemplarium
1145 1147 1257 1226 fidem
1291 1170 1436 1244 securus
1464 1171 1624 1229 conver·

184 1253 259 1344 tit,
285 1250 350 1331 sed
384 1277 512 1333 eorum
539 1251 710 1332 difficiles
739 1277 889 1356 quoque
917 1255 1016 1332 locos
1044 1251 1215 1330 brevibus
1237 1248 1385 1330 scholiis
1410 1251 1627 1351 explanavit.

182 1357 333 1431 Ethiea
387 1379 541 1456 quoque
580 1379 752 1455 uterum...
793 1354 969 1454 majorum
1021 1355 1228 1457 vigiliarum
1270 1378 1363 1454 opus
1408 1351 1628 1455 paraphrasi,

183 1481 281 1559 quae
303 1479 424 1536 tamen
448 1461 567 1538 lucem
593 1462 755 1540 nondum
783 1460 954 1560 aspexit,
984 1459 1175 1536 illustrasse
1200 1456 1372 1551 videtur,
1397 1478 1435 1537 et
1458 1461 1629 1561 Argyro-

183 1562 262 1660 poli
289 1563 492 1640 versionem
520 1563 708 1666 castigasse
734 1562 903 1642 hortante
925 1563 991 1664 Jo.
1022 1558 1215 1639 Matthaeo
1236 1562 1629 1655 Giberro,Veronensi

182 1665 303 1763 Episc.
318 1686 468 1764 apparet
491 1690 534 1742 ex
557 1668 660 1765 epist.
686 1677 724 1746 6.
752 1690 790 1746 et
812 1689 849 1765 7.
875 1691 949 1768 qua
975 1667 1277 1743 commentatione
1301 1686 1421 1742 natam
1443 1665 1514 1742 sibi
1534 1669 1628 1744 scti-

186 1766 242 1844 blt
263 1770 362 1846 illam
388 1770 662 1868 quaestionem,
684 1796 795 1873 quarn
817 1791 855 1847 et
877 1770 1111 1872 profligavit,
1138 1768 1185 1845 ad
1217 1767 1429 1872 exitumque
1461 1766 1626 1870 adduxit,

184 1872 230 1946 'de
262 1871 535 1949 Convenientr'o
569 1875 734 1950 militiae
767 1899 846 1950 cum
877 1872 1108 1950 Christiana
1136 1871 1337 1970 Religione
1369 1925 1380 1965 ,
1422 1888 1460 1949 et
1484 1871 1627 1948 Demo«

183 1991 314 2050 crates
344 1975 554 2052 inscribitur
576 1978 777 2080 Dialogus:
804 1999 889 2052 nam
920 1975 1028 2054 altera
1066 1971 1155 2051 huic
1177 1971 1294 2052 affinis
1316 1994 1354 2052 et
1378 1975 1486 2078 longe
1522 1972 1622 2054 diffi-

179 2078 264 2156 cilis
296 2079 460 2177 quaestio
495 2082 668 2172 accessit,
695 2083 757 2157 cui
784 2079 938 2156 titulus:
966 2077 1214 2153 Democrates
1239 2080 1370 2170 ulter,
1398 2080 1474 2156 sive
1496 2077 1542 2156 de
1556 2080 1622 2182 ju·

182 2185 262 2255 stis
286 2181 377 2256 belli
399 2185 538 2257 causis.
554 2184 769 2270 Quaesitum
792 2185 913 2276 enim,
929 2180 1064 2282 jurene
1077 2231 1088 2272 ,
1101 2202 1152 2254 an
1176 2181 1321 2282 injuria
1336 2180 1501 2257 barban·
1520 2181 1626 2277 apud

186 2282 304 2357 ludos
334 2286 372 2357 in
404 2284 665 2379 Hispanorum
700 2287 876 2363 ditionem
910 2284 1184 2384 redigerentur.
1223 2282 1417 2362 Assetebat
1447 2285 1621 2362 nimirum

137 2471 141 2476 ,
183 2385 386 2478 Genesim,
418 2389 506 2466 novi
528 2389 642 2467 Orbis
669 2387 827 2483 incolas,
858 2410 951 2490 quos
975 2386 1082 2464 Indos
1108 2407 1309 2479 vocamus,
1336 2386 1374 2461 in
1396 2384 1624 2465 Christiano·

181 2512 266 2566 rum
297 2489 475 2566 ditionem
505 2495 613 2570 armis
638 2493 755 2595 redigi
781 2490 839 2592 jus
864 2491 991 2592 fasque
1022 2514 1119 2568 esse:
1152 2511 1227 2568 non
1255 2491 1294 2566 in
1322 2491 1533 2568 servitutem
1561 2511 1620 2568 ta·

180 2615 294 2684 men,
322 2591 385 2670 sed
405 2591 580 2672 ditionem
601 2596 854 2675 adducendos:
881 2618 954 2671 non
980 2595 1087 2671 bonis
1113 2591 1343 2692 spoliandos,
1372 2591 1434 2670 sed
1460 2595 1536 2671 sine
1565 2593 1622 2670 in·

177 2691 277 2796 jutia
299 2697 585 2774 conservandos:
614 2723 686 2776 non
709 2697 871 2777 heriliter
892 2698 970 2788 eis,
997 2696 1060 2776 sed
1085 2697 1184 2798 regie
1209 2720 1252 2774 ac
1275 2695 1433 2774 civiliter
1460 2694 1508 2772 ad
1536 2696 1620 2775 illo-
1701 2719 1705 2728 ·

179 2821 265 2875 rum
289 2800 482 2876 utilitatem
511 2823 585 2878 esse
609 2803 885 2903 imperandum:
914 2799 1105 2900 editusque
1134 2801 1224 2875 olim
1251 2796 1321 2877 hac
1347 2797 1394 2875 de
1417 2824 1456 2878 te
1479 2801 1620 2880 Romae

178 2901 326 2980 libellus
356 2903 480 3002 paucis
512 2901 708 2984 admodum
740 2903 1029 3005 exemplaribus,
1057 2919 1273 3002 procurante
1298 2902 1619 3006 Ant.Augusrino

178 3005 228 3082 rV.
241 3004 290 3083 C.
313 3001 495 3084 Pontificii
518 3028 597 3083 tum
633 3009 845 3102 tribunalis,
875 3030 987 3108 quam
1011 3006 1154 3082 Rotam
1175 3029 1197 3083 a
1218 3003 1334 3083 forma
1354 3024 1511 3098 vocant,
1534 3008 1615 3083 Au·

178 3105 327 3198 ditore,
353 3129 396 3185 ut
424 3110 477 3186 ait
502 3111 606 3210 epist.
632 3119 696 3201 69.
719 3134 757 3192 et
777 3135 840 3208 70.
854 3113 1021 3203 Verum,
1052 3107 1155 3210 quod
1184 3129 1388 3186 constanter
1418 3134 1439 3188 a
1468 3111 1618 3210 reliquis

178 3209 382 3291 contradici
402 3210 567 3306 videret,
593 3217 766 3316 premier
787 3212 998 3293 intercidere
1022 3234 1141 3310 passus
1165 3231 1229 3290 est.
1255 3213 1474 3316 Apologiam
1497 3234 1616 3294 tamen

177 3311 285 3414 ejus,
310 3338 384 3413 qua
411 3319 567 3393 rationes
593 3321 788 3398 sententiae
808 3342 894 3398 suae
915 3317 1073 3418 apertius
1096 3312 1292 3409 reddebat,
1319 3318 1358 3393 in
1386 3319 1487 3398 ltalia
1516 3320 1616 3396 nacti

177 3439 316 3494 sumus
345 3416 440 3496 Vide
468 3421 571 3521 epist.
597 3430 660 3518 67.
684 3440 723 3499 et
748 3445 812 3524 71.
842 3421 1054 3520 Dispuravit
1078 3440 1115 3496 er
1140 3419 1215 3518 ipse
1242 3416 1312 3499 hac
1342 3417 1388 3495 de
1420 3444 1460 3498 re
1490 3446 1617 3499 coram

177 3517 363 3618 iudicibus
387 3544 474 3598 cum
496 3525 756 3604 Domirticanae
781 3523 937 3603 fandilae
955 3519 1185 3624 Theologis,
1214 3524 1281 3622 qui
1306 3543 1343 3602 et
1369 3525 1439 3623 ipsi
1467 3521 1512 3600 de
1541 3522 1617 3601 hoc

177 3621 261 3723 jure
285 3625 494 3701 sententiam
518 3649 619 3704 suam
639 3629 786 3726 copiose
808 3628 1057 3728 explicarunt,
1082 3626 1289 3710 Ftastciscus
1311 3627 1503 3716 Victoria,
1532 3629 1616 3702 Do-

177 3726 336 3804 minicus
367 3726 480 3820 Soto,
506 3751 543 3806 et
557 3727 850 3810 Bartholomaeus
870 3731 989 3822 Casa,
1013 3728 1177 3828 Chiapae
1209 3731 1248 3806 in
1276 3729 1378 3805 India
1402 3729 1613 3828 Episcopus.

176 3827 251 3906 Sed
273 3851 310 3906 et
330 3829 597 3929 Complutensis
618 3833 840 3913 Academiae
861 3830 1028 3915 doctores
1049 3859 1071 3911 a
1093 3831 1308 3932 Sepulueda
1331 3831 1533 3907 dissensisse
1555 3830 1615 3906 di·

176 3930 287 4009 dicie
302 3930 363 4009 lib.
375 3934 474 4012 Vlll.
488 3935 743 4026 AluGomezii
756 3937 803 4015 de
813 3938 902 4017 Vita
912 3939 1035 4016 Franc.
1050 3935 1211 4016 Ximenii
1225 3933 1335 4010 Card.
1350 3932 1615 4010 Consulcbatut

174 4051 298 4112 autem
321 4054 364 4110 ut
385 4057 562 4132 praestans
583 4035 659 4138 ejus
680 4041 805 4119 aetatis
817 4039 1031 4142 Theologus
1045 4039 1271 4136 frequenter,
1300 4034 1542 4137 difficilesque
1565 4036 1612 4117 ad

174 4159 264 4214 eum
279 4135 366 4213 nodi
386 4159 422 4214 et
440 4143 604 4239 scrupuli
616 4140 882 4240 rejiciebantur,
898 4167 990 4244 quos
1005 4140 1135 4217 diserte
1151 4139 1226 4236 ipse
1242 4140 1399 4232 resolvit,
1412 4159 1448 4219 et
1463 4139 1612 4240 quidem

174 4236 255 4316 fere
273 4239 514 4340 Dialogorum
542 4243 641 4334 ritu,
669 4247 852 4335 Platonis,
875 4265 939 4335 et,
965 4268 1076 4343 quem
1105 4239 1262 4320 studiose
1290 4243 1521 4334 sectabatur,
1554 4243 1611 4322 M.

175 4337 298 4418 Tullii
320 4342 493 4442 exemplo.
525 4343 586 4422 Sic
610 4345 803 4446 degloriet
825 4347 1063 4442 appetenda,
1087 4345 1132 4420 de
1148 4343 1241 4440 fato
1277 4363 1315 4421 et
1352 4345 1471 4422 libero
1501 4345 1612 4420 urbi·

175 4447 286 4536 trio,
312 4441 358 4518 de
380 4450 592 4541 nuptiarum
627 4453 710 4525 ritu
749 4474 797 4527 ur
818 4452 1122 4546 dispensatione,
1150 4448 1302 4544 denique
1329 4450 1374 4526 de
1402 4455 1611 4528 testimonii

180 4543 332 4622 dicendi
353 4551 392 4621 in
412 4551 569 4625 occultis
601 4554 823 4631 criminibus
847 4560 1018 4630 ratione:
1046 4553 1113 4652 qui
1139 4551 1254 4630 libelli
1277 4554 1314 4629 in
1338 4554 1504 4632 manibus
1525 4575 1611 4631 sunt

180 4650 435 4750 citanturque,
450 4658 656 4752 praesertim
677 4657 723 4735 de
745 4665 892 4735 ratione
917 4657 1065 4734 dicendi
1089 4659 1296 4732 testimonii
1324 4661 1364 4732 in
1391 4663 1520 4734 causis
1548 4683 1611 4733 oc-

182 4755 362 4828 cultorum
378 4762 600 4854 criminum,
622 4781 660 4839 et
679 4763 717 4836 iu
738 4787 813 4840 rem
837 4783 1056 4860 praesentem
1080 4755 1282 4837 afferuntur
1304 4783 1325 4837 a
1346 4785 1488 4838 summo
1502 4759 1611 4860 Jure·

183 4855 348 4935 consulto
370 4860 532 4941 Macrino
553 4867 718 4946 Doctore
744 4868 919 5036 Navarrq
939 4863 1160 4943 Euchirr'dii
1189 4860 1417 4961 conficerem
1442 4888 1609 5044 caplim.
1709 4905 1712 4910 ·

935 4990 955 5046 2
1545 4985 1586 5044 rr.
