4294 5972
454 591 455 596 p
550 453 652 571 356
957 471 1041 552 uu
1087 469 1289 552 uanus
1335 471 1567 552 cussis

524 633 616 734 nati
653 624 888 731 millesimo
926 624 1282 768 quingentesimo
1324 625 1549 768 trigesimo
1595 618 1793 766 quinto,
1836 661 1984 732 nactus

526 812 713 878 ventum
750 773 961 874 idoneum
998 808 1128 872 naves
1165 770 1330 889 solvit,
1360 769 1409 871 et
1441 769 1600 909 quinto
1637 769 1709 868 die
1735 768 1981 874 Balearibus

525 915 775 1052 Majotibus
812 914 1012 1058 appulit3
1050 948 1169 1016 sexto
1206 913 1488 1033 Minoribus,
1507 949 1553 1012 et
1581 912 1628 1013 in
1661 949 1896 1058 utramque
1923 919 1982 1020 in·

529 1064 668 1163 sulam
704 1061 795 1201 ipse
833 1099 937 1159 cum
973 1057 1126 1200 paucis
1154 1058 1403 1181 descendit,
1433 1059 1545 1158 dum
1578 1057 1797 1158 vectoriae
1833 1101 1983 1182 naves,

527 1246 644 1349 quae
670 1205 915 1324 ¹intervallo
957 1235 1133 1344 propter
1176 1203 1439 1304 remissiores
1491 1200 1614 1300 flatus
1658 1201 1983 1344 sequebantur,

529 1348 853 1457 convenirentr
897 1346 1134 1449 undecimo
1187 1346 1429 1446 Sardiniam
1478 1345 1710 1486 pervenit,
1756 1350 1983 1449 contrariis

530 1494 675 1596 ventis
711 1531 755 1595 et
791 1526 1048 1633 tempestate
1082 1492 1351 1610 retardatus,
1376 1488 1528 1629 ibique
1566 1528 1670 1589 cum
1704 1489 1885 1632 reliquis
1910 1533 1987 1592 na·

530 1636 657 1738 vibus
694 1675 738 1737 se
770 1635 1037 1770 conjunxit,
1080 1673 1200 1774 quae
1228 1675 1280 1735 ex
1325 1633 1456 1732 Italia·
1486 1631 1716 1772 Siciliaque
1751 1629 1925 1735 fiterant
1958 1678 1985 1738 a

530 1779 793 1882 Matcbione
834 1778 962 1880 Vasti
995 1777 1293 1917 compulsae.
1344 1776 1570 1876 Convenit
1610 1777 1746 1919 igitur
1783 1780 1985 1881 uniuersa

531 1925 672 2023 classis
716 1925 772 2023 ad
812 1920 1026 2021 Sardiniae
1060 1920 1457 2038 Promontorium‚
1492 1922 1628 2020 Pallae
1663 1957 1897 2041 vocatum,
1934 1927 1986 2026 in

531 2067 718 2166 statione
753 2099 930 2206 tegente
966 2103 993 2161 a
1029 2061 1168 2162 ventis
1205 2063 1512 2203 quibusdam,
1556 2065 1794 2203 aquatione
1843 2099 1887 2166 et
1930 2067 1985 2168 li·

531 2209 743 2351 gnatione
778 2206 1167 2324 commodissima,
1187 2206 1416 2308 intervallo
1452 2204 1510 2307 ab
1550 2207 1656 2312 urbe
1691 2207 1852 2308 Callati
1885 2247 1985 2348 pas-

529 2391 658 2453 suum
694 2346 782 2452 fere
827 2350 1083 2492 quindecim
1116 2348 1334 2450 millium.
1383 2359 1487 2452 Erat
1530 2387 1580 2448 ea
1617 2351 1756 2451 classis
1803 2353 1986 2457 navium

533 2497 627 2636 plus
662 2531 952 2597 trecentarum
988 2526 1032 2593 et
1068 2493 1422 2634 quinquaginta3
1459 2505 1511 2592 eri
1547 2489 1615 2592 his
1651 2496 1903 2616 vectoriae,
1939 2535 1985 2600 et

534 2639 758 2738 onerariae
794 2637 967 2738 circiter
999 2635 1208 2736 ducentae
1245 2636 1467 2779 sexaginta
1483 2675 1494 2745 3
1513 2634 1710 2737 triremes
1735 2641 1984 2782 septuagin-

531 2816 574 2881 ta
610 2815 751 2889 octo;
802 2780 988 2883 biremes
1041 2779 1204 2922 viginti
1247 2781 1484 2921 quinques
1521 2815 1662 2882 cetera
1703 2784 1986 2924 speculatoria

531 2925 634 3025 navi
668 2924 739 3044 ia,
765 2961 809 3025 et
843 2923 1079 3026 annotinae
1110 2923 1357 3027 naviculae.
1395 2935 1524 3046 Quae
1559 2927 1714 3024 omnes
1751 2927 1985 3028 exercitum

476 3201 480 3204 .
534 2963 754 3168 vehebant
799 3069 999 3208 peditum
1044 3065 1207 3207 viginti
1249 3108 1318 3167 sex
1360 3067 1587 3186 millium,
1629 3069 1833 3207 equitum
1868 3107 1984 3172 cara-

469 3205 471 3207 ’
533 3210 822 3350 phractorum
863 3214 1281 3354 septingentorum,
1324 3208 1502 3316 levioris
1557 3248 1799 3318 armaturae
1850 3215 1983 3356 quin-

532 3390 771 3496 gentorum
806 3393 1004 3458 circiter.

601 3509 761 3602 XVIII.
836 3510 900 3600 Ex
935 3498 1126 3603 Sardinia
1161 3503 1345 3604 Carolus
1372 3541 1474 3607 cum
1499 3539 1595 3607 tota
1625 3506 1754 3606 classe
1788 3543 1984 3645 progres-

529 3677 627 3762 sus,
662 3683 848 3785 ususque
885 3647 1061 3746 trasciae
1096 3648 1217 3748 venti
1254 3650 1445 3752 secundo
1479 3648 1584 3750 flatu
1613 3649 1825 3791 postridie
1857 3688 1985 3748 mane

528 3785 584 3883 ad
635 3787 793 3890 Uticae
846 3825 1061 3928 portum,
1108 3791 1187 3930 qui
1236 3831 1353 3891 nunc
1402 3801 1560 3894 Furinae
1617 3793 1987 3936 cognominatur,

528 3921 737 4070 abestque
774 3972 799 4030 a
840 3938 1015 4034 Tunete
1051 3931 1214 4076 viginti
1260 3969 1448 4076 quatuor
1489 3935 1658 4039 circiter
1702 3933 1842 4036 millia
1884 3974 1987 4075 pas-

526 4109 688 4193 suum,
725 4113 829 4176 cum
866 4073 1115 4180 triremibus
1152 4078 1385 4216 pervenit,
1427 4116 1588 4180 ceteras
1631 4117 1759 4180 naves
1796 4115 1987 4219 quatuor
2037 4083 2041 4094 ’

524 4209 651 4315 boras
688 4253 991 4330 antevertens3
1041 4221 1239 4361 dumque
1277 4262 1346 4321 eas
1381 4221 1549 4324 ibidem
1585 4221 1817 4363 operitur,
1859 4231 1985 4322 Mat-

523 4355 732 4460 cbionem
769 4363 895 4466 Vasti
931 4403 1035 4466 cum
1071 4364 1236 4505 viginti
1272 4364 1441 4468 duabus
1477 4363 1727 4469 triremibus
1763 4364 1980 4505 exploran-

520 4499 567 4598 di
611 4503 751 4644 gratia
797 4509 1071 4644 praemittit.
1116 4510 1200 4608 Sed
1249 4511 1610 4620 Promontorium
1662 4543 1975 4650 praetervectus

515 4644 719 4746 Marchio
755 4648 921 4748 nullam
951 4651 1006 4749 ad
1042 4649 1164 4750 littus
1198 4651 1349 4750 navim
1378 4651 1631 4792 prospexit,
1668 4687 1836 4793 praeter
1866 4649 1975 4748 duas

378 4926 383 4936 Ι
515 4786 695 4932 scaphas
732 4793 948 4914 Gallicas,
978 4833 1082 4938 quas
1110 4789 1327 4937 fugientes
1352 4831 1640 4916 comesurus,
1668 4795 1849 4896 alteram
1873 4831 1977 4892 cum

939 4995 946 5007 ·
1870 4969 1981 5036 uttr-
