4292 5984
655 483 1154 560 SUMMARIUM.
1510 491 1608 560 XIII.

162 614 231 702 sed
260 610 474 731 frequentes
506 609 648 696 cadunt
683 609 871 724 Hispano·
929 609 1132 695 exercitum
1187 635 1274 692 cum
1323 607 1527 700 Almirallio
1567 618 1641 703 suis

163 763 253 819 rum
282 734 497 850 scloppetis.
929 751 1044 843 atque
1079 728 1341 826 Genuensibus
1379 729 1526 836 mittit,
1572 735 1640 824 sed

238 855 357 935 XLII.
432 857 634 934 Lautrecus
675 847 719 930 in*
755 871 873 931 castra
929 844 1086 960 cognito
1096 844 1355 930 Genuemium
1375 876 1462 932 casu
1479 847 1639 940 domum

163 967 331 1053 hostium
378 969 535 1081 irrepere
584 995 650 1078 per
701 961 872 1049 fraudem
930 988 1192 1050 revertuntur.
1230 964 1399 1048 Thomas
1437 967 1562 1053 Fusius
1593 1001 1640 1056 ex

163 1109 320 1189 tentat,
341 1087 407 1168 sed
435 1086 527 1166 dolo
552 1082 709 1196 cognito
734 1081 873 1194 repelli-
930 1081 1045 1193 pactis
1078 1079 1270 1166 Cremona
1303 1081 1528 1169 Caesarianis
1565 1112 1639 1173 tra.-

161 1227 251 1305 tur,
278 1227 317 1286 et
344 1201 482 1317 pedem
504 1193 638 1282 referre
674 1197 845 1313 cogitur.
933 1198 1010 1282 dita
1035 1197 1110 1310 ipse
1140 1225 1233 1282 cum
1278 1198 1426 1284 Gallicis
1454 1204 1638 1314 praesidiis

223 1323 355 1405 XLIII.
414 1323 513 1402 Laus
532 1314 711 1430 Pompeia
733 1339 773 1400 et
804 1316 874 1400 Pis-
932 1313 1100 1400 decedit.
1582 1316 1586 1328 ’

10 1473 15 1482 ·
161 1435 227 1522 leo
257 1439 306 1523 ab
335 1436 509 1550 Hispanis
539 1459 734 1548 receptae.
779 1438 875 1516 Lau·
991 1434 1158 1520 XLVIII.
1221 1431 1410 1519 Col'unma
1436 1435 1545 1551 pubis
1570 1445 1639 1528 Ira.

161 1579 286 1642 trecus
318 1555 473 1669 imperio
511 1549 613 1636 fratri
650 1551 789 1636 tradito
822 1550 874 1635 ad
929 1545 976 1631 lia
1008 1549 1123 1635 Gallis
1170 1555 1420 1658 Germanos,
1450 1556 1640 1674 Italosque

162 1703 276 1760 suum
304 1678 448 1788 Regem
475 1667 737 1785 proficiscitur.
770 1673 874 1753 Lau:-
930 1664 1059 1751 milites
1098 1668 1152 1752 ob
1178 1669 1343 1784 inopiam
1378 1675 1555 1786 pecuniae
1584 1679 1638 1762 di.

161 1791 257 1876 treci
290 1787 399 1876 frater
456 1788 671 1874 Cremonae
722 1785 874 1872 deditio
929 1783 1063 1870 mittit.
1109 1787 1173 1872 Ad
1216 1788 1398 1874 victorem
1435 1793 1638 1880 exercitum

160 1935 253 1994 nem
303 1910 419 1993 certis.
459 1904 736 1993 conditionibus
784 1932 873 1988 cum
928 1899 1105 1988 alendum
1133 1904 1367 2011 Florentinis,
1396 1911 1638 2020 Senensibus,

158 2028 349 2141 Prospero
376 2025 568 2112 Columna
596 2023 685 2110 data
710 2045 874 2138 accepta·
928 2022 1230 2135 Lucensibusque
1254 2024 1372 2108 liberis
1399 2023 1637 2135 civitatibus,

159 2172 240 2260 que
266 2143 342 2231 fide
370 2144 520 2231 firmat.
930 2165 974 2220 ac
997 2140 1096 2224 Duci
1128 2141 1401 2226 Mediolanensi
1423 2168 1577 2230 centum
1597 2173 1637 2234 et

158 2251 160 2258 ¹
222 2263 365 2346 XLIV.
426 2259 618 2344 Columna
656 2259 696 2342 in
740 2287 874 2374 agrum
930 2257 1179 2374 quadraginta
1224 2259 1334 2342 millia
1392 2287 1636 2352 nummomm

155 2371 408 2464 Genuensem
456 2378 656 2464 exercitum
705 2375 874 2482 inducit,
930 2399 1131 2460 aureorum
1162 2376 1311 2487 Joanne
1341 2379 1570 2484 Emanuele,
1598 2407 1639 2466 et

156 2494 405 2611 ut,Fregosis
437 2495 632 2608 depulsis,
661 2493 728 2607 qui
761 2493 874 2578 Galli
930 2491 1071 2579 Carolo
1100 2491 1247 2603 Ianojo
1291 2491 1429 2576 consilii
1475 2499 1637 2584 auctori.

156 2613 210 2698 cis
248 2615 359 2698 rebus
406 2613 590 2716 student,
627 2611 807 2696 Adornos
830 2611 876 2696 al·
933 2610 1004 2694 bus
1032 2611 1287 2723 imperantur.

157 2730 275 2816 terius
303 2728 471 2816 factionis
507 2728 687 2842 principes
728 2730 768 2812 in
808 2759 875 2843 pa·
988 2729 1123 2816 XLIX.
1185 2727 1344 2815 Carolus
1360 2734 1496 2818 Caesar
1517 2732 1637 2818 inHi-

156 2847 271 2932 triam
317 2848 499 2934 reducat.
548 2852 679 2931 Petrus
727 2850 874 2932 Navar-
927 2846 1090 2958 mamam
1132 2846 1249 2931 redux
1289 2849 1469 2962 principes
1500 2877 1637 2938 aucto-

156 2993 226 3070 rus
256 2966 471 3053 Octaviano
499 2968 664 3079 Fregoso
695 2962 874 3066 auxiliaa
928 2990 1060 3078 resque
1084 2963 1267 3049 tumultus
1302 2968 1352 3051 ad
1384 2967 1566 3054 ducentos
1596 2995 1637 3057 et

159 3081 365 3169 Gallorum
395 3086 504 3198 Rege
525 3103 675 3194 petente
694 3085 877 3164 Genuam
928 3080 1164 3195 septuaginta
1186 3080 1303 3164 laesae
1331 3084 1536 3194 Maiestatis
1551 3115 1636 3172 com

156 3199 344 3286 mitrirtu.
928 3196 1106 3282 demnat.
1139 3197 1636 3320 SalvaterraeComes,qui

222 3320 345 3404 XLV.
405 3315 620 3403 Fernandus
650 3311 792 3402 Avalus
824 3318 877 3402 ab
927 3343 973 3400 ex
1013 3315 1238 3432 Portugallia
1289 3323 1436 3436 burgos
1491 3322 1637 3410 rediens

163 3435 636 3553 occasuoppugnationem
644 3434 870 3550 aggreditur.
927 3435 1094 3520 Caesaris
1132 3432 1365 3522 clementiam
1400 3435 1533 3524 frustra
1571 3443 1633 3526 im..

158 3553 355 3640 Colmnna
401 3553 637 3640 occasionem
679 3554 870 3638 observat.
928 3549 1084 3668 plprat,
1125 3554 1165 3638 in
1208 3555 1376 3642 custodia
1421 3557 1533 3642 animi
1572 3560 1635 3644 do

158 3677 387 3760 Genuenses
418 3672 585 3788 legatum
625 3667 674 3753 de
702 3697 792 3783 pace
824 3671 874 3756 ad
927 3669 1007 3757 lore
1071 3671 1285 3788 morboque
1329 3670 1521 3760 confectus
1582 3675 1633 3760 im

157 3791 334 3877 Avalum
382 3791 583 3892 mittunt,
623 3786 688 3873 sed
735 3788 875 3874 interea
926 3788 1036 3875 terit.

156 3907 321 4024 Hispani
361 3908 505 3994 aditum
546 3905 611 3990 sibi
656 3905 696 3989 in
739 3907 873 3993 urbem
986 3913 1031 3992 L.
1093 3909 1334 3993 Granatensis
1362 3908 1466 4023 regio
1489 3931 1529 3993 et
1572 3907 1634 3998 'Al

155 4029 363 4138 aperiunt,
388 4027 695 4139 irrumpuntque.
927 4025 1040 4108 meria
1104 4025 1336 4136 potissimum
1405 4049 1635 4115 terraemotu

237 4143 373 4230 XLVI.
451 4141 637 4228 Militibus
699 4145 871 4258 permissa
925 4167 1142 4226 concussae.
1186 4139 1407 4254 Solymanus
1450 4145 1634 4232 Rhodum

155 4261 303 4375 praeda
346 4261 477 4346 urbem
511 4257 686 4372 diripiunt
714 4261 873 4375 opulen-
926 4257 1054 4369 recipit
1076 4279 1162 4368 post
1190 4256 1345 4376 longam
1375 4285 1414 4345 et
1440 4257 1633 4350 fortissime

156 4377 364 4464 tissimam.
393 4376 575 4464 Postridie
601 4374 814 4488 direptionis
837 4375 874 4460 fi·
925 4396 1166 4459 sustentatam
1190 4377 1425 4462 obsidionem
1447 4381 1634 4501 aReIigio.

158 4494 216 4578 nis
245 4493 460 4607 imponitur.
477 4497 657 4609 Fregosus
672 4516 710 4576 et
725 4497 874 4580 Navar-
925 4493 970 4582 sis
999 4491 1169 4588 militibus
1196 4493 1319 4584 Sancti
1343 4495 1527 4610 Joannis..

155 4641 221 4696 tus
250 4611 349 4725 capti
374 4639 387 4712 ⁰,
413 4609 644 4695 Antoniotus
667 4635 795 4698 autem
825 4617 873 4699 A·

160 4730 416 4818 dornusDux
444 4727 598 4814 civitatis
626 4726 769 4814 factus.

220 4849 383 4938 XLVII..
431 4849 514 4936 Rex
552 4844 684 4936 Gallus
719 4875 872 4936 novum
