4298 5980
575 443 821 527 CAROLI
867 441 922 524 v.
955 444 1073 524 Lm.
1101 444 1186 529 vl.
1491 433 1579 545 '207

149 611 261 724 Divi
284 598 491 751 Stephani
520 639 702 744 portum
728 603 775 704 in
801 597 972 701 linibus
989 603 1244 708 senensibus
1268 642 1401 708 naves
1426 609 1622 716 reficien-

147 765 199 865 di
243 757 386 905 gratia
430 748 731 867 commorati,
775 755 976 880 Cajetam
1020 786 1355 889 processerunt,
1391 757 1621 897 expositis-
1729 745 1732 752 ¹

147 949 241 1052 que
278 894 494 1006 militibus
546 891 627 996 hos
658 891 843 994 Carolus
874 899 1066 1020 Lanojus
1103 897 1299 997 celeriter
1344 898 1524 1003 ineam
1560 941 1625 1006 re·

146 1054 371 1196 gionem,
415 1081 560 1188 quam.
596 1036 756 1140 milites
797 1035 1022 1140 Pontificii
1064 1042 1193 1144 omni
1234 1041 1357 1142 clade
1399 1041 1503 1144 belli
1543 1085 1626 1148 va-

145 1196 354 1314 stabant,
388 1224 439 1292 ut
474 1191 825 1290 demonstratum
861 1221 955 1306 est,
991 1183 1204 1308 deduxit,
1237 1186 1506 1332 illorumque
1542 1229 1622 1334 po-

147 1340 399 1484 pulationes
436 1369 482 1434 et
516 1327 732 1432 maleficia
766 1327 1000 1434 cohibuit.

218 1485 386 1584 XLVI..
454 1489 744 1619 Quamquam
780 1475 1088 1618 Hispanorum
1121 1477 1193 1582 illa
1228 1517 1381 1584 manus
1419 1478 1510 1584 sive
1546 1481 1627 1584 du-

149 1623 215 1730 cis
258 1626 434 1768 culpa,
489 1623 579 1724 sive
621 1621 729 1765 quia
784 1655 963 1761 tyrones
1006 1661 1127 1727 erant
1174 1664 1314 1768 nuper
1355 1625 1627 1770 conscripti,

149 1775 282 1894 sive,
308 1807 359 1874 ut
406 1767 612 1910 opinor,
647 1807 697 1867 ex
732 1803 922 1913 utraque
958 1809 1118 1892 causa,
1149 1809 1244 1872 non
1280 1768 1436 1873 eadem
1470 1769 1629 1872 alacri·

148 1951 240 2020 tate
277 1953 330 2016 et·
357 1914 505 2014 studio
541 1915 596 2014 in.
626 1914 798 2053 praeliis
833 1911 1101 2036 utebantur,
1137 1955 1228 2056 qua
1264 1916 1400 2017 ceteri
1434 1915 1630 2054 Hispani

150 2061 223 2164 uti
258 2092 613 2176 consueverunt,
649 2056 906 2194 praesertim
941 2059 990 2160 in
1029 2055 1187 2178 Italia,
1229 2059 1402 2159 animos
1442 2059 1632 2159 addente

151 2241 226 2306 tot
276 2239 589 2341 tantarumque
625 2199 914 2303 victoriamm
949 2201 1167 2302 memoria
1208 2281 1224 2324 ,
1260 2243 1368 2343 quas
1412 2242 1537 2342 saepe
1572 2203 1630 2304 de

152 2347 303 2449 multo
345 2343 592 2478 majoribus
634 2344 890 2450 exercitibus
931 2380 1241 2486 reportarunt.
1286 2356 1438 2484 Itaque
1478 2354 1630 2445 Lano-

151 2501 225 2626 jus
246 2568 269 2609 ‚,
307 2490 389 2634 etsi
436 2523 594 2628 parum
642 2517 718 2584 aut
772 2482 883 2584 nihil
935 2493 992 2584 ab
1045 2485 1245 2592 hostibus
1298 2489 1492 2590 militurn
1542 2526 1633 2588 nu.

153 2673 283 2736 mero
319 2627 628 2772 superabatur,
661 2627 832 2769 praelio
867 2663 1015 2730 tamen
1051 2629 1376 2732 decernendum
1411 2670 1504 2732 non
1545 2668 1630 2770 pu·

155 2777 275 2878 tavit
312 2854 335 2895 ‚.
365 2777 441 2878 sed
476 2774 524 2876 in
560 2775 846 2876 Frusinonem
896 2807 939 2874 et
974 2771 1215 2874 munitiora
1250 2774 1420 2876 castella
1473 2772 1633 2874 militi-

156 2919 243 3026 bus
279 2918 468 3023 inductis
505 3000 520 3044 ‚
556 2953 601 3024 et
636 2917 841 3060 praesidii
876 2915 979 3019 loco
1022 2917 1241 3060 dispositis
1301 2929 1497 3021 Romam
1539 2917 1631 3057 ipse

158 3067 446 3210 progreditur
499 3106 525 3165 a
581 3063 811 3165 Clemente
872 3062 1090 3166 Pontifice
1150 3077 1417 3204 Caesareque
1484 3073 1633 3160 Ferra-
1734 3109 1739 3117 ·

158 3249 314 3314 mosea
349 3243 552 3313 vocatus.
584 3217 622 3306 Is
659 3210 784 3309 enim
821 3218 952 3351 paulo
988 3244 1089 3312 ante
1124 3219 1320 3314 Romam
1355 3239 1632 3348 pervenerat,

159 3354 380 3459 aCarolo
414 3367 599 3456 Caesare
634 3355 689 3454 ad
719 3351 983 3456 Pontificem
1018 3355 1224 3458 eumdem
1272 3391 1377 3454 cum
1412 3347 1631 3451 mandatis

160 3537 208 3599 et
253 3499 414 3600 litteris·
459 3495 793 3598 benevolentiae
828 3537 879 3599 ac
925 3493 1068 3599 officii
1110 3497 1249 3640 plenis
1300 3496 1492 3611 missus,
1528 3491 1633 3632 qui-

159 3640 245 3746 bus
280 3643 430 3744 litteris
479 3644 537 3745 de
586 3641 797 3784 Hugonis
848 3676 894 3743 et
927 3644 1133 3783 Pompeji
1182 3642 1431 3746 Columnae
1473 3631 1632 3738 Cardi-

160 3789 275 3890 nalis
310 3785 540 3909 consilio,
580 3821 627 3888 et
662 3786 919 3890 inUrbem
959 3787 1203 3932 irruptione
1246 3817 1494 3888 memorans
1524 3781 1631 3878 veam

161 3931 249 4031 sibi
284 3931 640 4036 molestissimam
685 3934 932 4056 accidisse,
968 3973 1019 4034 ac
1056 3973 1136 4036 suo
1172 3934 1339 4064 injussu
1388 3961 1522 4068 seque
1555 3920 1631 4024 in·

162 4072 327 4176 sciente
361 4073 522 4180 factam
558 4075 690 4180 fuisse
725 4074 1040 4184 confirmabat.

219 4229 400 4324 XLVII.
457 4233 545 4326 Eae
582 4221 748 4327 litterae
798 4225 886 4330 hoc
921 4217 1100 4322 luerunt
1141 4213 1350 4324 Pontifici
1391 4207 1630 4358 gratiores,

162 4369 294 4506 quod
330 4366 424 4507 ipse
478 4366 619 4472 classis
654 4369 889 4513 appulsu,
925 4401 969 4466 et
1009 4365 1169 4467 nuntio
1208 4366 1266 4467 de
1307 4374 1631 4468 Germanorum

164 4513 362 4612 adventu
397 4511 657 4615 conterritus
691 4518 808 4648 (jam
844 4513 964 4617 enim
998 4510 1161 4614 horum
1195 4548 1312 4611 nova
1346 4543 1500 4607 manus
1530 4495 1631 4600 sub-

168 4657 284 4757 sidio
327 4659 593 4760 Caesarianis
634 4657 880 4796 veniebat)
923 4657 1203 4798 cupidissime
1245 4651 1396 4757 Caroli
1436 4639 1630 4750 Caesaris

169 4799 416 4906 amicitiam
445 4799 709 4948 expetebat,
734 4813 854 4940 cujus
879 4801 1018 4905 libera
1046 4800 1253 4906 mandata
1282 4801 1502 4928 Lanojum
1532 4823 1632 5034 per·

1562 4961 1631 5028 ets
1656 4985 1665 5014 Ι.
