4294 5984
508 474 752 556 CAEROLI
791 473 859 554 V..
898 475 1129 554 LIB.1V·.
1483 487 1566 574 133

154 644 340 748 titutum
376 673 470 738 non
506 633 768 743 dubitabat3
818 634 943 774 quod
992 631 1226 737 consilium
1273 639 1448 738 euentus
1489 678 1615 743 com-

151 785 385 932 probavit.

223 939 375 1034 XLIII.
449 923 676 1028 Helvetiis¹
702 925 822 1024 nulla
858 924 1113 1068 interposita
1150 963 1275 1027 mota
1321 928 1509 1028 domum
1544 931 1617 1032 diss

152 1076 336 1223 gressis,
371 1078 608 1172 Lautrecus
629 1073 828 1168 Laudem
857 1075 1139 1210 Pompejam,
1167 1071 1413 1172 Pisleonem
1444 1109 1487 1172 et
1516 1088 1619 1176 Cre-

150 1257 339 1324 monam
382 1215 604 1355 praesidiis
649 1211 863 1332 firmare,
912 1214 1021 1314 dum
1070 1215 1278 1315 exercitus
1321 1252 1618 1358 repararetur,

152 1362 413 1467 constituitr
452 1361 527 1461 sed
562 1358 761 1458 Laudem
798 1356 1101 1498 Hispanorum
1143 1397 1297 1460 manus
1339 1401 1365 1460 a
1406 1369 1619 1506 Prospero

151 1503 355 1610 festinare
403 1510 515 1638 jussa
566 1540 703 1642 parvo
755 1501 939 1642 negotio
982 1502 1181 1644 recipit,
1233 1505 1397 1646 quippe
1451 1503 1506 1606 ab
1551 1503 1620 1608 his

151 1692 231 1796 pet
266 1648 394 1750 scalas
437 1646 657 1788 appositas
700 1683 937 1745 conscenso
979 1684 1140 1766 muro,
1182 1647 1332 1768 Galli,
1370 1648 1455 1790 ,qui
1498 1687 1619 1752 erant

152 1797 202 1900 in
242 1790 480 1936 praesidio,
513 1791 684 1895 deserto
731 1789 903 1932 oppido
953 1829 996 1888 se
1031 1784 1163 1932 fugae
1198 1794 1498 1914 mandarunt,
1535 1793 1619 1896 boa'
1734 1831 1735 1834 ‘

152 1977 302 2080 naque
349 1974 483 2077 pars,
521 1934 684 2034 amissis
721 1931 1088 2071 impedimentis,
1132 1973 1252 2034 caesa
1293 1974 1537 2078 captaque,
1573 1974 1618 2038 et

153 2083 377 2224 oppidum
412 2077 661 2218 direptum.
699 2073 988 2180 Pisleonenses
1025 2109 1173 2173 autem
1209 2081 1354 2216 paucis
1391 2117 1491 2221 post
1527 2082 1619 2185 die-3

152 2224 238 2334 bus
274 2229 460 2326 admoto
496 2218 706 2325 exercitu
733 2217 1004 2318 deditionem
1041 2209 1228 2317 faciunt.
1271 2233 1333 2320 Ita
1363 2233 1619 2348 Lautrecus,

151 2369 285 2470 rebus
332 2405 473 2506 paene
505 2361 771 2503 desperatis,
819 2359 978 2461 tradita
1014 2357 1220 2461 Thomae
1271 2357 1408 2464 fratri.
1442 2365 1619 2508 imperii

152 2529 361 2630 summa,
398 2507 573 2648 ipsein
608 2507 943 2648 Transalpinam
979 2503 1168 2605 Galliam
1211 2505 1267 2604 ad
1316 2516 1521 2647 Regem,
1567 2545 1620 2612 ut

152 2694 327 2758 novum
375 2653 611 2754 exercitum
653 2653 877 2773 mitteret,
923 2647 1248 2751 cohortandum
1297 2649 1618 2792 proficiscinu.

152 2796 356 2900 Thomas
392 2838 496 2900 cum
532 2795 665 2897 firmo
702 2796 920 2938 praesidio
957 2809 1259 2916 Cremonam,
1303 2834 1440 2936 quam
1483 2797 1621 2938 potis-

153 2940 321 3047 simum
362 2942 476 3042 tueri
512 2942 841 3086 constituerat,
883 2980 970 3039 sese
1012 2940 1204 3081 recepits
1249 2942 1323 3039 sed
1364 2947 1618 3082 Prospero,

153 3088 239 3229 qui
275 3087 565 3230 oppugnandi
600 3084 741 3230 gratia
775 3083 923 3227 copias
960 3124 1112 3184 onmes
1148 3084 1400 3204 induxerat,
1443 3084 1619 3224 peticu-

154 3231 255 3332 lum
292 3231 601 3349 denuntiante,
640 3272 690 3331 ac
726 3270 781 3331 ne
818 3229 968 3330 ceteris
1013 3229 1177 3330 amissis
1220 3228 1309 3331 sine
1351 3227 1501 3330 auxilii
1545 3265 1622 3370 spe

156 3375 396 3476 discrimen
433 3375 781 3518 oppugnationis
818 3411 978 3475 temere
1021 3372 1204 3516 experiri
1237 3373 1366 3472 vellet
1379 3450 1395 3494 ,
1430 3413 1509 3515 pet
1544 3412 1622 3472 ca-

156 3519 413 3618 duceatores
451 3520 747 3638 admonente,
784 3554 827 3618 et
867 3521 922 3620 ad
965 3557 1117 3661 pacem
1160 3516 1409 3638 invitante,
1453 3519 1501 3619 in
1544 3513 1622 3615 has

157 3662 442 3763 conditiones
492 3663 746 3780 descendit,
790 3700 839 3762 ut
885 3662 1083 3762 induciae
1132 3658 1282 3763 fierent
1331 3659 1620 3801 quadraginta

156 3807 355 3927 dierum,
383 3806 544 3947 quibus
581 3805 665 3930 nisi
701 3806 904 3908 exercitus
938 3807 1130 3908 aGallia
1167 3843 1258 3908 tam
1295 3806 1463 3904 validus
1499 3802 1625 3906 auxi*

155 3949 225 4048 lio
264 3956 537 4072 mitteretur,
573 3989 623 4050 ut
666 3949 933 4053 Caesarianis
976 3951 1127 4052 invitis
1168 3949 1333 4049 Padum
1377 3946 1625 4076 trajiceret,

154 4091 234 4193 vel
270 4095 489 4234 oppidum
525 4093 706 4234 aliquod
737 4095 1074 4196 Mediolanensis
1101 4091 1279 4192 ditionis
1308 4090 1523 4231 praesidio
1552 4087 1625 4189 fir*

153 4270 335 4338 matum
370 4274 679 4380 expugnaret,
705 4277 803 4350 non
846 4251 1118 4339 Cremonam
1154 4269 1324 4335 tantum
1361 4230 1624 4336 Caesarianis

155 4381 378 4497 traderet,
415 4384 485 4483 sed
510 4379 748 4522 quidquid
786 4381 832 4480 in
868 4375 1027 4480 linibus
1076 4376 1481 4480 Mediolanensibus
1522 4373 1629 4478 Gal-

154 4523 248 4626 lico
292 4522 507 4664 praesidio
550 4561 800 4642 teneretur,
850 4558 1016 4662 praeter
1062 4521 1481 4642 Mediolanensem,
1523 4531 1633 4623 Cte-

158 4703 451 4787 monensem,
496 4703 539 4769 et
579 4668 906 4768 Novaticnsem
957 4707 1104 4794 arcear
1151 4668 1243 4809 ipse
1301 4705 1438 4782 vero,
1473 4663 1634 4808 praesi·

160 4812 409 4957 diumque,
446 4845 550 4914 cum
584 4810 711 4922 rebus
755 4811 838 4912 suis
882 4808 1121 4932 omnibus,
1147 4807 1330 4910 'vexillis
1376 4807 1600 4952 explicatis
1614 4883 1637 4925 „

1431 5016 1434 5028 ·
1540 4949 1634 5052 dtr«
