4294 5972
554 441 640 535 αφ
946 426 1029 510 uu
1063 375 1266 504 nauus
1306 419 1527 504 cussis

521 637 566 700 et
602 595 733 696 simul
768 630 961 695 annuam
1005 623 1186 692 eentum
1222 585 1414 686 millium
1451 585 1713 684 ducatorum
1750 623 1812 684 ex·
1839 584 1993 728 Regni

523 742 722 876 ejusdcm
762 736 1051 878 Neapolitani
1092 731 1381 874 vectigalibus
1420 728 1680 869 pensionem
1723 765 1766 830 et
1819 731 1989 832 multoa

524 925 624 989 rum
670 920 890 986 annorum
944 919 1037 980 non
1085 875 1275 978 solutam
1318 873 1591 1014 pecuniam,
1641 911 1755 1013 quae
1814 913 1988 978 summa

524 1033 789 1131 ducatorum
825 1017 1079 1167 quindecies
1113 1056 1298 1121 centena
1331 1018 1471 1118 millia
1506 1013 1777 1157 colligebat,
1821 1021 1985 1122 Carolo

524 1175 790 1282 remitterem
837 1170 948 1270 hanc
991 1168 1112 1270 enim
1154 1163 1416 1307 pensionem
1459 1160 1646 1262 Carolus
1695 1159 1808 1261 inter
1859 1164 1987 1265 initia

523 1319 676 1459 Regni
712 1317 778 1416 sui
812 1312 1040 1416 Francisco
1076 1310 1392 1422 constituerat,
1428 1341 1601 1406 auctore
1616 1305 1872 1410 Guiliermo
1896 1321 1986 1410 Ce-

524 1462 686 1580 vetio,
731 1459 811 1602 qui
851 1458 932 1558 hac
975 1456 1144 1558 ratione
1188 1453 1365 1554 Gallum
1405 1485 1432 1547 a
1484 1449 1603 1552 bello
1651 1452 1986 1590 Neapolitano,

526 1607 652 1748 quod
702 1603 854 1704 Caroli
905 1636 1093 1702 aetatem
1148 1631 1433 1699 contemnens
1481 1587 1640 1694 inferre
1691 1595 1986 1720 moliebatur,

526 1751 802 1850 avocandum
838 1787 927 1846 esse
962 1778 1210 1846 censuerat:
1250 1778 1496 1883 praeterea,
1533 1773 1583 1837 ut
1620 1737 1738 1837 idern
1783 1751 1884 1842 Rex
1925 1784 1987 1844 co·

526 1909 746 1994 ronatorum
789 1889 1022 1990 duodecies
1070 1915 1254 1987 centena
1302 1885 1440 1986 millia
1492 1881 1657 1984 Carolo
1703 1921 1987 2005 numeraret,

526 2033 751 2135 subductis
801 2033 1000 2132 trecentis
1048 2028 1280 2147 millibus,
1318 2069 1446 2169 ‚quae
1488 2027 1689 2135 Henrico
1739 2027 1986 2128 Britanniae

525 2179 645 2319 Regi
680 2177 970 2294 solverentur,
1006 2213 1144 2316 quam
1179 2209 1400 2274 summam
1435 2172 1491 2276 ab
1528 2211 1583 2272 eo
1620 2169 1836 2273 Catulum
1862 2211 1986 2274 acce·

525 2320 638 2462 pisse
675 2358 878 2423 mutuam
913 2357 1040 2460 supra
1077 2316 1504 2418 demonstravimus.
1541 2327 1617 2418 Est
1653 2350 1805 2416 autem
1841 2356 1985 2420 corona-

526 2495 591 2564 tus
617 2506 824 2566 nummus
852 2504 1033 2581 aureus,
1069 2462 1150 2601 qui
1186 2492 1355 2562 scutatus
1392 2499 1596 2602 quoque,
1616 2497 1660 2560 et
1687 2496 1874 2604 utroque
1898 2501 1984 2563 mo

528 2609 589 2707 do
634 2608 691 2707 ab
727 2606 945 2747 impressis
981 2602 1225 2747 insignibus
1267 2604 1563 2725 nominatur,
1605 2605 1764 2746 quinta
1816 2606 1981 2708 decima

526 2749 698 2850 circiter
733 2785 855 2890 parte
892 2748 1074 2850 minoris
1108 2749 1266 2850 valoris
1303 2789 1441 2892 quam
1486 2753 1676 2873 ducatus,
1711 2748 1794 2889 qui
1830 2753 1981 2852 durans

528 2932 581 2993 ex
617 2931 723 2993 auro
760 2893 976 3036 puriore,
1015 2928 1082 3014 et,
1120 2927 1171 2993 ut
1206 2892 1296 2994 alio
1340 2894 1388 2998 in
1430 2894 1532 2994 loco
1576 2893 1984 3017 demonstravimus,

528 3035 761 3139 drachmae
797 3036 968 3137 circiter
1003 3035 1208 3180 ponderis
1244 3075 1372 3161 erat,
1413 3073 1456 3136 et
1492 3038 1540 3139 in
1575 3037 1764 3138 Castella
1804 3041 1983 3144 undenis

528 3182 742 3322 argenteis
778 3182 1002 3301 nummiS,
1038 3187 1223 3321 regalibus
1259 3181 1417 3301 dictis,
1454 3217 1497 3282 et
1532 3182 1649 3286 binis
1684 3183 1817 3286 aereis
1838 3189 1984 3286 blancis

527 3326 894 3466 permutabatur3
946 3332 1084 3462 regalis
1132 3364 1280 3428 autem
1329 3328 1554 3470 sexagenis
1603 3329 1777 3431 octonis
1816 3331 1986 3436 blancio

527 3505 636 3570 nam
686 3506 895 3569 nummus
944 3481 1227 3605 marapetinus,
1285 3471 1366 3611 qui
1418 3471 1617 3572 valorem
1669 3512 1747 3613 pet
1794 3505 1989 3615 tempora

526 3611 746 3735 mutavit,
799 3646 842 3712 et
884 3623 1004 3748 cujus
1046 3651 1213 3716 nomen
1247 3610 1315 3716 his
1358 3655 1542 3757 quoque
1578 3613 1856 3757 temporibus
1899 3611 1989 3719 fre-

524 3756 813 3896 quentissime
848 3795 1106 3901 usurpatur,
1142 3770 1234 3896 jam
1269 3797 1314 3859 re
1351 3799 1524 3903 prorsus
1560 3757 1787 3880 abolevit,
1824 3795 1869 3861 et
1905 3799 1989 3902 pro

525 3899 708 4041 singulis
743 3909 983 4040 marapetinis
1019 3900 1149 4002 binae
1184 3909 1338 4004 blancae
1375 3942 1690 4008 numerantur.

597 4054 658 4144 X.
733 4052 829 4147 Has
865 4046 1004 4188 igitur
1040 4046 1319 4148 conditiones
1354 4042 1530 4152 foedere
1556 4044 1864 4153 Cameracensi
1893 4059 1990 4153 Rex

523 4186 806 4308 Franciscus,
850 4230 906 4290 ne
953 4202 1181 4292 Ducatum
1230 4193 1547 4334 Burgundiae,
1601 4194 1989 4337 quemadmodum

485 4324 661 4450 ,fiterat
709 4333 992 4436 Madritiensi
1034 4331 1213 4436 foedere
1266 4372 1417 4477 pactus
1466 4337 1816 4480 pollicitusque,
1870 4348 1985 4469 justo

519 4474 714 4616 Principi
748 4479 979 4598 redderet,
1016 4518 1155 4618 utque
1191 4479 1305 4580 filios
1341 4481 1599 4602 redimeret,
1635 4481 1824 4583 libenter
1860 4521 1983 4580 acce-

516 4615 619 4758 pit,
653 4619 818 4759 nuptiis
854 4659 1036 4763 quoque
1071 4623 1311 4722 Eleonorac
1347 4625 1497 4725 Caroli
1533 4628 1692 4727 sororis
1725 4627 1871 4726 denuo
1898 4662 1983 4762 pa-

515 4759 623 4863 ctis.
663 4765 844 4867 Carolus
879 4800 1027 4869 autem
1062 4767 1290 4870 Bononiae
1327 4805 1562 4872 coronatus
1599 4805 1662 4871 est
1698 4771 1984 4872 aClemente

1860 4919 1986 5014 Pon-
