4284 5982
614 391 733 463 VITA
758 393 822 462 ET
848 395 1062 466 SCRIPTA.
1358 399 1568 469 LXXXVII.

140 527 220 615 sisse
254 522 421 608 animatu
451 547 543 606 curn
572 541 731 634 corpore
758 515 939 635 exstingui
963 577 975 624 ,
1001 517 1123 604 editae
1143 516 1343 634 Compluti
1369 547 1417 606 ex
1446 517 1597 607 officina

139 641 294 756 Joannis
309 637 470 726 brocarii
488 665 591 722 anno
614 637 735 742 1560.
756 643 799 738 8?
818 639 900 718 Nos
922 663 1013 723 vero
1039 665 1101 720 eas
1122 637 1233 723 edere
1261 638 1473 724 curabimus
1497 641 1593 726 inter

145 761 302 874 reliquas
325 755 486 843 auctoris
517 754 713 872 epistolas,
738 780 828 839 cunr
852 753 928 838 sine
955 754 1102 869 piaculo
1132 756 1374 869 praetermitti
1406 785 1488 843 non
1527 759 1588 845 de·

141 879 271 963 beant.

229 999 320 1080 Hoc
342 1021 445 1079 anno
472 991 570 1108 typis
602 993 691 1078 dare
715 989 788 1103 jam
803 990 993 1106 cogitabat
1009 989 1220 1104 Sepulveda
1238 993 1487 1107 Epistolarum
1507 1026 1587 1081 sua·

141 1143 229 1200 rum
256 1112 545 1216 collectionem,
575 1109 904 1224 quemadmodum
928 1134 1084 1224 apparet
1111 1139 1157 1194 ex
1171 1110 1328 1226 Philippi
1345 1115 1392 1196 11.
1413 1115 1521 1199 venia
1537 1115 1588 1201 ad

138 1233 177 1317 id
206 1227 305 1315 facta
334 1230 373 1314 in
401 1227 654 1332 decennium,
684 1256 785 1342 quae
817 1226 950 1341 legitur
980 1225 1017 1311 in
1051 1227 1214 1313 editione
1239 1230 1526 1316 Salmanticensi.

230 1354 349 1433 Anno
381 1347 441 1430 M.
459 1351 508 1429 D.
521 1347 620 1430 UV.
652 1345 789 1462 quinto
807 1343 893 1430 ldus
913 1345 1098 1429 Februarii
1125 1374 1171 1430 ex
1196 1345 1355 1433 hibernis
1372 1350 1587 1434 Putalbanis

142 1465 281 1580 scripsit
295 1464 344 1549 ad
361 1463 593 1548 Franciscum
611 1467 810 1578 Argotem,
819 1461 971 1546 eximiae
988 1463 1119 1548 indolis
1136 1464 1423 1571 adolescentem,
1440 1468 1506 1582 qui
1525 1496 1594 1551 no·

141 1610 258 1671 strum
288 1581 394 1668 enixe
410 1605 611 1698 rogaverat
625 1642 637 1686 ,
651 1605 693 1664 ut
709 1642 722 1686 ,
740 1606 838 1696 quae
862 1580 900 1663 in
916 1580 1130 1666 auctoribus
1152 1582 1201 1667 ad
1217 1583 1367 1669 laudern
1383 1586 1591 1670 Cordubae

146 1701 355 1786 communis
381 1699 521 1814 patriae
543 1699 763 1813 pertinentia
792 1698 1007 1805 notaverit,
1036 1698 1074 1782 in
1102 1729 1221 1784 unurn
1246 1702 1351 1814 quasi
1380 1703 1598 1788 encomium

148 1842 392 1934 congereret:
421 1846 444 1899 a
475 1845 556 1932 quo
572 1845 686 1900 onere
703 1845 740 1900 se
758 1839 906 1899 excusat
922 1815 1133 1930 Sepulveda
1149 1819 1270 1903 homo
1294 1822 1596 1932 occupatissimus

144 1960 181 2020 et
213 1935 314 2021 mole
340 1934 625 2020 necessariorum
651 1932 858 2018 studiorum
896 1961 1050 2048 pressus.
1083 1935 1253 2019 Celerum
1276 1942 1514 2045 adolescens,
1542 1939 1598 2022 in·

150 2053 232 2168 quit
248 2113 260 2154 ,
278 2061 356 2134 isto
388 2067 513 2135 aetate
531 2112 550 2156 ,
569 2076 641 2157 qua
665 2067 706 2134 lu
730 2076 824 2132 nuuc
852 2077 920 2155 es,
945 2067 983 2133 et
1011 2060 1085 2134 isto
1110 2062 1226 2136 animi
1245 2053 1412 2160 fervore
1436 2059 1595 2139 libellum

150 2178 292 2281 scripsi
317 2171 365 2256 de
391 2168 508 2286 gloria
531 2169 762 2283 appetenda,
787 2175 828 2249 iu
852 2194 955 2274 quem
986 2176 1113 2280 aliquo
1141 2182 1310 2280 congessi
1335 2182 1404 2255 isti
1420 2189 1505 2256 tuae
1524 2201 1592 2258 vo·

153 2295 289 2370 luututi
314 2315 380 2372 uon
407 2295 552 2391 alienu,
576 2291 671 2368 uude
698 2313 742 2368 eu
762 2301 892 2394 petere
907 2289 1061 2370 licebit:
1088 2291 1211 2372 editus
1235 2305 1292 2372 est
1315 2299 1411 2372 enim
1434 2295 1595 2393 libellus,

153 2421 192 2487 et
209 2433 290 2486 cum
306 2415 442 2488 ceteris
459 2412 550 2488 meis
572 2410 760 2515 opusculis
775 2401 926 2508 ftertur.
945 2403 1141 2490 Nonnulla
1156 2431 1285 2492 tamen
1309 2405 1358 2492 de
1387 2407 1485 2492 urbis
1502 2407 1595 2492 illius

152 2525 350 2608 conditore
368 2584 380 2627 ,
397 2523 523 2636 deque
544 2522 634 2608 caeli
662 2523 813 2636 regione
841 2519 878 2602 in
895 2520 1046 2608 laudata
1062 2522 1216 2635 epistola
1233 2524 1395 2640 attingit.

238 2641 393 2725 Mentio
418 2639 527 2725 libelli
545 2644 589 2722 de
603 2645 727 2748 gloria
742 2635 801 2722 hic
816 2637 946 2750 injecta
961 2700 973 2744 ,
990 2668 1105 2753 quem
1122 2670 1199 2756 quo
1215 2671 1319 2725 anno
1335 2640 1594 2727 elucubratum

157 2753 278 2862 fitisse,
298 2757 471 2842 nondum
486 2756 735 2870 comperimus
752 2753 852 2867 (cum
866 2755 966 2870 prior
982 2757 1097 2842 editio
1113 2760 1292 2844 hactenus
1306 2787 1385 2842 non
1400 2760 1449 2841 ad
1465 2785 1599 2842 manus

159 2898 300 2959 nostras
333 2874 579 2989 pervenerit,
606 2874 769 2989 ideoque
794 2903 864 2957 suo
893 2873 981 2958 loco
999 2876 1176 2960 recenseri
1190 2877 1293 2962 haud
1311 2875 1471 2991 poterit)
1499 2870 1598 2981 facit,

161 3015 200 3076 ut
227 2993 276 3077 de
306 3019 369 3078 eo'
386 2991 523 3109 aliquid
555 2993 721 3077 dicamus
741 2991 780 3076 in
810 2992 1028 3104 praesentia.

238 3113 342 3194 Curn
374 3135 504 3197 auctor
536 3109 701 3195 inducias
734 3137 820 3193 cunr
854 3109 979 3195 studiis
1024 3107 1264 3194 severioribus
1298 3135 1458 3223 pactus,
1496 3133 1599 3224 quae

156 3223 413 3314 convertendis
443 3256 465 3313 e
499 3231 649 3312 Graeco
673 3229 709 3310 in
740 3225 913 3312 Latinum
946 3227 1247 3341 exponendisque
1277 3227 1481 3314 Aristotelis
1516 3227 1600 3342 qui·

151 3344 304 3431 busdam
322 3345 372 3430 de
389 3351 552 3427 naturali
576 3346 812 3454 philosophia
828 3344 964 3457 scriptis
990 3345 1258 3458 impendebat,
1277 3344 1442 3430 animum
1462 3403 1473 3448 ,
1491 3344 1597 3429 aesti-

153 3461 203 3548 vis
220 3462 405 3548 caloribus
421 3459 688 3578 defatigatum,
707 3463 758 3547 ad
790 3462 934 3576 aliquid
960 3464 1108 3548 levioris
1136 3491 1180 3546 ac
1207 3463 1429 3570 jucundioris
1463 3489 1600 3574 operae

154 3580 410 3666 meditandum
440 3606 659 3668 convertere
690 3581 754 3665 sibi
770 3579 1018 3694 proposuisset
1033 3610 1046 3685 ·,
1061 3581 1315 3695 quaestionem
1335 3581 1430 3664 hanc
1449 3579 1497 3662 de
1518 3579 1599 3694 glo·

153 3695 201 3778 n'a
219 3699 258 3782 in
277 3697 417 3814 dialogi
433 3695 592 3788 formam
609 3699 799 3784 redactam
816 3697 992 3782 illustrare
1007 3698 1197 3784 constituit
1213 3730 1222 3783 :
1240 3699 1285 3782 in
1302 3727 1384 3811 quo
1401 3722 1473 3782 tres
1499 3725 1600 3780 sum-

155 3843 232 3900 mos
248 3840 289 3901 et
304 3815 516 3902 clarissimos
532 3815 629 3901 viros
653 3815 848 3931 loquentes
864 3815 1023 3900 inducit:
1042 3816 1259 3902 Gonzalum
1277 3815 1379 3899 illurn
1399 3876 1411 3918 ,
1428 3813 1491 3917 qui
1518 3839 1600 3893 ma·

151 3941 218 4036 gni
231 3935 472 4041 Imperatoris
488 3962 702 4049 cognomen
719 3933 772 4018 ob
788 3934 938 4050 egregia
954 3961 1022 4018 sua
1036 3931 1198 4018 facinora
1214 3954 1269 4018 est
1286 3931 1445 4044 adeptus
1464 3929 1600 4041 ,Jaco-

159 4047 323 4164 bumque
353 4053 597 4154 Cordubam,
611 4051 902 4167 Aegabriensem
915 4053 1139 4154 Comitem,
1170 4075 1207 4135 et
1224 4051 1378 4133 Petrum
1406 4047 1598 4132 Marchio·

157 4191 242 4251 nem
258 4169 489 4284 Priegensem
509 4169 699 4282 utriusque
715 4167 889 4284 gentilem
907 4176 945 4253 et'
961 4167 1216 4282 propinquum
1236 4226 1248 4272 ,
1272 4165 1425 4280 quiade
1442 4164 1558 4280 gloria
1575 4163 1598 4246 ii

155 4286 445 4373 commodissime
460 4286 564 4402 loqui
586 4286 701 4372 videri
718 4309 919 4400 poterant,
938 4285 1001 4398 qui
1019 4283 1138 4399 gloria
1156 4285 1251 4370 duce
1263 4284 1313 4368 ad
1329 4311 1511 4367 summam
1530 4279 1601 4364 cla·

157 4399 297 4488 ritatem
314 4429 572 4518 pervenerant.
602 4407 717 4487 Hunc
735 4403 925 4517 dialogum
945 4401 981 4483 in
999 4402 1092 4486 duas
1108 4427 1229 4516 partes
1240 4407 1384 4485 Auctor
1401 4398 1594 4485 distribuit:

156 4515 191 4601 in
210 4519 317 4632 priori
335 4523 384 4608 de
399 4522 515 4639 gloria
531 4521 733 4638 generatim
750 4520 827 4636 agit
844 4577 855 4622 ,
871 4519 994 4633 deque
1010 4519 1094 4604 viris
1110 4580 1122 4624 ‚
1139 4519 1207 4634 <lui
1223 4518 1365 4632 gloriae
1381 4517 1506 4603 studio
1524 4517 1593 4602 du·

156 4636 205 4720 cti
237 4639 290 4720 ad
319 4639 505 4752 praeclara
538 4637 786 4754 aggredienda
812 4634 976 4722 facinora
1009 4636 1148 4721 incitati
1179 4661 1290 4721 sunt:
1327 4637 1363 4721 in
1396 4633 1591 4748 posteriori

157 4781 286 4838 eorum
318 4755 446 4842 refellit
478 4781 728 4873 argumenta,
759 4755 823 4870 qui
855 4755 1011 4871 gloriam
1053 4752 1372 4839 contemnendam
1411 4773 1596 4836 statuunt.

158 4870 276 4987 quue
292 4874 452 4988 plurimis
471 4871 668 4960 confirmat
682 4872 855 4989 exemplis
871 4903 918 4959 ex
934 4872 1151 4988 antiquitate
1178 4871 1311 4986 petitis.
1337 4874 1440 4953 Nam
1458 4894 1501 4953 ut
1518 4870 1592 4982 ipse

1549 5010 1604 5068 re·
