4326 5986
595 509 836 595 CAROLI
881 506 934 585 V.
972 505 1092 584 LIB.
1139 502 1234 584 XV.
1512 513 1603 604 447

180 675 319 798 netis,
358 715 436 816 qur
422 665 621 771 Caroli
654 665 901 806 potentiam
936 662 1128 762 nimium
1156 700 1384 802 augescere
1410 664 1645 789 nolebant,

68 841 71 848 ’
184 756 555 932 conniventibus,
597 812 788 923 milites,
815 845 863 908 ut
900 805 1089 947 quisque
1123 847 1290 906 nomen
1327 809 1530 930 dederat,
1556 820 1651 918 Mi

183 967 416 1071 randulam
454 957 689 1060 convenire
725 952 1025 1086 jubebantur:
1057 950 1184 1085 hujus
1220 953 1340 1052 euim
1377 893 1540 1056 castelli
1577 996 1651 1098 ty

186 1151 346 1212 rannus
394 1107 617 1208 Galltotus
661 1101 828 1218 Picus,
865 1139 892 1196 a
938 1138 1030 1238 quo
1076 1137 1158 1237 per
1199 1097 1376 1198 insidias
1420 1103 1652 1210 Comitem

189 1261 412 1390 Joannem
450 1249 719 1350 Franciscum
755 1243 907 1346 Picum
944 1279 1094 1344 vrrum
1128 1241 1373 1380 optimum.
1382 1283 1427 1344 et
1454 1251 1652 1350 doctissi

189 1437 316 1496 mum
356 1397 576 1498 sublatum
612 1392 733 1507 dixi,
774 1391 839 1487 sui
876 1387 1042 1486 sceleris
1078 1423 1246 1525 poenas
1278 1427 1305 1486 a
1346 1391 1510 1492 Carolo
1555 1435 1656 1494 me

189 1577 315 1642 tuens
359 1539 536 1641 Gallicis
573 1535 699 1637 rebus
736 1530 963 1633 studebat
1093 1535 1098 1546 '

104 1751 108 1758 ,
148 1729 150 1732 ·
262 1695 321 1784 V.
397 1695 528 1784 Haec
560 1722 666 1784 cum
699 1688 901 1780 Genuam
938 1671 1124 1776 luissent
1158 1677 1354 1816 perlata,
1395 1681 1658 1824 cognitum-

190 1868 277 1967 que
314 1841 545 1928 Caesarem
559 1837 806 1987 Fregosum
838 1821 1099 1922 indutibus
1149 1859 1268 1927 esse;
1303 1861 1487 1984 magnus
1516 1829 1654 1929 timor

189 1971 490 2070 Genuensium
528 1975 715 2064 animos
735 1962 922 2076 mvasit,
960 1962 1282 2080 metuentium,
1322 1963 1369 2063 id
1397 1971 1520 2108 quod
1550 2009 1655 2093 erat,

192 2153 248 2212 ne
273 2111 427 2251 copiae
464 2109 613 2211 illae
597 2148 644 2207 m
681 2146 810 2206 suurn
839 2111 1005 2206 malum
1031 2141 1312 2245 pararentur
1344 2111 1655 2279 Quamobrem

191 2256 255 2376 ad
284 2256 499 2356 Carolum
535 2254 728 2369 litteras,
762 2250 1031 2389 nuntiosque
1067 2285 1276 2390 rogatum
1312 2255 1528 2364 auxilium
1556 2261 1703 2368 mit·

192 2433 283 2499 tere
331 2435 587 2500 maturant..
638 2397 821 2498 Carolus
877 2391 991 2493 nihil
1045 2428 1271 2494 cunctatus
1320 2397 1476 2499 milites
1518 2402 1657 2502 Italici

193 2544 360 2684 generis
397 2546 453 2643 ad
488 2543 609 2641 mille
646 2547 856 2641 ducentos
894 2579 946 2637 ex
983 2537 1070 2656 iis,
1106 2577 1223 2676 quos
1252 2539 1350 2638 Fori
1385 2542 1497 2675 Julii
1535 2583 1657 2684 prae

193 2687 305 2784 sidio
343 2686 607 2848 reliquerat,
646 2685 702 2787 ab
738 2681 987 2842 Augustino
1036 2681 1214 2822 Spinola
1255 2692 1456 2786 Genuam
1499 2689 1657 2789 deduci

191 2829 343 2961 jubet,
382 2830 520 2930 misso
552 2827 680 2928 simul
717 2825 920 2927 Antonio
956 2824 1096 2926 Doria
1123 2865 1225 2926 cum
1244 2862 1362 2926 octo
1389 2829 1656 2953 triremibus,

193 2971 276 3113 qui
321 3011 420 3072 earn
472 3010 653 3074 manum
706 2984 905 3073 Genuam
950 2969 1225 3087 adveheret,
1257 3008 1454 3112 essetque
1507 2978 1658 3116 portui

192 3115 441 3256 praesidi0.
483 3113 660 3232 Quibus
697 3117 887 3216 advectis
924 3113 1215 3254 expositisque
1253 3115 1501 3238 militibus,
1544 3131 1658 3220 Ger·-

193 3259 314 3360 mani
357 3257 490 3358 tertio
540 3296 642 3400 post
684 3258 776 3359 die
798 3259 857 3359 ad
903 3258 1023 3358 mille
1067 3257 1243 3357 ducenti
1293 3255 1382 3358 buc
1430 3299 1659 3426 properate

194 3402 302 3538 jussi
334 3439 657 3551 pervenerunt,
697 3443 748 3500 ex
770 3401 923 3503 tribus
966 3399 1160 3502 millibus
1197 3399 1278 3544 qui
1322 3443 1373 3501 ert
1423 3407 1660 3506 Germania

194 3545 330 3689 paulo
369 3582 468 3645 ante
500 3543 567 3647 ad
613 3547 972 3686 comprimendos
1014 3546 1163 3646 Italiae
1205 3582 1361 3648 motus
1398 3549 1518 3647 missi
1561 3545 1662 3649 fue⁴

194 3727 320 3855 rant,
363 3727 419 3790 ut
451 3692 638 3790 Carolus
659 3727 754 3851 per
790 3691 998 3791 litteras
986 3727 1299 3831 imperaverat.
1337 3702 1487 3832 Itaque
1514 3694 1661 3825 adjun

195 3836 277 3936 ctis
314 3835 394 3974 qui
438 3875 519 3975 pro
555 3833 692 3976 portis
748 3833 916 3935 urbis
902 3876 953 3939 rn
996 3832 1257 3935 stationibus
1299 3874 1393 3935 esse
1423 3873 1661 3937 consueve

195 4015 328 4096 rant,
365 3973 531 4079 factum
564 4017 632 4078 est
666 3981 927 4118 praesidium
963 3979 1156 4081 militum
1189 3977 1374 4120 amplius
1403 3982 1535 4080 trium
1563 3977 1662 4082 mil

195 4119 339 4226 lium3
377 4158 420 4220 et
456 4163 513 4222 ex
551 4123 785 4284 oppidanis
836 4119 954 4222 fere
969 4121 1158 4222 totidem
1201 4123 1267 4221 ad
1318 4163 1468 4227 mutos
1510 4161 1668 4228 111110·ι

195 4263 380 4363 diendos
417 4263 598 4365 armati

269 4417 347 4508 VI.
428 4409 588 4508 Tertio
630 4409 847 4510 Kalendas
891 4409 1154 4553 Septembris
1190 4411 1340 4513 Guido
1362 4416 1663 4557 ‚Cagninius-

196 4591 317 4692 que,
357 4589 400 4649 et
436 4563 594 4653 Caesar
633 4566 873 4696 Fregosus,
910 4557 965 4653 de
1003 4555 1164 4706 quibus
1207 4595 1330 4696 supra
1367 4561 1534 4670 dictum
1572 4592 1662 4677 est,

197 4733 300 4792 cum
337 4695 536 4835 peditum
573 4737 736 4797 novem
784 4634 1015 4820 millibus,
1060 4737 1102 4799 et
1146 4692 1366 4838 equitibus
1411 4703 1661 4866 quingentis

196 4831 244 4935 in
278 4861 561 4980 conspectum
595 4843 714 4945 urbas
749 4843 966 4987 progressi
1004 4845 1336 4973 caduceatorem
1372 4847 1555 4948 mittunt
1583 4846 1660 4943 de

1548 5028 1659 5090 nun-
