4292 5984
560 409 633 478 XL·
1015 399 1514 484 SUMMARIUM.

537 559 583 616 ea
612 529 822 645 direptione
849 555 896 613 ex
934 525 1130 644 oppidanis
1155 555 1241 638 pau·
1486 545 1602 635 ΗΒ,
1655 544 1795 638 Χῐν,

538 648 571 732 ci
598 647 725 766 gladio
744 643 967 733 concidunt.
1779 674 1785 680 ·

596 769 735 852 XVIII.
794 767 946 850 Octavo
975 760 1034 846 die
1071 786 1157 874 post
1187 792 1239 849 ca·
1355 771 1385 850 I.
1444 741 1612 862 Africo
1656 767 1754 852 bello
1801 769 1993 885 confecto,

534 909 642 998 ptam
664 890 852 968 Tunetem
882 879 1130 992 traditamque
1162 885 1241 964 Ha·
1293 883 1451 969 Carolus
1484 889 1599 1001 copiis
1631 885 1806 999 impositis
1834 918 1897 974 eas
1927 895 1991 978 do

535 1029 658 1108 zeno,
681 1000 805 1114 copias
827 999 985 1082 Carolus
1016 997 1162 1081 Radam
1179 998 1239 1084 de·
1292 1029 1398 1084 mum
1414 1003 1531 1088 redire
1555 1004 1657 1113 jubet
1673 1063 1684 1104 ,
1702 1002 1777 1116 ipse
1806 1033 1896 1090 cum
1921 1011 1993 1096 sola

537 1120 668 1225 ducit,
696 1119 786 1222 ubi,
820 1112 916 1202 Afris
949 1112 1123 1199 omnibus
1150 1114 1238 1199 data
1291 1115 1546 1230 Hispanorum
1586 1145 1762 1208 veterana
1801 1152 1918 1209 manu
1957 1128 1992 1211 in

535 1237 671 1345 venia,
689 1234 795 1322 multi
822 1263 955 1319 eorum
972 1230 1106 1344 partim
1133 1260 1238 1338 suos,
1290 1231 1445 1319 Siciliam
1471 1235 1686 1356 Italiamque
1711 1238 1890 1354 navigare
1909 1270 1993 1328 con·

533 1357 668 1472 partim
707 1378 850 1442 vestem
894 1376 1108 1462 mercesque
1146 1349 1239 1435 dire·
1290 1349 1422 1439 stituit.

533 1499 616 1588 ptas
651 1467 855 1559 redimendi
887 1465 1075 1584 gratiam
1122 1490 1240 1553 castra
1335 1473 1379 1552 II.
1439 1476 1678 1588 Tempestate
1695 1471 1924 1587 prolubium,
1947 1505 1990 1563 ne

533 1589 754 1678 confluunt.
1289 1586 1554 1697 Aphrodisium
1572 1591 1702 1676 urbem
1721 1620 1766 1675 ex
1778 1590 1907 1678 itinere
1918 1617 1987 1679 ten·

590 1712 696 1798 XIX.
753 1713 823 1793 Per
850 1704 889 1792 id
907 1729 1052 1819 tempus
1069 1701 1238 1787 Adamus
1287 1727 1343 1787 tet
1359 1763 1372 1807 ‚
1388 1704 1427 1788 in
1446 1707 1600 1791 Siciliam
1616 1708 1790 1823 appellit„
1813 1709 1990 1826 rebusque

532 1824 715 1913 Centurio
732 1849 770 1910 et
785 1821 1031 1937 joannetinus
1047 1819 1167 1904 Doria
1187 1820 1239 1905 ad
1288 1817 1494 1908 Siculorum
1509 1824 1698 1942 diligenter
1714 1827 1908 1943 prospicit.
1932 1834 1987 1914 Eat

535 1942 808 2079 oppugnandas
836 1937 1037 2024 duodecim
1061 1937 1238 2022 Charadi·
1287 1936 1402 2022 Sicilia
1435 1943 1634 2054 Neapolim
1663 1942 1845 2058 digressus
1876 1943 1985 2029 deo

531 2063 571 2147 ni
609 2085 772 2147 triremes
809 2057 1028 2171 Hipponem
1075 2053 1237 2170 Regium
1287 2053 1368 2139 bitu
1411 2054 1566 2144 Sforriae
1614 2059 1729 2144 Ducis
1777 2060 1988 2178 cognoscit.

529 2177 836 2293 proficiscuntur,
857 2173 966 2290 quod
995 2167 1118 2257 multo
1147 2196 1236 2256 ante
1287 2172 1486 2259 Gallorum
1515 2180 1596 2262 Rex
1633 2175 1723 2262 nihil
1761 2176 1988 2293 inexpemtm

529 2324 552 2380 a
583 2299 742 2382 Caesare
767 2293 904 2406 jussum
927 2284 1068 2375 fuerat.
1285 2289 1491 2405 relinquere
1523 2293 1717 2398 decernit,
1742 2293 1850 2409 siqua
1885 2295 1988 2380 ratio
2123 2295 2124 2310 '

573 2415 662 2500 XX.
707 2408 962 2511 Charadinus,
980 2405 1044 2490 illis
1070 2432 1236 2518 spectan-
1284 2434 1332 2490 ne
1371 2411 1485 2521 possit
1522 2408 1797 2498 Mediolanensi
1840 2415 1986 2498 Ducatu

527 2528 645 2635 tibus,
663 2558 745 2614 suas
770 2555 883 2614 naves
912 2524 1088 2626 deducit,
1108 2550 1147 2608 et
1180 2553 1236 2608 re·
1287 2523 1420 2637 potiri.

528 2645 599 2730 bus
625 2644 825 2779 necessariis
848 2639 1235 2756 impositisrltgeliam
1305 2759 1315 2777 ι
1357 2647 1419 2728 III.
1491 2647 1702 2734 Exercitum
1728 2648 1855 2764 itaque
1880 2644 1986 2782 confi·

527 2786 859 2966 {andra
872 2762 1014 2979 nili
1037 2785 1120 2989 ll}
1141 2786 1235 2990 ql.
1282 2766 1985 2996 Ilttizgftmpttalll‘llld

528 3026 606 3112 que
628 3027 668 3085 re
691 2996 826 3084 infecta
851 2993 890 3080 in
914 2992 1092 3080 Goletam
1115 3021 1233 3080 rever·
1282 2991 1322 3076 in
1338 2997 1561 3083 sabaudiam
1595 2999 1844 3115 persequendi
1867 3025 1986 3116 propt-

531 3114 636 3202 titur.
1282 3138 1364 3198 rare
1387 3115 1508 3226 iubet.

555 3237 694 3322 XXI.
752 3237 894 3320 Interea
919 3230 1077 3317 Carolus
1099 3233 1231 3318 inGo
1341 3233 1408 3318 IV.
1466 3232 1624 3318 Carolus
1654 3235 1790 3320 Caesar
1831 3235 1884 3320 rei
1924 3260 1986 3318 no

529 3347 643 3437 letam
682 3379 874 3458 reversus,
897 3353 1098 3433 Hazenum
1113 3351 1162 3436 ad
1193 3379 1232 3435 se
1282 3347 1397 3435 vitate
1431 3350 1670 3440 vehementer
1707 3374 1986 3454 commovetur,

529 3493 643 3556 vocat
672 3529 684 3574 ‚
713 3468 773 3552 cui
809 3465 971 3556 venienti
1006 3493 1108 3581 equo
1151 3465 1229 3551 insi·
1282 3493 1359 3579 qua
1389 3467 1445 3552 sui
1472 3493 1628 3553 conatus
1659 3468 1708 3553 de
1733 3470 1984 3555 Ecclesiastico

530 3584 625 3672 dens
651 3584 803 3671 obviam
835 3611 1071 3700 progressus,
1092 3585 1141 3669 ad
1169 3613 1232 3698 pe-
1282 3584 1453 3672 Concilio
1481 3585 1733 3674 convocando
1758 3587 1885 3702 deque
1916 3583 1987 3670 bel·

532 3703 597 3788 des
631 3701 851 3792 descendere
881 3701 1072 3788 volentem
1107 3701 1232 3816 prohi-
1281 3699 1321 3784 lo
1352 3703 1536 3788 Saracenis
1574 3699 1766 3789 inferendo
1813 3701 1983 3817 impedie-

531 3819 621 3926 ber3
644 3822 736 3938 quin
760 3820 880 3936 ipsum
906 3819 944 3904 in
973 3818 1156 3904 sinistrum
1181 3816 1232 3903 la·
1282 3816 1439 3907 bantur.
1484 3820 1685 3906 Charadini
1728 3821 1766 3906 in
1820 3821 1987 3906 Baleares

531 3959 593 4022 tus
634 3965 854 4054 accepnam,
890 3964 929 4025 et
966 3943 1043 4052 per'
1056 3935 1232 4050 imerpre-
1282 3935 1441 4025 minores
1478 3940 1668 4056 navigatio
1692 4000 1705 4045 ,
1729 3939 1780 4024 ad
1809 3936 1985 4055 Magonis
2122 3952 2123 4012 ῖ

532 4080 609 4141 tem
636 4055 890 4171 colloquendo
936 4053 1231 4171 inpraetotium
1281 4079 1433 4167 portum
1468 4057 1653 4144 adventus
1695 4055 1926 4174 ,dolusque
1964 4083 1989 4138 a
2122 4056 2123 4066 '

532 4173 704 4259 deducit.
1281 4173 1485 4260 Monachis
1517 4176 1713 4290 proditus.

591 4293 711 4374 XXII.
767 4287 937 4376 foederis
987 4289 1082 4376 inter
1133 4294 1232 4409 ipsos
1341 4294 1391 4377 V.
1452 4292 1686 4396 Charadinus
1719 4317 1849 4379 tamen
1897 4287 1987 4376 mili·

531 4403 610 4492 initi
636 4407 735 4524 leges
766 4432 806 4495 et
835 4406 1082 4496 conditiones.
1280 4434 1337 4496 tes
1364 4411 1547 4525 exponit,
1573 4436 1611 4498 et
1644 4411 1739 4496 muri
1768 4439 1909 4526 partem
1928 4407 1986 4490 de-

1281 4525 1455 4612 molitur.
1506 4528 1692 4615 Olverius
1752 4529 1987 4612 ctbdadertae

1281 4643 1427 4754 majoris
1452 4643 1581 4760 oppidi
1613 4643 1820 4760 praefectus
1849 4647 1987 4758 Mago·

1234 4801 1237 4808 ·
1279 4759 1452 4850 nensibus
1477 4762 1638 4852 subsidio
1658 4765 1779 4853 venit.
1819 4760 1984 4889 Oppida·

1937 4901 1976 4959 ru
