4298 5980
500 469 744 554 cattos]
785 471 851 553 v..
879 473 1011 555 arn..
1042 475 1175 557 vsu.
1483 475 1569 581 '247

8 664 23 727 t.
150 633 364 752 multum·
384 653 430 731 et
453 625 560 765 :spei
595 661 639 727 et
653 674 660 684 ·
674 625 927 728 animorum
962 630 1204 734 Foederatis
1238 633 1490 738 addiderat.

8 813 10 868 τ
151 795 199 856 ὃ
242 788 319 880 VI.
409 773 583 874 Eodem
618 766 709 872 fere
743 809 946 914 tempore
981 782 1170 896 Genua,
1217 817 1332 921 quae
1377 781 1425 882 in
1467 783 1617 886 Ador-

149 959 322 1024 norum
369 952 585 1060 potestate
633 951 676 1018 et
721 914 873 1019 Caroli
915 919 1109 1021 Caesaris
1156 920 1351 1024 clientela
1399 962 1539 1048 erat,
1589 971 1615 1031 a

152 1065 289 1168 Gallis
325 1097 403 1204 pet
438 1072 669 1163 Caesarem
703 1070 937 1201 Ftegosum
972 1099 1072 1201 post
1106 1063 1368 1206 longiorem
1412 1066 1613 1171 obsidio-

147 1250 262 1311 -nem
298 1239 471 1348 recepta
505 1241 603 1327 est,
641 1200 767 1306 etin
802 1216 1089 1344 Ftegosotum
1126 1211 1389 1350 potestatem
1426 1251 1504 1353 per
1545 1213 1613 1314 al-

151 1351 286 1452 tcrius
320 1351 450 1490 partis
487 1349 654 1448 civium
684 1345 978 1449 temeritatem
1006 1351 1208 1453 redacta.
1235 1353 1328 1474 Hic
1351 1354 1474 1458 enirn
1499 1369 1611 1459 Cae-

152 1535 221 1596 sar
267 1492 457 1596 inductis
501 1488 767 1632 pedestribus
814 1490 954 1631 copiis
1001 1495 1191 1638 urgebat
1235 1537 1261 1596 a
1306 1533 1457 1620 terra,
1510 1508 1609 1603 An-

147 1640 270 1740 dreas
313 1636 454 1739 Doria
496 1633 635 1736 classis
685 1628 923 1776 praefectus
968 1671 1146 1776 portum
1196 1637 1461 1765 obsidebat,
1508 1681 1607 1782 per-

149 1821 282 1924 parce
316 1779 436 1881 intus
476 1816 521 1879 te
563 1772 850 1880 frumentaria
896 1815 1190 1919 suppetente3
1229 1819 1422 1886 ceterum
1464 1787 1607 1888 invito
1696 1833 1700 1840 ·

147 1925 292 2028 Doria
356 1960 400 2025 et
453 1919 684 2064 prohibere
740 1957 990 2061 nequeunte
1054 1965 1187 2028 naves
1240 1927 1458 2067 quaedam
1509 1925 1608 2031 ftu-

148 2105 304 2172 mento
353 2099 534 2168 onustae
580 2066 629 2165 in
681 2099 865 2206 portum
920 2069 1114 2167 secundo
1169 2104 1304 2170 vento
1356 2073 1607 2212 compulsae

147 2249 369 2354 magnam
405 2208 595 2312 civitatis
631 2208 831 2348 inopiam
866 2204 1164 2320 sublevatunt3
1191 2251 1286 2353 quo
1318 2251 1510 2313 successu
1546 2225 1609 2318 A-

149 2355 286 2456 dorni
321 2354 458 2474 elati,
494 2388 657 2453 temere
692 2389 799 2452 cum
831 2350 1132 2492 Hispanorum
1168 2389 1458 2455 trecentorum
1494 2355 1609 2458 circi·

151 2535 219 2597 ter
264 2498 481 2639 praesidio
528 2531 843 2637 erumpentes,
884 2533 988 2608 cum
1029 2507 1211 2597 Caesare
1254 2510 1442 2640 Ftegoso
1481 2538 1610 2741 prae-

148 2641 264 2741 lium
298 2639 644 2742 commiserunt.
676 2650 841 2743 Interea
874 2639 1048 2780 Ftegosi
1083 2642 1427 2742 adversariorum
1461 2683 1485 2741 a
1518 2682 1609 2752 sen-

150 2784 262 2884 tiam
297 2823 420 2886 suam
457 2782 734 2884 occasionem
768 2783 881 2902 rati,
917 2783 1067 2882 sumtis
1100 2783 1265 2904 armis,
1301 2785 1413 2885 intra
1452 2784 1610 2889 urbem

147 2927 416 3029 tumultuari
464 2959 733 3068 coeperunt.
778 2939 902 3048 Quo'
928 2926 1170 3048 nuntiato,
1210 2927 1292 3067 ‘qui
1333 2928 1608 3068 eruptionem

140 3065 372 3191 fecerant,
407 3105 457 3173 ut
492 3105 770 3170 occurrerent
806 3067 1017 3170 intestino
1052 3071 1202 3189 malo,
1229 3070 1438 3209 praelium
1474 3072 1608 3173 omia

147 3250 244 3317 tere
285 3215 532 3353 urbemque
572 3247 765 3353 reperere
809 3248 1062 3356 coguntur.
1115 3223 1181 3311 lta
1219 3209 1287 3312 his
1329 3214 1606 3318 redeuntibus

144 3392 193 3458 et
229 3358 320 3458 sine
357 3357 512 3459 ordine
547 3352 915 3497 properantibus,
952 3355 1094 3455 hostes
1128 3354 1322 3454 immixti
1364 3353 1521 3459 urbem
1555 3358 1607 3459 ir·
1643 3455 1645 3460 .

149 3535 401 3644 rumpunt,
437 3499 719 3642 Ftegosisque
760 3494 1045 3630 juvantibus,
1088 3497 1135 3600 in
1177 3538 1300 3600 suam
1341 3535 1603 3640 potestatem

143 3647 393 3788 redigunt,
421 3679 473 3744 et
514 3641 648 3784 paulo
690 3676 792 3785 post
829 3652 959 3744 Petro
1006 3649 1206 3744 Navarro
1247 3681 1349 3743 cutn
1389 3643 1602 3784 praesidio

147 3789 297 3888 misso
325 3827 400 3889 arx
441 3825 624 3930 quoque
670 3821 844 3929 recepta
888 3793 992 3908 est,
1028 3823 1073 3888 et
1112 3821 1208 3886 tota
1248 3824 1386 3928 paene
1422 3785 1603 3926 Liguria

144 3927 198 4032 in
234 3931 460 4034 Gallorum
496 3962 772 4075 potestatem
793 3931 990 4034 redacta.

241 4084 371 4176 V11.‘
419 4085 654 4176 Lauttecus
690 4075 950 4178 Mediolano
985 4068 1132 4212 copias
1168 4109 1270 4171 cum
1306 4071 1598 4193 admouisset,

142 4213 352 4336 urbem,
407 4253 459 4318 ut
504 4214 876 4335 existimabatur,
935 4249 1302 4355 oppugnaturus3
1350 4216 1600 4316 Ludovicus

150 4358 421 4478 Rabienus,
457 4361 672 4501 quicum
713 4358 926 4499 praesidio
967 4358 1118 4458 Italico
1158 4355 1216 4458 ab
1260 4359 1460 4458 Antonio
1496 4359 1600 4458 mis*

140 4543 219 4606 sus
254 4503 435 4648 Papiam
464 4500 733 4623 obtinebat,
768 4535 937 4646 partem
969 4500 1160 4602 militum
1195 4503 1501 4602 Mediolanum
1536 4539 1602 4602 re

141 4647 275 4748 misit
291 4693 326 4748 .:.
352 4658 460 4764 Qtro
509 4647 698 4786 cognito
736 4656 967 4749 [aucrecus
1006 4645 1093 4748 sive
1136 4641 1218 4744 hac
1266 4645 1475 4746 invitatus
1521 4685 1599 4745 oc-·.

141 4789 367 4913 casione,
386 4791 520 4936 quod.
550 4790 792 4897 imminuto
827 4789 1043 4934 praesidio
1084 4785 1208 4891 facile
1249 4787 1428 4928 Papiam
1464 4783 1599 4927 expu-

1489 4967 1600 5072 ἕω·
