<?xml version="1.0" encoding="UTF-8"?>
<!DOCTYPE html PUBLIC "-//W3C//DTD XHTML 1.0 Transitional//EN"
    "http://www.w3.org/TR/xhtml1/DTD/xhtml1-transitional.dtd">
<html xmlns="http://www.w3.org/1999/xhtml" xml:lang="en" lang="en">
 <head>
  <title>
</title>
<meta http-equiv="Content-Type" content="text/html;charset=utf-8" />
  <meta name='ocr-system' content='tesseract 3.04.00' />
  <meta name='ocr-capabilities' content='ocr_page ocr_carea ocr_par ocr_line ocrx_word'/>
</head>
<body>
  <div class='ocr_page' id='page_1' title='image "./joannisgenesiis02sepgoog_0210.png"; bbox 0 0 4292 5984; ppageno 0'>
   <div class='ocr_carea' id='block_1_1' title="bbox 537 447 1512 552">
    <p class='ocr_par' dir='ltr' id='par_1_1' title="bbox 537 447 1512 552">
     <span class='ocr_line' id='line_1_1' title="bbox 537 447 1512 552; baseline -0.002 -2"><span class='ocrx_word' id='word_1_1' title='bbox 537 481 632 551; x_wconf 79' lang='lat' dir='ltr'>xxv.</span> <span class='ocrx_word' id='word_1_2' title='bbox 1000 447 1512 552; x_wconf 81' lang='lat' dir='ltr'>suntmxxtum.</span> 
     </span>
    </p>
   </div>
   <div class='ocr_carea' id='block_1_2' title="bbox 388 601 1994 4966">
    <p class='ocr_par' dir='ltr' id='par_1_2' title="bbox 388 601 1994 4966">
     <span class='ocr_line' id='line_1_2' title="bbox 761 601 1987 698; baseline 0.01 -16"><span class='ocrx_word' id='word_1_3' title='bbox 761 609 863 698; x_wconf 69' lang='grc' dir='ltr'>ΗΒ,</span> <span class='ocrx_word' id='word_1_4' title='bbox 911 608 967 698; x_wconf 84' lang='lat' dir='ltr'>V,</span> <span class='ocrx_word' id='word_1_5' title='bbox 1105 605 1107 610; x_wconf 82' lang='grc'><strong>’</strong></span> <span class='ocrx_word' id='word_1_6' title='bbox 1274 603 1324 688; x_wconf 87' lang='lat' dir='ltr'>ad</span> <span class='ocrx_word' id='word_1_7' title='bbox 1356 603 1521 690; x_wconf 83' lang='lat' dir='ltr'>inducias</span> <span class='ocrx_word' id='word_1_8' title='bbox 1553 601 1772 693; x_wconf 81' lang='lat' dir='ltr'>stamendas</span> <span class='ocrx_word' id='word_1_9' title='bbox 1821 631 1863 694; x_wconf 90' lang='lat' dir='ltr'>re</span> <span class='ocrx_word' id='word_1_10' title='bbox 1897 603 1987 694; x_wconf 56' lang='lat' dir='ltr'>infe*</span> 
     </span>
     <span class='ocr_line' id='line_1_3' title="bbox 1274 722 1984 831; baseline 0.014 -28"><span class='ocrx_word' id='word_1_11' title='bbox 1274 747 1335 806; x_wconf 86' lang='lat' dir='ltr'>cra</span> <span class='ocrx_word' id='word_1_12' title='bbox 1362 722 1658 831; x_wconf 85' lang='lat' dir='ltr'>discedentibus,</span> <span class='ocrx_word' id='word_1_13' title='bbox 1689 724 1909 812; x_wconf 86' lang='lat' dir='ltr'>Almirallius</span> <span class='ocrx_word' id='word_1_14' title='bbox 1934 759 1984 812; x_wconf 91' lang='lat' dir='ltr'>o·</span> 
     </span>
     <span class='ocr_line' id='line_1_4' title="bbox 565 803 1984 933; baseline -0.002 -1"><span class='ocrx_word' id='word_1_15' title='bbox 565 853 593 932; x_wconf 92' lang='grc' dir='ltr'>Ι.</span> <span class='ocrx_word' id='word_1_16' title='bbox 643 803 839 927; x_wconf 82' lang='lat' dir='ltr'>CAtolus</span> <span class='ocrx_word' id='word_1_17' title='bbox 867 871 955 930; x_wconf 92' lang='lat' dir='ltr'>cum</span> <span class='ocrx_word' id='word_1_18' title='bbox 971 845 1124 933; x_wconf 89' lang='lat' dir='ltr'>Venetis</span> <span class='ocrx_word' id='word_1_19' title='bbox 1141 841 1224 931; x_wconf 90' lang='lat' dir='ltr'>bel·</span> <span class='ocrx_word' id='word_1_20' title='bbox 1273 838 1380 924; x_wconf 88' lang='lat' dir='ltr'>missa</span> <span class='ocrx_word' id='word_1_21' title='bbox 1413 842 1621 928; x_wconf 86' lang='lat' dir='ltr'>Mediolani</span> <span class='ocrx_word' id='word_1_22' title='bbox 1663 842 1858 928; x_wconf 88' lang='lat' dir='ltr'>obsidione</span> <span class='ocrx_word' id='word_1_23' title='bbox 1908 845 1984 932; x_wconf 85' lang='lat' dir='ltr'>Ab</span> 
     </span>
     <span class='ocr_line' id='line_1_5' title="bbox 509 955 1983 1076; baseline -0.002 -25"><span class='ocrx_word' id='word_1_24' title='bbox 509 967 535 1051; x_wconf 94' lang='lat' dir='ltr'>li</span> <span class='ocrx_word' id='word_1_25' title='bbox 571 966 783 1051; x_wconf 89' lang='lat' dir='ltr'>societatem</span> <span class='ocrx_word' id='word_1_26' title='bbox 804 960 870 1046; x_wconf 93' lang='lat' dir='ltr'>init</span> <span class='ocrx_word' id='word_1_27' title='bbox 899 967 1017 1051; x_wconf 84' lang='lat' dir='ltr'>Anno</span> <span class='ocrx_word' id='word_1_28' title='bbox 1044 998 1220 1064; x_wconf 79' lang='lat' dir='ltr'>unxxm.</span> <span class='ocrx_word' id='word_1_29' title='bbox 1272 955 1498 1074; x_wconf 83' lang='lat' dir='ltr'>biagrassum</span> <span class='ocrx_word' id='word_1_30' title='bbox 1521 961 1647 1076; x_wconf 89' lang='lat' dir='ltr'>copias</span> <span class='ocrx_word' id='word_1_31' title='bbox 1678 961 1849 1048; x_wconf 88' lang='lat' dir='ltr'>reducit.</span> <span class='ocrx_word' id='word_1_32' title='bbox 1888 965 1983 1048; x_wconf 88' lang='lat' dir='ltr'>Ren-</span> 
     </span>
     <span class='ocr_line' id='line_1_6' title="bbox 511 1074 1982 1196; baseline 0.004 -26"><span class='ocrx_word' id='word_1_33' title='bbox 511 1089 593 1170; x_wconf 87' lang='lat' dir='ltr'>Arx</span> <span class='ocrx_word' id='word_1_34' title='bbox 635 1078 926 1168; x_wconf 89' lang='lat' dir='ltr'>Mediolanensis</span> <span class='ocrx_word' id='word_1_35' title='bbox 971 1082 1010 1166; x_wconf 92' lang='lat' dir='ltr'>in</span> <span class='ocrx_word' id='word_1_36' title='bbox 1063 1081 1221 1169; x_wconf 86' lang='lat' dir='ltr'>Sfottiae</span> <span class='ocrx_word' id='word_1_37' title='bbox 1271 1074 1342 1160; x_wconf 90' lang='lat' dir='ltr'>tius</span> <span class='ocrx_word' id='word_1_38' title='bbox 1376 1078 1531 1162; x_wconf 76' lang='lat' dir='ltr'>Ursinus</span> <span class='ocrx_word' id='word_1_39' title='bbox 1561 1085 1736 1176; x_wconf 86' lang='lat' dir='ltr'>Aronam</span> <span class='ocrx_word' id='word_1_40' title='bbox 1764 1075 1899 1166; x_wconf 74' lang='lat' dir='ltr'>fnestra</span> <span class='ocrx_word' id='word_1_41' title='bbox 1919 1111 1982 1196; x_wconf 72' lang='lat' dir='ltr'>op</span> 
     </span>
     <span class='ocr_line' id='line_1_7' title="bbox 475 1201 1438 1314; baseline -0.001 -28"><span class='ocrx_word' id='word_1_42' title='bbox 475 1201 896 1312; x_wconf 86' lang='lat' dir='ltr'>.Caesarianorumque</span> <span class='ocrx_word' id='word_1_43' title='bbox 910 1222 1134 1312; x_wconf 85' lang='lat' dir='ltr'>potestatem</span> <span class='ocrx_word' id='word_1_44' title='bbox 1143 1229 1221 1314; x_wconf 93' lang='lat' dir='ltr'>per·</span> <span class='ocrx_word' id='word_1_45' title='bbox 1271 1218 1438 1308; x_wconf 79' lang='lat' dir='ltr'>pugnat·</span> 
     </span>
     <span class='ocr_line' id='line_1_8' title="bbox 511 1312 1981 1405; baseline -0.001 0"><span class='ocrx_word' id='word_1_46' title='bbox 511 1319 636 1405; x_wconf 87' lang='lat' dir='ltr'>venit.</span> <span class='ocrx_word' id='word_1_47' title='bbox 682 1315 828 1400; x_wconf 88' lang='lat' dir='ltr'>Foedus</span> <span class='ocrx_word' id='word_1_48' title='bbox 863 1317 989 1400; x_wconf 87' lang='lat' dir='ltr'>Caroli</span> <span class='ocrx_word' id='word_1_49' title='bbox 1027 1347 1114 1401; x_wconf 92' lang='lat' dir='ltr'>cum</span> <span class='ocrx_word' id='word_1_50' title='bbox 1146 1322 1222 1402; x_wconf 90' lang='lat' dir='ltr'>Ha·</span> <span class='ocrx_word' id='word_1_51' title='bbox 1328 1313 1394 1395; x_wconf 88' lang='lat' dir='ltr'>Vl.</span> <span class='ocrx_word' id='word_1_52' title='bbox 1456 1312 1615 1400; x_wconf 82' lang='lat' dir='ltr'>Carolus</span> <span class='ocrx_word' id='word_1_53' title='bbox 1662 1314 1802 1399; x_wconf 84' lang='lat' dir='ltr'>Caesar</span> <span class='ocrx_word' id='word_1_54' title='bbox 1847 1341 1981 1404; x_wconf 89' lang='lat' dir='ltr'>coacto</span> 
     </span>
     <span class='ocr_line' id='line_1_9' title="bbox 388 1429 1981 1548; baseline 0.002 -29"><span class='ocrx_word' id='word_1_55' title='bbox 388 1521 396 1527; x_wconf 74' lang='grc'><strong>,</strong></span> <span class='ocrx_word' id='word_1_56' title='bbox 510 1435 645 1519; x_wconf 90' lang='lat' dir='ltr'>dtiano</span> <span class='ocrx_word' id='word_1_57' title='bbox 661 1437 727 1518; x_wconf 92' lang='lat' dir='ltr'>Vl.</span> <span class='ocrx_word' id='word_1_58' title='bbox 745 1429 945 1539; x_wconf 86' lang='lat' dir='ltr'>Pontifice,</span> <span class='ocrx_word' id='word_1_59' title='bbox 968 1429 1126 1540; x_wconf 88' lang='lat' dir='ltr'>Sfortia‚</span> <span class='ocrx_word' id='word_1_60' title='bbox 1143 1435 1223 1522; x_wconf 86' lang='lat' dir='ltr'>Flo·</span> <span class='ocrx_word' id='word_1_61' title='bbox 1269 1429 1430 1515; x_wconf 88' lang='lat' dir='ltr'>exercitu</span> <span class='ocrx_word' id='word_1_62' title='bbox 1471 1432 1744 1548; x_wconf 85' lang='lat' dir='ltr'>Pompelonem</span> <span class='ocrx_word' id='word_1_63' title='bbox 1775 1460 1864 1519; x_wconf 90' lang='lat' dir='ltr'>cum</span> <span class='ocrx_word' id='word_1_64' title='bbox 1904 1466 1981 1520; x_wconf 83' lang='lat' dir='ltr'>trra-</span> 
     </span>
     <span class='ocr_line' id='line_1_10' title="bbox 510 1551 1983 1670; baseline 0 -30"><span class='ocrx_word' id='word_1_65' title='bbox 510 1551 688 1655; x_wconf 90' lang='lat' dir='ltr'>tentinis,</span> <span class='ocrx_word' id='word_1_66' title='bbox 722 1551 984 1636; x_wconf 87' lang='lat' dir='ltr'>Genuensibus</span> <span class='ocrx_word' id='word_1_67' title='bbox 1012 1614 1024 1658; x_wconf 98' lang='lat'>,</span> <span class='ocrx_word' id='word_1_68' title='bbox 1056 1553 1221 1638; x_wconf 90' lang='lat' dir='ltr'>Senensi·</span> <span class='ocrx_word' id='word_1_69' title='bbox 1269 1575 1349 1661; x_wconf 85' lang='lat' dir='ltr'>gno</span> <span class='ocrx_word' id='word_1_70' title='bbox 1377 1577 1577 1668; x_wconf 90' lang='lat' dir='ltr'>procerum</span> <span class='ocrx_word' id='word_1_71' title='bbox 1614 1551 1794 1637; x_wconf 87' lang='lat' dir='ltr'>comitatu</span> <span class='ocrx_word' id='word_1_72' title='bbox 1833 1581 1983 1670; x_wconf 77' lang='lat' dir='ltr'>progre</span> 
     </span>
     <span class='ocr_line' id='line_1_11' title="bbox 511 1665 1981 1784; baseline 0.001 -30"><span class='ocrx_word' id='word_1_73' title='bbox 511 1671 609 1775; x_wconf 91' lang='lat' dir='ltr'>bus,</span> <span class='ocrx_word' id='word_1_74' title='bbox 640 1693 755 1784; x_wconf 88' lang='lat' dir='ltr'>atque</span> <span class='ocrx_word' id='word_1_75' title='bbox 779 1670 1033 1775; x_wconf 90' lang='lat' dir='ltr'>Lucensibus,</span> <span class='ocrx_word' id='word_1_76' title='bbox 1063 1671 1101 1754; x_wconf 91' lang='lat' dir='ltr'>in</span> <span class='ocrx_word' id='word_1_77' title='bbox 1129 1701 1220 1778; x_wconf 88' lang='lat' dir='ltr'>eos,</span> <span class='ocrx_word' id='word_1_78' title='bbox 1271 1665 1371 1750; x_wconf 80' lang='lat' dir='ltr'>dintr</span> <span class='ocrx_word' id='word_1_79' title='bbox 1400 1731 1412 1774; x_wconf 89' lang='lat'>,</span> <span class='ocrx_word' id='word_1_80' title='bbox 1445 1667 1696 1784; x_wconf 86' lang='lat' dir='ltr'>simulatoque</span> <span class='ocrx_word' id='word_1_81' title='bbox 1723 1670 1876 1756; x_wconf 91' lang='lat' dir='ltr'>consilio</span> <span class='ocrx_word' id='word_1_82' title='bbox 1904 1695 1981 1756; x_wconf 88' lang='lat' dir='ltr'>tam</span> 
     </span>
     <span class='ocr_line' id='line_1_12' title="bbox 512 1781 1983 1902; baseline 0.003 -32"><span class='ocrx_word' id='word_1_83' title='bbox 512 1787 579 1901; x_wconf 93' lang='lat' dir='ltr'>qui</span> <span class='ocrx_word' id='word_1_84' title='bbox 598 1816 729 1901; x_wconf 86' lang='lat' dir='ltr'>pacem</span> <span class='ocrx_word' id='word_1_85' title='bbox 748 1786 871 1871; x_wconf 88' lang='lat' dir='ltr'>ltaliae</span> <span class='ocrx_word' id='word_1_86' title='bbox 895 1788 1129 1874; x_wconf 90' lang='lat' dir='ltr'>solicitatent.</span> <span class='ocrx_word' id='word_1_87' title='bbox 1270 1781 1392 1871; x_wconf 87' lang='lat' dir='ltr'>alieno</span> <span class='ocrx_word' id='word_1_88' title='bbox 1420 1788 1509 1871; x_wconf 90' lang='lat' dir='ltr'>anni</span> <span class='ocrx_word' id='word_1_89' title='bbox 1550 1814 1722 1902; x_wconf 87' lang='lat' dir='ltr'>tempore</span> <span class='ocrx_word' id='word_1_90' title='bbox 1753 1787 1792 1874; x_wconf 93' lang='lat' dir='ltr'>in</span> <span class='ocrx_word' id='word_1_91' title='bbox 1821 1787 1983 1874; x_wconf 88' lang='lat' dir='ltr'>Galliam</span> 
     </span>
     <span class='ocr_line' id='line_1_13' title="bbox 587 1903 1986 2025; baseline 0.004 -37"><span class='ocrx_word' id='word_1_92' title='bbox 587 1910 630 1988; x_wconf 93' lang='lat' dir='ltr'>ll.</span> <span class='ocrx_word' id='word_1_93' title='bbox 707 1909 789 1988; x_wconf 87' lang='lat' dir='ltr'>Rex</span> <span class='ocrx_word' id='word_1_94' title='bbox 820 1904 1047 2010; x_wconf 81' lang='lat' dir='ltr'>Gallorum,</span> <span class='ocrx_word' id='word_1_95' title='bbox 1077 1938 1220 2025; x_wconf 90' lang='lat' dir='ltr'>magno</span> <span class='ocrx_word' id='word_1_96' title='bbox 1269 1903 1394 2015; x_wconf 88' lang='lat' dir='ltr'>copias</span> <span class='ocrx_word' id='word_1_97' title='bbox 1426 1906 1680 2011; x_wconf 85' lang='lat' dir='ltr'>traducendi,</span> <span class='ocrx_word' id='word_1_98' title='bbox 1708 1929 1754 1992; x_wconf 90' lang='lat' dir='ltr'>ut</span> <span class='ocrx_word' id='word_1_99' title='bbox 1783 1905 1986 1993; x_wconf 79' lang='lat' dir='ltr'>Gallorum</span> 
     </span>
     <span class='ocr_line' id='line_1_14' title="bbox 513 2017 1986 2138; baseline 0.002 -30"><span class='ocrx_word' id='word_1_100' title='bbox 513 2022 674 2108; x_wconf 87' lang='lat' dir='ltr'>exercitu</span> <span class='ocrx_word' id='word_1_101' title='bbox 703 2017 878 2108; x_wconf 86' lang='lat' dir='ltr'>confecto</span> <span class='ocrx_word' id='word_1_102' title='bbox 896 2084 907 2126; x_wconf 95' lang='lat'>,</span> <span class='ocrx_word' id='word_1_103' title='bbox 924 2051 1012 2108; x_wconf 91' lang='lat' dir='ltr'>cum</span> <span class='ocrx_word' id='word_1_104' title='bbox 1044 2024 1121 2111; x_wconf 89' lang='lat' dir='ltr'>hoc</span> <span class='ocrx_word' id='word_1_105' title='bbox 1149 2031 1222 2112; x_wconf 89' lang='lat' dir='ltr'>lta·</span> <span class='ocrx_word' id='word_1_106' title='bbox 1269 2022 1365 2136; x_wconf 86' lang='lat' dir='ltr'>Regi</span> <span class='ocrx_word' id='word_1_107' title='bbox 1397 2023 1577 2136; x_wconf 74' lang='lat' dir='ltr'>majorem</span> <span class='ocrx_word' id='word_1_108' title='bbox 1609 2048 1788 2110; x_wconf 88' lang='lat' dir='ltr'>terrorem</span> <span class='ocrx_word' id='word_1_109' title='bbox 1820 2023 1986 2138; x_wconf 76' lang='lat' dir='ltr'>injiciat,</span> 
     </span>
     <span class='ocr_line' id='line_1_15' title="bbox 512 2138 1985 2255; baseline 0.007 -32"><span class='ocrx_word' id='word_1_110' title='bbox 512 2139 601 2224; x_wconf 88' lang='lat' dir='ltr'>liam</span> <span class='ocrx_word' id='word_1_111' title='bbox 631 2139 806 2255; x_wconf 86' lang='lat' dir='ltr'>progredi</span> <span class='ocrx_word' id='word_1_112' title='bbox 837 2138 1079 2226; x_wconf 84' lang='lat' dir='ltr'>Almirallium</span> <span class='ocrx_word' id='word_1_113' title='bbox 1094 2145 1220 2255; x_wconf 83' lang='lat' dir='ltr'>jubet3</span> <span class='ocrx_word' id='word_1_114' title='bbox 1268 2167 1439 2250; x_wconf 84' lang='lat' dir='ltr'>proceres</span> <span class='ocrx_word' id='word_1_115' title='bbox 1471 2171 1511 2226; x_wconf 84' lang='lat' dir='ltr'>se</span> <span class='ocrx_word' id='word_1_116' title='bbox 1552 2142 1650 2228; x_wconf 83' lang='lat' dir='ltr'>duce</span> <span class='ocrx_word' id='word_1_117' title='bbox 1680 2144 1731 2228; x_wconf 82' lang='lat' dir='ltr'>ad</span> <span class='ocrx_word' id='word_1_118' title='bbox 1762 2139 1903 2228; x_wconf 88' lang='lat' dir='ltr'>bellum</span> <span class='ocrx_word' id='word_1_119' title='bbox 1947 2145 1985 2230; x_wconf 86' lang='lat' dir='ltr'>in</span> 
     </span>
     <span class='ocr_line' id='line_1_16' title="bbox 512 2257 1936 2377; baseline 0.001 -34"><span class='ocrx_word' id='word_1_120' title='bbox 512 2260 670 2372; x_wconf 87' lang='lat' dir='ltr'>Prosper</span> <span class='ocrx_word' id='word_1_121' title='bbox 694 2257 883 2341; x_wconf 89' lang='lat' dir='ltr'>Columna</span> <span class='ocrx_word' id='word_1_122' title='bbox 916 2287 1076 2345; x_wconf 92' lang='lat' dir='ltr'>numero</span> <span class='ocrx_word' id='word_1_123' title='bbox 1123 2262 1219 2348; x_wconf 87' lang='lat' dir='ltr'>mili-</span> <span class='ocrx_word' id='word_1_124' title='bbox 1269 2257 1434 2343; x_wconf 88' lang='lat' dir='ltr'>Galliam</span> <span class='ocrx_word' id='word_1_125' title='bbox 1461 2261 1671 2377; x_wconf 87' lang='lat' dir='ltr'>gerendum</span> <span class='ocrx_word' id='word_1_126' title='bbox 1703 2260 1936 2346; x_wconf 87' lang='lat' dir='ltr'>cohortatur.</span> 
     </span>
     <span class='ocr_line' id='line_1_17' title="bbox 510 2369 1981 2490; baseline 0.001 -29"><span class='ocrx_word' id='word_1_127' title='bbox 510 2398 595 2461; x_wconf 91' lang='lat' dir='ltr'>tum</span> <span class='ocrx_word' id='word_1_128' title='bbox 630 2374 743 2490; x_wconf 91' lang='lat' dir='ltr'>longe</span> <span class='ocrx_word' id='word_1_129' title='bbox 764 2369 920 2457; x_wconf 84' lang='lat' dir='ltr'>‘inferior</span> <span class='ocrx_word' id='word_1_130' title='bbox 957 2378 1220 2466; x_wconf 83' lang='lat' dir='ltr'>Mediolanum</span> <span class='ocrx_word' id='word_1_131' title='bbox 1345 2377 1433 2462; x_wconf 89' lang='lat' dir='ltr'>Vll.</span> <span class='ocrx_word' id='word_1_132' title='bbox 1508 2379 1692 2465; x_wconf 86' lang='lat' dir='ltr'>Castellae</span> <span class='ocrx_word' id='word_1_133' title='bbox 1742 2377 1981 2464; x_wconf 90' lang='lat' dir='ltr'>Comestabili</span> 
     </span>
     <span class='ocr_line' id='line_1_18' title="bbox 514 2491 1982 2613; baseline 0.003 -36"><span class='ocrx_word' id='word_1_134' title='bbox 514 2521 554 2577; x_wconf 87' lang='lat' dir='ltr'>se</span> <span class='ocrx_word' id='word_1_135' title='bbox 576 2492 743 2606; x_wconf 90' lang='lat' dir='ltr'>recipit,</span> <span class='ocrx_word' id='word_1_136' title='bbox 791 2491 903 2605; x_wconf 91' lang='lat' dir='ltr'>Papia</span> <span class='ocrx_word' id='word_1_137' title='bbox 954 2497 1221 2613; x_wconf 88' lang='lat' dir='ltr'>Cremonaque</span> <span class='ocrx_word' id='word_1_138' title='bbox 1269 2491 1411 2606; x_wconf 86' lang='lat' dir='ltr'>imperii</span> <span class='ocrx_word' id='word_1_139' title='bbox 1442 2525 1587 2580; x_wconf 91' lang='lat' dir='ltr'>summa</span> <span class='ocrx_word' id='word_1_140' title='bbox 1610 2495 1775 2596; x_wconf 86' lang='lat' dir='ltr'>tradita,</span> <span class='ocrx_word' id='word_1_141' title='bbox 1792 2497 1982 2582; x_wconf 85' lang='lat' dir='ltr'>Monleo-</span> 
     </span>
     <span class='ocr_line' id='line_1_19' title="bbox 514 2605 1985 2722; baseline 0.003 -27"><span class='ocrx_word' id='word_1_142' title='bbox 514 2609 641 2696; x_wconf 89' lang='lat' dir='ltr'>valido</span> <span class='ocrx_word' id='word_1_143' title='bbox 667 2607 847 2722; x_wconf 90' lang='lat' dir='ltr'>praesidio</span> <span class='ocrx_word' id='word_1_144' title='bbox 870 2605 1041 2696; x_wconf 85' lang='lat' dir='ltr'>firmatis.</span> <span class='ocrx_word' id='word_1_145' title='bbox 1269 2637 1358 2694; x_wconf 91' lang='lat' dir='ltr'>nem</span> <span class='ocrx_word' id='word_1_146' title='bbox 1385 2635 1424 2698; x_wconf 89' lang='lat' dir='ltr'>et</span> <span class='ocrx_word' id='word_1_147' title='bbox 1454 2613 1700 2701; x_wconf 82' lang='lat' dir='ltr'>Salvaterram</span> <span class='ocrx_word' id='word_1_148' title='bbox 1726 2614 1777 2700; x_wconf 81' lang='lat' dir='ltr'>ad</span> <span class='ocrx_word' id='word_1_149' title='bbox 1805 2615 1985 2700; x_wconf 86' lang='lat' dir='ltr'>deditio·</span> 
     </span>
     <span class='ocr_line' id='line_1_20' title="bbox 573 2723 1985 2847; baseline 0.008 -39"><span class='ocrx_word' id='word_1_150' title='bbox 573 2729 632 2808; x_wconf 85' lang='grc' dir='ltr'><strong>ΙΙΙ.</strong></span> <span class='ocrx_word' id='word_1_151' title='bbox 692 2723 913 2809; x_wconf 90' lang='lat' dir='ltr'>Almirallius</span> <span class='ocrx_word' id='word_1_152' title='bbox 929 2727 1022 2813; x_wconf 94' lang='lat' dir='ltr'>dum</span> <span class='ocrx_word' id='word_1_153' title='bbox 1038 2734 1222 2820; x_wconf 88' lang='lat' dir='ltr'>exereitus</span> <span class='ocrx_word' id='word_1_154' title='bbox 1269 2755 1359 2812; x_wconf 92' lang='lat' dir='ltr'>nem</span> <span class='ocrx_word' id='word_1_155' title='bbox 1383 2729 1572 2846; x_wconf 86' lang='lat' dir='ltr'>compellit</span> <span class='ocrx_word' id='word_1_156' title='bbox 1599 2794 1612 2838; x_wconf 97' lang='lat'>,</span> <span class='ocrx_word' id='word_1_157' title='bbox 1644 2759 1688 2816; x_wconf 90' lang='lat' dir='ltr'>ae</span> <span class='ocrx_word' id='word_1_158' title='bbox 1716 2755 1838 2817; x_wconf 89' lang='lat' dir='ltr'>totam</span> <span class='ocrx_word' id='word_1_159' title='bbox 1866 2734 1985 2847; x_wconf 89' lang='lat' dir='ltr'>Aqui·</span> 
     </span>
     <span class='ocr_line' id='line_1_21' title="bbox 516 2842 1983 2967; baseline 0.006 -41"><span class='ocrx_word' id='word_1_160' title='bbox 516 2867 660 2958; x_wconf 86' lang='lat' dir='ltr'>pattem</span> <span class='ocrx_word' id='word_1_161' title='bbox 676 2842 866 2956; x_wconf 90' lang='lat' dir='ltr'>opperitur</span> <span class='ocrx_word' id='word_1_162' title='bbox 884 2905 896 2949; x_wconf 96' lang='lat'>,</span> <span class='ocrx_word' id='word_1_163' title='bbox 917 2843 969 2928; x_wconf 91' lang='lat' dir='ltr'>rei</span> <span class='ocrx_word' id='word_1_164' title='bbox 984 2848 1080 2935; x_wconf 91' lang='lat' dir='ltr'>bene</span> <span class='ocrx_word' id='word_1_165' title='bbox 1096 2880 1224 2967; x_wconf 90' lang='lat' dir='ltr'>geren·</span> <span class='ocrx_word' id='word_1_166' title='bbox 1270 2847 1411 2932; x_wconf 87' lang='lat' dir='ltr'>taniam</span> <span class='ocrx_word' id='word_1_167' title='bbox 1443 2877 1587 2967; x_wconf 87' lang='lat' dir='ltr'>magno</span> <span class='ocrx_word' id='word_1_168' title='bbox 1603 2874 1758 2936; x_wconf 66' lang='lat' dir='ltr'>vterrore</span> <span class='ocrx_word' id='word_1_169' title='bbox 1789 2852 1983 2935; x_wconf 87' lang='lat' dir='ltr'>concutit.</span> 
     </span>
     <span class='ocr_line' id='line_1_22' title="bbox 515 2960 1988 3084; baseline 0.001 -36"><span class='ocrx_word' id='word_1_170' title='bbox 515 2961 587 3048; x_wconf 88' lang='lat' dir='ltr'>dae</span> <span class='ocrx_word' id='word_1_171' title='bbox 617 2960 850 3046; x_wconf 87' lang='lat' dir='ltr'>occasionem</span> <span class='ocrx_word' id='word_1_172' title='bbox 887 2963 1040 3050; x_wconf 90' lang='lat' dir='ltr'>amittit.</span> <span class='ocrx_word' id='word_1_173' title='bbox 1090 2974 1224 3084; x_wconf 89' lang='lat' dir='ltr'>ltaque</span> <span class='ocrx_word' id='word_1_174' title='bbox 1271 2961 1452 3067; x_wconf 87' lang='lat' dir='ltr'>Ceterum</span> <span class='ocrx_word' id='word_1_175' title='bbox 1502 2963 1776 3082; x_wconf 88' lang='lat' dir='ltr'>praefectorum</span> <span class='ocrx_word' id='word_1_176' title='bbox 1850 2991 1988 3053; x_wconf 87' lang='lat' dir='ltr'>coacto</span> 
     </span>
     <span class='ocr_line' id='line_1_23' title="bbox 514 3075 1988 3193; baseline 0.006 -34"><span class='ocrx_word' id='word_1_177' title='bbox 514 3079 638 3164; x_wconf 85' lang='lat' dir='ltr'>castris</span> <span class='ocrx_word' id='word_1_178' title='bbox 680 3108 798 3193; x_wconf 87' lang='lat' dir='ltr'>prope</span> <span class='ocrx_word' id='word_1_179' title='bbox 829 3075 1092 3168; x_wconf 86' lang='lat' dir='ltr'>Mediolanum</span> <span class='ocrx_word' id='word_1_180' title='bbox 1125 3089 1223 3174; x_wconf 82' lang='lat' dir='ltr'>urbis</span> <span class='ocrx_word' id='word_1_181' title='bbox 1270 3084 1428 3169; x_wconf 90' lang='lat' dir='ltr'>concilio</span> <span class='ocrx_word' id='word_1_182' title='bbox 1477 3085 1528 3169; x_wconf 88' lang='lat' dir='ltr'>dc</span> <span class='ocrx_word' id='word_1_183' title='bbox 1565 3084 1758 3170; x_wconf 92' lang='lat' dir='ltr'>communi</span> <span class='ocrx_word' id='word_1_184' title='bbox 1804 3087 1988 3170; x_wconf 88' lang='lat' dir='ltr'>sententia</span> 
     </span>
     <span class='ocr_line' id='line_1_24' title="bbox 518 3197 1991 3318; baseline 0.003 -37"><span class='ocrx_word' id='word_1_185' title='bbox 518 3197 799 3313; x_wconf 88' lang='lat' dir='ltr'>oppugnandae</span> <span class='ocrx_word' id='word_1_186' title='bbox 815 3197 956 3313; x_wconf 89' lang='lat' dir='ltr'>gratiae</span> <span class='ocrx_word' id='word_1_187' title='bbox 970 3202 1222 3313; x_wconf 87' lang='lat' dir='ltr'>positis,Lau-</span> <span class='ocrx_word' id='word_1_188' title='bbox 1270 3225 1423 3314; x_wconf 89' lang='lat' dir='ltr'>propter</span> <span class='ocrx_word' id='word_1_189' title='bbox 1453 3204 1543 3288; x_wconf 90' lang='lat' dir='ltr'>anni</span> <span class='ocrx_word' id='word_1_190' title='bbox 1576 3228 1724 3318; x_wconf 91' lang='lat' dir='ltr'>tempus</span> <span class='ocrx_word' id='word_1_191' title='bbox 1753 3201 1914 3286; x_wconf 86' lang='lat' dir='ltr'>maxime</span> <span class='ocrx_word' id='word_1_192' title='bbox 1931 3204 1991 3286; x_wconf 91' lang='lat' dir='ltr'>ad·</span> 
     </span>
     <span class='ocr_line' id='line_1_25' title="bbox 516 3315 1987 3438; baseline 0.005 -39"><span class='ocrx_word' id='word_1_193' title='bbox 516 3315 607 3399; x_wconf 89' lang='lat' dir='ltr'>dem</span> <span class='ocrx_word' id='word_1_194' title='bbox 638 3315 854 3430; x_wconf 74' lang='lat' dir='ltr'>Pompeiam</span> <span class='ocrx_word' id='word_1_195' title='bbox 885 3340 925 3401; x_wconf 89' lang='lat' dir='ltr'>et</span> <span class='ocrx_word' id='word_1_196' title='bbox 963 3319 1225 3410; x_wconf 84' lang='lat' dir='ltr'>Alexandriam</span> <span class='ocrx_word' id='word_1_197' title='bbox 1269 3346 1420 3404; x_wconf 86' lang='lat' dir='ltr'>versum</span> <span class='ocrx_word' id='word_1_198' title='bbox 1434 3320 1501 3405; x_wconf 92' lang='lat' dir='ltr'>iter</span> <span class='ocrx_word' id='word_1_199' title='bbox 1517 3343 1709 3438; x_wconf 87' lang='lat' dir='ltr'>retorquet</span> <span class='ocrx_word' id='word_1_200' title='bbox 1736 3321 1788 3406; x_wconf 90' lang='lat' dir='ltr'>ad</span> <span class='ocrx_word' id='word_1_201' title='bbox 1810 3323 1987 3406; x_wconf 74' lang='lat' dir='ltr'>Pontem</span> 
     </span>
     <span class='ocr_line' id='line_1_26' title="bbox 414 3431 1764 3557; baseline 0.006 -42"><span class='ocrx_word' id='word_1_202' title='bbox 414 3487 416 3490; x_wconf 94' lang='lat'>-</span> <span class='ocrx_word' id='word_1_203' title='bbox 517 3461 583 3546; x_wconf 90' lang='lat' dir='ltr'>per</span> <span class='ocrx_word' id='word_1_204' title='bbox 606 3435 757 3517; x_wconf 88' lang='lat' dir='ltr'>Petrum</span> <span class='ocrx_word' id='word_1_205' title='bbox 792 3431 994 3545; x_wconf 71' lang='lat' dir='ltr'>baiardum</span> <span class='ocrx_word' id='word_1_206' title='bbox 1036 3467 1222 3557; x_wconf 85' lang='lat' dir='ltr'>occupat,</span> <span class='ocrx_word' id='word_1_207' title='bbox 1271 3436 1412 3522; x_wconf 88' lang='lat' dir='ltr'>tabiam</span> <span class='ocrx_word' id='word_1_208' title='bbox 1437 3441 1764 3556; x_wconf 89' lang='lat' dir='ltr'>oppugnandam.</span> 
     </span>
     <span class='ocr_line' id='line_1_27' title="bbox 514 3553 1988 3675; baseline 0.007 -41"><span class='ocrx_word' id='word_1_209' title='bbox 514 3553 822 3666; x_wconf 85' lang='lat' dir='ltr'>Cremonamque</span> <span class='ocrx_word' id='word_1_210' title='bbox 871 3583 1112 3671; x_wconf 72' lang='lat' dir='ltr'>oppugnat,</span> <span class='ocrx_word' id='word_1_211' title='bbox 1158 3563 1224 3675; x_wconf 62' lang='lat' dir='ltr'>ped</span> <span class='ocrx_word' id='word_1_212' title='bbox 1352 3556 1455 3639; x_wconf 95' lang='lat' dir='ltr'>Vlll.</span> <span class='ocrx_word' id='word_1_213' title='bbox 1542 3555 1798 3643; x_wconf 85' lang='lat' dir='ltr'>Comestabilis</span> <span class='ocrx_word' id='word_1_214' title='bbox 1856 3556 1988 3674; x_wconf 87' lang='lat' dir='ltr'>itaque</span> 
     </span>
     <span class='ocr_line' id='line_1_28' title="bbox 516 3667 1989 3791; baseline 0.003 -38"><span class='ocrx_word' id='word_1_215' title='bbox 516 3667 709 3783; x_wconf 86' lang='lat' dir='ltr'>desperata</span> <span class='ocrx_word' id='word_1_216' title='bbox 737 3673 1012 3786; x_wconf 87' lang='lat' dir='ltr'>expugnatione</span> <span class='ocrx_word' id='word_1_217' title='bbox 1053 3707 1139 3762; x_wconf 88' lang='lat' dir='ltr'>suos</span> <span class='ocrx_word' id='word_1_218' title='bbox 1177 3678 1227 3763; x_wconf 90' lang='lat' dir='ltr'>in-</span> <span class='ocrx_word' id='word_1_219' title='bbox 1271 3673 1571 3761; x_wconf 87' lang='lat' dir='ltr'>Fontemrabiam</span> <span class='ocrx_word' id='word_1_220' title='bbox 1600 3675 1794 3764; x_wconf 88' lang='lat' dir='ltr'>tormentis</span> <span class='ocrx_word' id='word_1_221' title='bbox 1828 3701 1989 3791; x_wconf 86' lang='lat' dir='ltr'>quatere</span> 
     </span>
     <span class='ocr_line' id='line_1_29' title="bbox 517 3787 1993 3908; baseline 0.005 -38"><span class='ocrx_word' id='word_1_222' title='bbox 517 3787 566 3870; x_wconf 93' lang='lat' dir='ltr'>de</span> <span class='ocrx_word' id='word_1_223' title='bbox 598 3811 732 3876; x_wconf 90' lang='lat' dir='ltr'>evocat</span> <span class='ocrx_word' id='word_1_224' title='bbox 761 3789 810 3874; x_wconf 93' lang='lat' dir='ltr'>ad</span> <span class='ocrx_word' id='word_1_225' title='bbox 841 3789 1051 3876; x_wconf 87' lang='lat' dir='ltr'>Mediolani</span> <span class='ocrx_word' id='word_1_226' title='bbox 1065 3796 1225 3883; x_wconf 83' lang='lat' dir='ltr'>obsidio</span> <span class='ocrx_word' id='word_1_227' title='bbox 1273 3793 1488 3908; x_wconf 87' lang='lat' dir='ltr'>aggreditur</span> <span class='ocrx_word' id='word_1_228' title='bbox 1554 3795 1622 3880; x_wconf 91' lang='lat' dir='ltr'>sub</span> <span class='ocrx_word' id='word_1_229' title='bbox 1691 3794 1837 3878; x_wconf 87' lang='lat' dir='ltr'>initium</span> <span class='ocrx_word' id='word_1_230' title='bbox 1902 3792 1993 3878; x_wconf 86' lang='lat' dir='ltr'>anni</span> 
     </span>
     <span class='ocr_line' id='line_1_30' title="bbox 517 3907 1992 4029; baseline 0.007 -44"><span class='ocrx_word' id='word_1_231' title='bbox 517 3929 606 3986; x_wconf 91' lang='lat' dir='ltr'>nem</span> <span class='ocrx_word' id='word_1_232' title='bbox 635 3907 868 4021; x_wconf 86' lang='lat' dir='ltr'>urgendam.</span> <span class='ocrx_word' id='word_1_233' title='bbox 1273 3943 1448 3994; x_wconf 60' lang='lat' dir='ltr'>mdxxxv.</span> <span class='ocrx_word' id='word_1_234' title='bbox 1487 3912 1638 4029; x_wconf 90' lang='lat' dir='ltr'>Magnis</span> <span class='ocrx_word' id='word_1_235' title='bbox 1668 3911 1799 4026; x_wconf 90' lang='lat' dir='ltr'>pluviis</span> <span class='ocrx_word' id='word_1_236' title='bbox 1831 3935 1870 3996; x_wconf 88' lang='lat' dir='ltr'>et</span> <span class='ocrx_word' id='word_1_237' title='bbox 1905 3941 1992 4025; x_wconf 81' lang='lat' dir='ltr'>pto</span> 
     </span>
     <span class='ocr_line' id='line_1_31' title="bbox 575 4021 1994 4143; baseline 0.006 -41"><span class='ocrx_word' id='word_1_238' title='bbox 575 4021 642 4102; x_wconf 87' lang='lat' dir='ltr'>IV.</span> <span class='ocrx_word' id='word_1_239' title='bbox 702 4025 916 4109; x_wconf 85' lang='lat' dir='ltr'>Fernandus</span> <span class='ocrx_word' id='word_1_240' title='bbox 957 4025 1095 4114; x_wconf 89' lang='lat' dir='ltr'>Alatco</span> <span class='ocrx_word' id='word_1_241' title='bbox 1143 4032 1224 4116; x_wconf 90' lang='lat' dir='ltr'>Me·</span> <span class='ocrx_word' id='word_1_242' title='bbox 1273 4028 1413 4113; x_wconf 89' lang='lat' dir='ltr'>cellosis</span> <span class='ocrx_word' id='word_1_243' title='bbox 1460 4030 1740 4143; x_wconf 87' lang='lat' dir='ltr'>tempestatibus</span> <span class='ocrx_word' id='word_1_244' title='bbox 1781 4029 1994 4114; x_wconf 84' lang='lat' dir='ltr'>consecutis</span> 
     </span>
     <span class='ocr_line' id='line_1_32' title="bbox 516 4129 1992 4267; baseline 0.004 -45"><span class='ocrx_word' id='word_1_245' title='bbox 516 4129 712 4222; x_wconf 85' lang='lat' dir='ltr'>&#39;diolmum</span> <span class='ocrx_word' id='word_1_246' title='bbox 737 4141 861 4245; x_wconf 86' lang='lat' dir='ltr'>venit,</span> <span class='ocrx_word' id='word_1_247' title='bbox 876 4168 918 4227; x_wconf 92' lang='lat' dir='ltr'>ut</span> <span class='ocrx_word' id='word_1_248' title='bbox 934 4143 973 4229; x_wconf 90' lang='lat' dir='ltr'>in</span> <span class='ocrx_word' id='word_1_249' title='bbox 996 4145 1124 4232; x_wconf 93' lang='lat' dir='ltr'>locum</span> <span class='ocrx_word' id='word_1_250' title='bbox 1148 4150 1224 4236; x_wconf 91' lang='lat' dir='ltr'>Pis-</span> <span class='ocrx_word' id='word_1_251' title='bbox 1274 4147 1479 4234; x_wconf 86' lang='lat' dir='ltr'>necessario</span> <span class='ocrx_word' id='word_1_252' title='bbox 1509 4145 1747 4267; x_wconf 90' lang='lat' dir='ltr'>oppugnatio</span> <span class='ocrx_word' id='word_1_253' title='bbox 1778 4145 1992 4259; x_wconf 87' lang='lat' dir='ltr'>aliquantu-</span> 
     </span>
     <span class='ocr_line' id='line_1_33' title="bbox 517 4256 1990 4367; baseline 0.005 -29"><span class='ocrx_word' id='word_1_254' title='bbox 517 4256 636 4340; x_wconf 89' lang='lat' dir='ltr'>catiae</span> <span class='ocrx_word' id='word_1_255' title='bbox 717 4258 945 4344; x_wconf 88' lang='lat' dir='ltr'>Marchionis</span> <span class='ocrx_word' id='word_1_256' title='bbox 1023 4268 1223 4354; x_wconf 90' lang='lat' dir='ltr'>succedat.</span> <span class='ocrx_word' id='word_1_257' title='bbox 1273 4263 1353 4348; x_wconf 94' lang='lat' dir='ltr'>lum</span> <span class='ocrx_word' id='word_1_258' title='bbox 1383 4267 1658 4353; x_wconf 85' lang='lat' dir='ltr'>intermittitur.</span> <span class='ocrx_word' id='word_1_259' title='bbox 1694 4269 1829 4350; x_wconf 84' lang='lat' dir='ltr'>Caesar</span> <span class='ocrx_word' id='word_1_260' title='bbox 1864 4265 1990 4367; x_wconf 85' lang='lat' dir='ltr'>citius,</span> 
     </span>
     <span class='ocr_line' id='line_1_34' title="bbox 514 4371 1987 4500; baseline 0.005 -44"><span class='ocrx_word' id='word_1_261' title='bbox 514 4371 572 4456; x_wconf 85' lang='lat' dir='ltr'>llli</span> <span class='ocrx_word' id='word_1_262' title='bbox 607 4376 797 4459; x_wconf 92' lang='lat' dir='ltr'>Columna</span> <span class='ocrx_word' id='word_1_263' title='bbox 825 4377 984 4494; x_wconf 87' lang='lat' dir='ltr'>graviter</span> <span class='ocrx_word' id='word_1_264' title='bbox 1027 4411 1225 4500; x_wconf 84' lang='lat' dir='ltr'>aegrotans</span> <span class='ocrx_word' id='word_1_265' title='bbox 1274 4413 1372 4498; x_wconf 85' lang='lat' dir='ltr'>quae</span> <span class='ocrx_word' id='word_1_266' title='bbox 1397 4385 1485 4472; x_wconf 84' lang='lat' dir='ltr'>visa</span> <span class='ocrx_word' id='word_1_267' title='bbox 1499 4385 1595 4491; x_wconf 89' lang='lat' dir='ltr'>sint,</span> <span class='ocrx_word' id='word_1_268' title='bbox 1628 4385 1843 4499; x_wconf 88' lang='lat' dir='ltr'>provisurus</span> <span class='ocrx_word' id='word_1_269' title='bbox 1856 4381 1987 4465; x_wconf 89' lang='lat' dir='ltr'>Victo·</span> 
     </span>
     <span class='ocr_line' id='line_1_35' title="bbox 519 4493 1783 4606; baseline 0.008 -34"><span class='ocrx_word' id='word_1_270' title='bbox 519 4517 704 4574; x_wconf 90' lang='lat' dir='ltr'>summam</span> <span class='ocrx_word' id='word_1_271' title='bbox 729 4493 866 4606; x_wconf 91' lang='lat' dir='ltr'>imperii</span> <span class='ocrx_word' id='word_1_272' title='bbox 896 4496 1029 4604; x_wconf 81' lang='lat' dir='ltr'>tradit.</span> <span class='ocrx_word' id='word_1_273' title='bbox 1056 4503 1226 4587; x_wconf 87' lang='lat' dir='ltr'>Almiral-</span> <span class='ocrx_word' id='word_1_274' title='bbox 1275 4505 1367 4586; x_wconf 86' lang='lat' dir='ltr'>riam</span> <span class='ocrx_word' id='word_1_275' title='bbox 1399 4506 1532 4587; x_wconf 92' lang='lat' dir='ltr'>urbem</span> <span class='ocrx_word' id='word_1_276' title='bbox 1562 4503 1783 4587; x_wconf 88' lang='lat' dir='ltr'>contendit.</span> 
     </span>
     <span class='ocr_line' id='line_1_36' title="bbox 519 4605 1990 4722; baseline 0.007 -33"><span class='ocrx_word' id='word_1_277' title='bbox 519 4605 634 4690; x_wconf 90' lang='lat' dir='ltr'>liusin</span> <span class='ocrx_word' id='word_1_278' title='bbox 658 4608 825 4722; x_wconf 90' lang='lat' dir='ltr'>hyberna</span> <span class='ocrx_word' id='word_1_279' title='bbox 841 4639 1043 4700; x_wconf 91' lang='lat' dir='ltr'>secessurus</span> <span class='ocrx_word' id='word_1_280' title='bbox 1061 4620 1226 4705; x_wconf 92' lang='lat' dir='ltr'>duorum</span> <span class='ocrx_word' id='word_1_281' title='bbox 1276 4653 1281 4664; x_wconf 91' lang='lat'><strong>·</strong></span> <span class='ocrx_word' id='word_1_282' title='bbox 1335 4624 1402 4700; x_wconf 91' lang='lat' dir='ltr'>lX.</span> <span class='ocrx_word' id='word_1_283' title='bbox 1464 4625 1533 4701; x_wconf 87' lang='lat' dir='ltr'>Per</span> <span class='ocrx_word' id='word_1_284' title='bbox 1559 4620 1727 4703; x_wconf 89' lang='lat' dir='ltr'>occultos</span> <span class='ocrx_word' id='word_1_285' title='bbox 1743 4618 1895 4702; x_wconf 89' lang='lat' dir='ltr'>nuntios</span> <span class='ocrx_word' id='word_1_286' title='bbox 1911 4619 1990 4700; x_wconf 87' lang='lat' dir='ltr'>Co·</span> 
     </span>
     <span class='ocr_line' id='line_1_37' title="bbox 522 4726 1989 4853; baseline 0.005 -44"><span class='ocrx_word' id='word_1_287' title='bbox 522 4726 703 4812; x_wconf 90' lang='lat' dir='ltr'>mensium</span> <span class='ocrx_word' id='word_1_288' title='bbox 724 4728 887 4814; x_wconf 90' lang='lat' dir='ltr'>inducias</span> <span class='ocrx_word' id='word_1_289' title='bbox 906 4731 1019 4845; x_wconf 90' lang='lat' dir='ltr'>petit.</span> <span class='ocrx_word' id='word_1_290' title='bbox 1277 4735 1469 4819; x_wconf 88' lang='lat' dir='ltr'>mestabilis</span> <span class='ocrx_word' id='word_1_291' title='bbox 1511 4737 1589 4853; x_wconf 89' lang='lat' dir='ltr'>agit</span> <span class='ocrx_word' id='word_1_292' title='bbox 1620 4765 1707 4820; x_wconf 92' lang='lat' dir='ltr'>cum</span> <span class='ocrx_word' id='word_1_293' title='bbox 1752 4742 1866 4820; x_wconf 86' lang='lat' dir='ltr'>Petro</span> <span class='ocrx_word' id='word_1_294' title='bbox 1908 4741 1989 4818; x_wconf 87' lang='lat' dir='ltr'>Na·</span> 
     </span>
     <span class='ocr_line' id='line_1_38' title="bbox 592 4847 1988 4966; baseline 0.004 -37"><span class='ocrx_word' id='word_1_295' title='bbox 592 4847 642 4930; x_wconf 92' lang='lat' dir='ltr'>V.</span> <span class='ocrx_word' id='word_1_296' title='bbox 715 4849 860 4962; x_wconf 91' lang='lat' dir='ltr'>Legatis</span> <span class='ocrx_word' id='word_1_297' title='bbox 902 4851 1075 4966; x_wconf 90' lang='lat' dir='ltr'>utrinque</span> <span class='ocrx_word' id='word_1_298' title='bbox 1117 4853 1227 4940; x_wconf 89' lang='lat' dir='ltr'>missis</span> <span class='ocrx_word' id='word_1_299' title='bbox 1278 4880 1409 4940; x_wconf 84' lang='lat' dir='ltr'>varrue</span> <span class='ocrx_word' id='word_1_300' title='bbox 1436 4855 1637 4941; x_wconf 87' lang='lat' dir='ltr'>Mariscalis</span> <span class='ocrx_word' id='word_1_301' title='bbox 1667 4852 1769 4960; x_wconf 87' lang='lat' dir='ltr'>lilio,</span> <span class='ocrx_word' id='word_1_302' title='bbox 1798 4849 1988 4939; x_wconf 70' lang='lat' dir='ltr'>ut&#39;auctot</span> 
     </span>
    </p>
   </div>
   <div class='ocr_carea' id='block_1_3' title="bbox 1877 4966 2001 5052">
    <p class='ocr_par' dir='ltr' id='par_1_3' title="bbox 1877 4966 2001 5052">
     <span class='ocr_line' id='line_1_39' title="bbox 1877 4966 2001 5052; baseline -0.008 0"><span class='ocrx_word' id='word_1_303' title='bbox 1877 4971 1881 4976; x_wconf 76' lang='grc'><strong>’</strong></span> <span class='ocrx_word' id='word_1_304' title='bbox 1933 4966 2001 5052; x_wconf 87' lang='lat' dir='ltr'>fiat</span> 
     </span>
    </p>
   </div>
   <div class='ocr_carea' id='block_1_4' title="bbox 0 0 2156 5984">
    <p class='ocr_par' dir='ltr' id='par_1_4' title="bbox 0 0 2156 5984">
     <span class='ocr_line' id='line_1_40' title="bbox 0 0 2156 5984; baseline 0 0"><span class='ocrx_word' id='word_1_305' title='bbox 0 0 2156 5984; x_wconf 95' lang='lat' dir='ltr'> </span> 
     </span>
    </p>
   </div>
  </div>
 </body>
</html>
