4368 5984
684 393 802 466 VITA
829 395 894 466 ET
920 391 1135 472 SCRIPTA.
1489 404 1614 474 Lxxt.

187 517 456 637 .'depror'ntos,
482 520 597 607 duee
617 546 755 634 graeco
788 518 828 604 in
856 518 1013 604 latinum
1037 549 1169 606 versos
1185 579 1197 626 ,
1215 521 1408 606 Romanas
1439 523 1645 640 disputatio

204 668 267 724 nes
298 700 312 746 ,
338 639 477 754 quibus
507 638 708 723 triennium
738 660 778 722 et
810 664 859 722 co
893 638 1078 753 amplius,
1116 638 1313 724 Clemente
1349 641 1530 728 Pontifiee
1565 675 1645 760 spe·

200 781 329 842 ctarne
357 785 403 840 ac
427 756 522 843 inter
546 779 585 840 et
616 779 702 870 post
732 753 886 870 prandia
907 755 1060 864 sobria,
1090 786 1202 872 supra
1231 785 1347 871 quam
1372 759 1473 846 credi
1498 788 1640 876 potest·

197 873 348 960 intento
372 873 501 960 animo
527 874 703 960 audiente
718 934 744 978 ,.
761 871 962 988 perutiliter
1006 904 1045 960 se
1073 875 1265 978 exercuit,
1293 905 1381 960 cum
1413 879 1463 963 eis
1486 877 1641 966 interes·

198 1016 282 1079 sent
308 991 479 1109 theologi
504 1017 545 1077 et
569 990 782 1106 philosophi
814 989 874 1074 illa
913 1016 1034 1079 aetate
1065 993 1297 1080 doctissimi:
1330 993 1433 1105 cujus
1457 996 1529 1080 loci
1561 1028 1638 1085 ma·

196 1109 333 1222 jesus,
366 1134 406 1196 et
432 1130 618 1224 praestans
633 1109 930 1195 concertantium
947 1111 1118 1198 doctrina
1149 1111 1335 1196 neminem
1362 1114 1399 1195 in
1428 1115 1554 1200 studiis
1578 1148 1639 1203 so·

195 1228 353 1313 cordem
383 1252 451 1314 aut
479 1227 732 1345 negligentem
759 1255 837 1312 esse
866 1229 1088 1342 patiebatur.
1131 1234 1297 1315 Demum
1329 1255 1530 1346 postquam
1558 1235 1637 1320 cla·

192 1373 328 1431 torum
355 1345 526 1432 virorum
559 1346 705 1431 desub
736 1343 1052 1434 lucubrationibus
1092 1347 1225 1461 iudicia
1253 1349 1524 1460 subjunxisset,
1557 1381 1636 1438 rur·

194 1493 254 1548 sus
287 1464 327 1548 in
357 1466 511 1549 Canum
543 1463 722 1582 insurgit:
753 1465 840 1568 Tu,
866 1463 1018 1580 inquit,
1049 1472 1085 1550 si
1116 1493 1220 1573 quem
1254 1478 1547 1577 opportuniorem
1574 1479 1636 1552 in-

181 1583 315 1690 juriae
346 1599 479 1666 nactus
507 1590 586 1666 eris
610 1588 878 1691 ignorantiae,
906 1590 973 1666 vel
990 1590 1147 1666 alterius
1176 1590 1266 1668 muti
1293 1592 1516 1670 conscientia
1540 1609 1631 1695 pro·

178 1699 361 1809 fligutum
378 1758 393 1803 ,
421 1705 515 1807 bunc
527 1708 674 1810 poteris
698 1726 803 1782 vona
817 1707 899 1782 ista
909 1710 1073 1811 periculi
1088 1706 1357 1788 denuntiatione
1374 1764 1387 1808 ,
1418 1710 1455 1786 si
1481 1713 1557 1787 tuis
1573 1715 1631 1788 ira

191 1808 401 1902 rationibus
428 1826 652 1920 conveniat,
677 1826 858 1902 territare
879 1847 888 1902 :
920 1845 998 1928 ego·
1014 1825 1105 1926 quid
1132 1823 1329 1925 scribam,
1354 1828 1543 1928 intelligor
1564 1852 1630 1908 nec

187 1936 281 2018 midi
294 1964 376 2022 sum
396 1943 485 2018 mali
507 1939 717 2047 cujuspiam
733 1943 931 2041 conscius,
958 1941 1147 2042 quominus
1174 1945 1317 2048 possim
1341 1935 1546 2045 hujusmodi
1568 1968 1630 2024 ra·

181 2057 345 2146 lumnias
361 2068 587 2138 contemnere
590 2113 669 2138 ......
698 2078 738 2138 et
761 2053 876 2168 paulo
893 2077 1006 2168 post:
1040 2055 1202 2138 Tantum
1219 2063 1340 2163 igitur
1354 2059 1489 2160 obest,
1520 2075 1561 2140 ut
1575 2067 1627 2140 si·

185 2195 231 2254 ne
248 2197 365 2254 conso
379 2175 606 2256 metuendum
626 2185 777 2280 putem,
801 2187 842 2255 ut
852 2167 944 2275 fore
954 2181 1084 2280 potius
1108 2193 1281 2283 sperem,
1306 2188 1347 2256 ut
1364 2181 1400 2256 si
1426 2179 1523 2280 quod
1537 2178 1629 2268 mibi

183 2308 326 2397 anceps
349 2291 534 2394 valum,
555 2308 622 2372 out
639 2292 779 2374 dictum
802 2292 1017 2394 exciderit,
1040 2293 1108 2374 hoc
1132 2300 1171 2374 iu
1196 2298 1381 2374 meliorem
1408 2279 1628 2398 porteru'ab

187 2417 321 2512 aequis
336 2409 528 2515 judicibus
550 2415 795 2516 accipiatur,
821 2420 931 2512 atque
945 2415 1045 2515 ipsis
1073 2414 1271 2518 inprimis
1299 2414 1508 2516 impietatis
1532 2411 1623 2491 hae·

183 2531 328 2608 rericne
350 2528 592 2632 vindicibus3
622 2527 751 2609 borum
766 2531 860 2607 enim
879 2526 972 2606 mili
994 2537 1235 2611 severitatem
1262 2529 1410 2608 videris
1426 2535 1622 2610 intentare:

182 2667 275 2746 quos
290 2668 358 2750 ego
378 2647 523 2748 quidem
545 2649 790 2751 singulariter
818 2648 917 2738 coto,
944 2659 1149 2725 nontamen
1175 2657 1298 2746 metu,
1322 2645 1390 2724 sed
1413 2645 1624 2726 benevolen-

183 2767 273 2864 tia,
310 2767 448 2868 quippe
477 2767 675 2844 utilissime
701 2769 740 2842 in
777 2753 949 2843 catholici
971 2769 1105 2870 gregis
1133 2767 1337 2845 custodiam
1367 2762 1622 2848 excubantes:

182 2884 364 2960 nonenim
386 2892 472 2960 sunt
501 2886 628 2962 timori
655 2876 741 2962 boui
767 2884 920 2984 operis,
953 2882 1022 2960 sed
1051 2885 1167 2982 muli,
1200 2892 1242 2960 ut
1269 2885 1328 2962 uit
1342 2885 1493 2962 Paulus.

271 2999 440 3108 Accepta
467 2995 538 3079 hac
553 2993 735 3111 epistola,
762 2997 890 3078 Canus
915 2994 1136 3080 Salmantica
1162 2997 1263 3079 V111.
1296 2993 1385 3080 Kal.
1406 2997 1513 3082 Febr.
1542 2996 1625 3084 bre·

183 3139 272 3198 vem
299 3110 410 3195 aliam
425 3113 476 3196 ad
503 3137 674 3198 nostrum
691 3111 918 3215 transmisit,
946 3140 1023 3226 qua
1051 3143 1089 3197 se
1116 3135 1295 3218 excusat,
1324 3115 1528 3226 quominus
1557 3144 1624 3230 per

181 3227 448 3342 occupationes
472 3259 556 3315 suas
580 3256 658 3315 tarn
683 3225 865 3320 facundae
897 3230 1147 3345 copiosaeque
1169 3229 1248 3344 cius
1263 3229 1549 3344 expostulationi
1584 3233 1624 3317 li·

181 3370 283 3430 ceret
297 3344 526 3432 satisfacere:
558 3349 684 3450 Nom,
713 3371 758 3431 ut
781 3347 935 3460 ipsemet
951 3347 1033 3453 ait,
1059 3357 1133 3432 etsi
1160 3355 1251 3432 aliis
1266 3350 1432 3435 scribere
1448 3355 1543 3434 soleo
1559 3357 1626 3434 vel

183 3480 416 3572 occupatus,
445 3468 518 3547 tibi
541 3474 616 3550 viar
631 3467 744 3548 audeo
771 3473 999 3548 velotiosus.
1027 3465 1118 3552 Scio
1131 3474 1227 3550 enim
1244 3476 1441 3572 quamsint
1461 3485 1498 3552 et
1513 3471 1621 3555 docto
1671 3539 1672 3542 r

181 3597 218 3662 et
237 3586 430 3667 elaboratu
450 3609 693 3689 quaecumque
717 3585 868 3664 scribis.
883 3582 1185 3698 ¹Quarelintetim
1201 3585 1312 3670 enixis
1342 3586 1390 3672 ab
1420 3615 1469 3670 eo
1500 3586 1619 3698 preci-

182 3696 250 3784 bus
266 3699 385 3811 petit,
410 3723 453 3784 ut
469 3700 686 3813 opinionem
701 3727 842 3812 ,quarn
859 3695 952 3783 falsis
974 3700 1023 3785 ad
1040 3728 1128 3786 eum
1151 3701 1362 3788 rumoribus
1380 3702 1541 3787 delatam
1557 3732 1617 3787 se·

181 3817 254 3906 mel
283 3815 490 3921 induisset,
516 3817 694 3932 tantisper
709 3841 897 3921 exueret,
930 3817 1053 3903 donec
1084 3818 1176 3905 alter
1206 3820 1357 3905 nuntius
1389 3844 1616 3925 occurreret,

180 3933 245 4046 qui
272 3933 475 4018 secundam
496 3933 691 4047 epistolam
706 3961 831 4047 posset
852 3930 1006 4022 deferre.
1036 3938 1189 4022 Sextum
1219 3937 1374 4022 tandem
1402 3960 1487 4049 post
1512 3966 1619 4022 men·

179 4078 285 4154 sem,
304 4081 419 4163 quarn
448 4080 709 4164 responsurum
729 4080 766 4136 se
782 4055 909 4137 Canus
925 4053 1142 4166 promiserat
1159 4113 1173 4157 ‚
1194 4054 1243 4137 ad
1260 4053 1422 4165 priorem
1438 4053 1614 4169 Sepulve·

179 4167 252 4252 dae
275 4169 547 4281 querimoniam
571 4171 725 4285 longam
740 4169 877 4283 scripsit
892 4169 1087 4282 epistolam
1106 4227 1121 4273 ,
1138 4197 1215 4284 qua
1232 4169 1299 4256 viri
1316 4173 1619 4284 expostulationi-

179 4283 250 4368 bus
276 4310 318 4394 et
334 4285 562 4401 argumentis
584 4316 648 4400 per
680 4285 823 4400 singula
851 4289 971 4399 capita
992 4312 1151 4371 conatur
1180 4283 1398 4373 satisfacere.
1430 4290 1615 4405 Principio

176 4399 332 4516 quidem
356 4401 586 4516 Sepulvedue
606 4403 830 4516 exprobrat,
856 4403 964 4516 quod
979 4400 1051 4491 levi
1078 4403 1249 4520 quodam
1282 4433 1435 4491 rumore
1462 4436 1612 4520 permo-

176 4542 237 4602 tus
259 4521 473 4631 proximum
504 4551 613 4604 suum
630 4519 767 4606 indicta
782 4547 892 4606 causa
915 4518 1127 4625 damnarit,
1146 4550 1231 4608 cum
1252 4523 1299 4608 de
1327 4552 1376 4608 eo
1407 4524 1613 4614 honorifice

179 4663 323 4748 semper
348 4635 527 4746 senserit,
549 4637 768 4752 nullumque
787 4637 852 4723 sibi
883 4638 1037 4724 verbum
1061 4641 1234 4726 exciderit
1258 4641 1307 4726 de
1334 4642 1498 4728 editione
1530 4644 1612 4733 libri

182 4755 224 4883 de
233 4756 351 4860 justis
367 4757 451 4836 belli
475 4763 631 4860 causis,
662 4757 769 4870 quod
787 4757 823 4840 in
852 4756 1071 4842 deteriorem
1089 4783 1233 4872 partem
1265 4786 1389 4871 posset
1405 4761 1607 4878 detorque·

184 4894 243 4973 tr,
270 4871 335 4957 nisi
362 4872 470 4990 quod
500 4874 622 4961 minus
646 4901 693 4961 cx
718 4904 785 4961 usu
799 4875 1035 4992 evangelicae
1064 4876 1206 4991 pietatis
1235 4873 1363 4964 futura
1395 4878 1607 4986 videbatur.

1501 4999 1606 5080 Nam
