4294 5984
572 483 818 564 ennom
867 480 1580 578 u.r1n1v.137

157 682 328 752 novum
351 635 665 760 (1(1ειιιιιιι,1
635 680 670 739 s1
689 676 755 737 res
791 619 1033 778 posceret,l
1060 637 1285 761 revocari,
1321 641 1488 752 dimitti
1524 648 1622 788 pla-

156 796 281 913 cuit,
325 787 534 929 Hispanis
576 785 804 884 dumtaxat
845 785 1053 901 retentis,
1101 786 1183 922 qni
1223 788 1440 927 praesidio
1485 829 1621 894 essent

153 939 334 1041 urbibus
371 931 588 1071 receptis,
626 961 668 1028 et
703 965 846 1044 arces,
884 965 997 1068 quae
1046 925 1095 1024 in
1132 963 1349 1068 potestate
1391 935 1618 1040 Gallorum

152 1077 330 1185 relictae
365 1073 570 1193 fuerant,
608 1069 890 1172 obsiderent.
928 1082 1140 1172 Ceterum
1171 1081 1395 1210 Joannes
1406 1083 1618 1182 Emanuel

153 1222 306 1326 Caroli
342 1219 531 1320 Caesaris
573 1216 794 1358 legatus
813 1215 893 1354 qui
936 1225 1108 1317 Romae
1149 1213 1239 1318 hoc
1282 1257 1459 1325 munere
1502 1225 1620 1366 apud

153 1365 421 1470 Pontificem
456 1361 710 1460 Maximum
746 1351 1044 1498 fungebatur,
1087 1395 1131 1462 et
1171 1364 1356 1464 Carolus
1397 1377 1619 1504 Lanojus,

153 1512 239 1651 qui
276 1547 356 1648 pro
391 1517 516 1647 Rege
552 1542 647 1604 rem
693 1499 1041 1642 Neapolitanam
1082 1507 1428 1647 procurabat,
1417 1549 1532 1614 rnter
1576 1557 1620 1616 se

153 1653 406 1770 collocuti,
433 1647 714 1790 consiliisque
750 1646 1087 1747 communicatis
1105 1651 1383 1814 ,optimum
1414 1650 1529 1758 factu
1564 1701 1621 1758 es

153 1837 200 1896 se
230 1795 534 1914 constinrunt,
560 1830 611 1893 ut
642 1835 667 1892 a
698 1789 909 1950 populis
897 1790 1082 1911 Italicis,
1111 1790 1174 1893 ob
1202 1796 1479 1899 continuatas
1507 1812 1620 1902 Cae

156 1941 428 2040 tatianorum
459 1939 665 2038 uictorias
703 1933 962 2074 perterritis,
1000 1934 1173 2075 suisque
1208 1933 1338 2040 rebus
1377 1948 1618 2046 metuenti-

154 2081 267 2206 bus,
303 2119 348 2184 ct
384 2076 544 2222 quibus
582 2076 729 2179 Gallos
771 2075 941 2174 ltaliam
984 2075 1211 2234 prohiberi
1259 2079 1382 2185 bono
1424 2127 1510 2189 esse
1546 2089 1619 2188 vi

155 2230 253 2328 deti
288 2225 529 2341 volebant,
564 2221 830 2363 stipendium
865 2221 1129 2358 exigeretur
1141 2221 1274 2320 ad
1233 2260 1450 2332 vrctorem
1492 2271 1619 2332 exer-

155 2371 299 2470 citum
334 2367 568 2468 alendum
589 2377 749 2506 Itaque
778 2361 1064 2481 Florentinis,
1092 2366 1374 2482 senensibus,
1411 2381 1616 2472 Genuen

154 2511 312 2632 sibus',
345 2506 731 2650 lucensibusque
750 2503 891 2608 liberis
933 2438 1217 2626 civiriribus,
1248 2549 1313 2608 ac
1356 2514 1473 2612 Duci
1515 2525 1618 2616 Me

153 2590 429 2790 diolariensi‚
464 2664 661 2764 recusare
685 2650 923 2794 imperium
958 2689 1051 2750 non
1071 2584 1375 2774 auderitibus,
1414 2695 1496 2795 pro
1532 2697 1615 2758 cu-

153 2809 313 2940 jusque
347 2731 669 2899 facirltatibus
658 2830 868 2935 imperata
902 2831 1004 2894 sunt
1039 2832 1217 2896 centum
1249 2833 1292 2898 et
1309 2799 1617 2941 quadraginta

155 2944 296 3044 millia
321 2981 606 3044 nummorum
634 2979 896 3060 aureorum,
929 2977 1040 3078 quos
1069 2942 1222 3040 durator
1250 2942 1498 3138 appellant,
1517 2983 1620 3092 pau

155 3084 203 3186 lo
240 3087 386 3188 minus
415 3083 657 3186 drachmae
695 3084 932 3243 ponderis
1016 3169 1022 3178 ,
1117 3101 1123 3179 l

166 3235 391 3333 XLIX.
466 3237 649 3331 Carolus
684 3230 873 3350 Caesar,
915 3221 1067 3328 factust
1094 3239 1337 3373 Imperator
1379 3245 1616 3336 Romano-

156 3413 258 3475 rum
293 3372 421 3508 hujus
457 3375 652 3474 nominis
687 3372 922 3495 Quintus,
958 3407 1008 3472 ut
1045 3411 1137 3476 erat
1178 3379 1481 3540 Hispanorum
1521 3388 1619 3478 Rex

155 3519 355 3646 ejusdem
390 3517 583 3619 nominis
618 3516 822 3636 Primus,
858 3555 1007 3616 mense
1043 3518 1205 3651 Julio‚
1213 3523 1323 3682 'qui
1357 3515 1444 3621 fuit
1480 3557 1617 3620 annus

156 3658 321 3762 Christi
360 3661 616 3762 millesimus
665 3659 1042 3822 quingentesimus
1089 3663 1326 3806 vigesimus
1372 3665 1583 3766 secundus
1599 3739 1613 3780 ,
1629 3687 1721 3756 Αιιιι.
1732 3711 1773 3759 ιι.
1783 3713 1903 3764 uun.

160 3847 215 3905 ex
240 3804 442 3948 Belgio'
430 3844 478 3905 ιιι
509 3803 772 3946 Hispaniam
803 3803 1057 3915 revertitur3
1078 3807 1352 3967 ,cognitaque
1381 3845 1507 3904 causa
1533 3844 1619 3946 po-

159 3944 320 4087 pularis
355 3949 611 4067 seditionis,
654 3981 804 4049 ceteras
845 3947 948 4047 data
988 3987 1150 4069 venta,
1191 3946 1391 4048 homines
1439 3949 1495 4048 ad
1538 3949 1622 4049 du

161 4122 313 4188 centos
350 4129 394 4192 et
429 4093 736 4232 septuaginta,
780 4131 895 4233 quos
921 4091 1159 4253 principes
1202 4091 1413 4190 turnultus
1463 4129 1620 4193 aucto-

158 4269 315 4372 resque
339 4227 467 4334 fuisse
491 4270 781 4371 compererat,
809 4233 1077 4334 nominatim
1103 4233 1238 4335 laesae
1265 4236 1500 4365 majestatis
1518 4272 1618 4335 con

160 4375 427 4494 demnavit,
469 4376 677 4474 sententia
718 4375 936 4476 Valdoliti
978 4374 1160 4478 Kalend.
1211 4372 1483 4480 Novembris
1534 4418 1617 4520 pro

160 4553 368 4660 suggesto
403 4518 709 4660 promulgataa
744 4519 818 4619 sed
855 4519 1164 4622 damnatorum
1200 4560 1293 4662 pars
1328 4519 1618 4683 comprehen

162 4701 206 4760 sa
253 4661 394 4803 capite
443 4699 604 4802 poenas
654 4661 768 4781 luit,
817 4662 956 4801 plures
1002 4656 1111 4806 fuga
1168 4665 1398 4768 discrimen
1444 4701 1616 4766 vrtave-

162 4840 291 4922 runt,
327 4843 523 4947 quorum
557 4803 761 4906 nonnulli
795 4843 949 4946 postea
982 4841 1059 4906 aut
1101 4807 1210 4946 ipsi,
1252 4844 1326 4908 aut
1367 4843 1522 4909 eorum
1563 4808 1617 4907 fi

195 4949 345 5080 Tum.
366 4959 399 5052 Ι.
1223 4960 1249 5050 S
1538 4949 1615 5072 lii,
