4284 5982
527 372 1191 460 rssrruorrraursroour
1505 397 1556 481 ις

140 509 207 591 cio
230 507 678 609 interordiniorum
703 509 947 586 celeberrimis
976 511 1142 609 Europae
1167 505 1264 586 vitis'
1284 509 1577 606 alebat,'leva're

139 613 282 716 sategit.
312 614 417 690 Corra
433 613 553 690 renim·
568 613 720 692 Graece.
739 612 953 712 Latinoque
974 622 1070 716 es's'er
1090 613 1353 704 detrusimus,
1378 638 1414 692 et
1439 619 1577 714 prolixa

140 713 519 814 eruditionu.adiutus
532 725 556 807 ,³
573 724 643 814 pe'r
664 739 813 793 onmem
830 713 1051 818 theologiae
1074 724 1090 806 ',
1110 714 1362 816 philosophiae
1385 770 1398 808 ,
1420 716 1577 818 pltIlolo·

139 822 248 923 giae,
278 817 448 896 moriae
469 839 520 896 et·
532 816 823 898 nrarheaiasicae
840 827 1022 918 eampum=
1039 818 1310 910 discussisset·‚:
1343 844 1432 897 enus
1456 844 1585 898 autem

140 921 329 1002 scribendi
353 921 410 998 illi
432 921 676 1022 esset‘fusum'
691 941 730 1000 et
753 945 844 1000 tum
862 922 1313 1022 lenitaterqrtadamabtm
1388 925 1591 1024 profluens,

141 1028 314 1126 epistolae
333 1022 414 1122 eius
437 1022 719 1123 jucturrlissimao
738 1022 886 1102 fuerunt
905 1025 1002 1126 vitis
1022 1024 1169 1118 doctis,
1189 1023 1387 1125 lrbdiequo
1407 1029 1589 1105 nonsiuo

142 1131 302 1208 utilitate
325 1130 548 1230 leguntur..³
562 1128 1300 1208 smnanriemmronioamarcrmmm
1319 1133 1452 1207 omnes·
1466 1133 1508 1204 in
1522 1160 1526 1168 ¹
1539 1130 1588 1219 id·

141 1236 243 1312 vires
268 1241 524 1324 converteret,
547 1253 594 1310 ut
617 1230 785 1310 rhetrina
806 1233 905 1312 alim
921 1231 1408 1334 mendicemirazonolo
1431 1235 1480 1310 V.
1500 1234 1584 1308 lin-t

142 1334 602 1438 premotrcmm'enmrm
622 1344 702 1426 est,
732 1343 775 1410 rrt
799 1359 885 1412 eum
910 1333 980 1410 sibi
1004 1332 1242 1436 incongruo
1266 1354 1309 1411 es
1327 1337 1584 1438 Homtograae'

142 1437 261 1541 pirum
289 1437 529 1519 adsciscerets
548 1438 616 1514 ctli
629 1461 778 1536 quoque
804 1439 948 1513 muneri
959 1438 1076 1516 vitam
1088 1440 1248 1516 maximis
1264 1439 1437 1538 principis
1466 1439 1587 1516 debeo

145 1539 483 1622 mus..laudandus
509 1547 595 1620 'vero
618 1559 842 1642 magnopere
850 1539 1053 1639 Sepulveda
1074 1561 1154 1634 est,
1181 1541 1282 1640 quod
1296 1539 1586 1640 philosophiam,

143 1671 258 1750 quam
272 1645 425 1742 Hispani
440 1642 664 1723 Scholastico
688 1643 868 1744 squallore
891 1639 1090 1722 deformare
1115 1669 1158 1724 oo
1183 1663 1345 1746 tempore
1370 1645 1583 1746 pergebant,

144 1777 213 1830 suo
248 1747 359 1824 nitori
388 1749 575 1825 restituere
605 1764 644 1822 et
667 1746 838 1824 severiori
866 1744 1075 1846 disciplinae
1100 1746 1333 1824 humanitatis
1353 1749 1473 1826 studia
1494 1745 1580 1847 jun-

146 1875 231 1956 gere
244 1849 460 1930 .felicissimo
483 1850 607 1927 labore
629 1871 784 1927 conatus
802 1849 874 1940 sit,
897 1873 970 1950 qua
991 1849 1039 1929 de
1057 1874 1098 1926 re
1119 1851 1282 1928 virosum
1301 1851 1580 1928 clarissimorum

145 1956 350 2036 testimonia
369 1953 594 2031 adduxerunt
607 1953 784 2030 Nicolaus
798 1953 983 2028 Antonius
1002 1961 1018 2010 ⁴
1039 1975 1077 2030 et
1096 1952 1280 2030 Antonius
1300 1954 1513 2032 Teissierius
1540 1963 1578 2050 ⁵,

147 2061 213 2160 qui
243 2055 403 2137 videndi.
435 2058 596 2134 Maxime
626 2079 716 2134 veto
740 2076 906 2134 accurata
931 2056 1137 2138 sincerioris
1163 2053 1415 2156 philosophiae
1434 2059 1582 2137 Aristo-

147 2163 276 2260 telicas
303 2161 468 2264 cognitio
496 2159 716 2260 Sepulvedae
733 2149 985 2236 eruditionem
1013 2159 1175 2236 extulit:
1205 2157 1379 2237 debemus
1403 2158 1499 2240 enim
1525 2161 1583 2242 illi

145 2265 329 2346 versiones
364 2262 540 2340 librorum
570 2264 615 2338 de
642 2279 727 2338 ortu
758 2277 796 2338 et
827 2266 1022 2356 interitu,
1051 2262 1098 2338 de
1135 2267 1344 2355 merearis,
1365 2283 1581 2360 parvoruna

148 2369 409 2457 naturalium,
426 2366 472 2442 de
493 2389 605 2440 sensu
625 2381 666 2440 et
684 2363 958 2457 sensibilibus,
982 2366 1032 2440 de
1041 2364 1299 2442 Divinatione
1315 2383 1390 2461 per
1405 2391 1579 2464 somnum,

147 2472 194 2546 de
220 2475 331 2545 vitae
354 2469 586 2570 lungitudine
611 2483 652 2542 et
675 2468 899 2560 brevitate,
920 2467 964 2544 de
978 2469 1144 2570 juventa
1166 2481 1207 2544 et
1230 2483 1406 2562 senecta,
1426 2475 1513 2546 vita
1531 2492 1581 2574 ne

147 2588 299 2667 morte,
320 2571 365 2648 a'e
393 2575 677 2668 spirationem
700 2585 797 2646 motu
828 2573 1047 2648 animalium
1072 2625 1083 2662 ,
1114 2571 1159 2647 de
1182 2596 1303 2648 eorum
1332 2577 1505 2666 incessu,
1522 2575 1580 2652 'de

149 2682 289 2774 optimu
314 2674 546 2770 reipublicae
573 2687 709 2765 statu,
734 2689 774 2748 er
797 2673 950 2752 mundo:
976 2669 1009 2740 ’ll‘
1027 2673 1192 2774 itemque
1212 2674 1452 2754 traslationem
1467 2675 1580 2752 Conr-

149 2782 339 2856 rnentarii,
358 2782 401 2851 in
424 2780 692 2874 menapiisicos
720 2775 840 2851 libros
861 2776 1093 2868 Aristotelis,
1118 2799 1230 2876 quem
1255 2778 1396 2876 scripsit
1419 2779 1580 2858 Alexan-

147 2883 212 2960 ¹der
234 2877 522 2982 Aphrodisaeus.
545 2881 648 2966 Quas
674 2874 750 2975 ejus
779 2879 958 2956 versiones
983 2898 1021 2956 et
1046 2899 1176 2973 notas,
1201 2899 1243 2954 ut
1271 2880 1437 2980 quisquis
1466 2879 1579 2962 fuerit

148 2986 399 3087 Ingeniosior,
426 2984 478 3061 ita
513 2983 625 3082 plutis
654 3005 793 3080 semper
819 2981 1089 3060 aestimatorum
1121 2985 1196 3067 esse
1222 2977 1399 3080 judicavit
1425 2984 1581 3066 Gabriel

150 3088 348 3170 Naudaeus
362 3080 379 3132 ⁶
394 3137 407 3180 ,
423 3110 447 3164 a
464 3110 542 3186 quo
559 3105 680 3162 tamen
692 3084 859 3162 Naudaei
871 3082 1013 3184 judicio
1024 3085 1188 3163 dissentit
1200 3085 1241 3161 P.
1256 3087 1306 3162 D.
1322 3087 1479 3163 iiuetius
1501 3097 1518 3146 ⁷
1531 3113 1583 3166 oo

150 3190 253 3294 quod
281 3193 491 3294 castigatam
520 3189 856 3286 interpretationum
881 3185 1090 3267 fidelitatem
1114 3211 1152 3266 se
1178 3186 1385 3290 repudiasse
1404 3188 1581 3268 declaras-

149 3316 232 3390 set,
257 3312 295 3371 et
316 3295 374 3374 sic
395 3290 537 3372 aditum
557 3291 628 3368 sibi
647 3290 692 3368 ad
717 3287 824 3389 hujus
849 3293 938 3367 artis
960 3290 1216 3389 perfectionem
1239 3290 1480 3371 obstruxisset.
1495 3295 1581 3372 No·

151 3421 204 3478 tas
229 3417 383 3499 quoque
404 3391 481 3494 ejus
502 3396 543 3474 in
564 3418 657 3494 opus
681 3391 886 3471 Aristotelis
906 3395 1097 3492 politicum
1121 3392 1334 3474 celebriores
1355 3392 1448 3472 forte
1467 3421 1582 3496 quam

150 3502 391 3582 accuratiores
419 3521 493 3576 esse
519 3495 817 3596 censet·Joannes
839 3498 951 3574 Hent.
977 3499 1166 3576 Boeclerus
1191 3494 1231 3591 ⁸,
1264 3498 1330 3598 qui
1354 3516 1471 3575 tamen
1499 3521 1582 3598 post

150 3604 341 3684 Danielem
365 3603 556 3680 HeinsIum
591 3601 791 3703 proximam
820 3625 904 3678 eum
933 3599 1076 3680 laudem
1109 3600 1238 3680 mereri
1273 3601 1407 3678 asserir.
1441 3601 1509 3679 Sed
1544 3622 1582 3680 et
1685 3675 1688 3681 .

148 3711 228 3812 ipse
249 3704 452 3812 Sepulveda
476 3723 734 3810 argumentum
766 3699 1017 3806 philosophiae
1044 3705 1190 3786 motuis
1228 3704 1350 3806 tetigit
1374 3732 1386 3782 r
1411 3705 1581 3808 leguntur

1457 3809 1559 3884 enim

192 4056 213 4117 3
252 4037 374 4115 Septem
393 4035 475 4095 libris
491 4035 644 4110 aliquoties
659 4039 801 4113 seorsim,
816 4049 848 4098 et
861 4037 894 4098 irs
910 4038 1043 4116 operibus
1054 4036 1199 4099 Coloniae
1219 4034 1302 4112 1604
1320 4049 1350 4111 4.
1370 4034 1455 4095 editis
1466 4033 1588 4112 prodis-r

150 4133 232 4182 aunt.
251 4117 341 4179 Confi
356 4115 488 4214 bisthof-
505 4113 652 4194 Polybio.
666 4132 690 4181 t.
709 4137 735 4180 r.
747 4121 798 4181 lib.
814 4137 842 4182 a.
857 4139 884 4182 e.
900 4117 948 4198 aa.
964 4121 995 4199 §.
1010 4134 1057 4196 ga.
1072 4138 1100 4195 p.
1120 4133 1186 4197 ²9⁷·

194 4216 218 4353 i
254 4199 327 4337 ἢ
346 4213 400 4337 {it

192 4359 215 4401 ἱ
255 4358 326 4416 Viri.
343 4357 455 4418 Schott.
473 4373 538 4434 pag.
560 4358 617 4434 πός
641 4359 691 4432 qui
715 4361 820 4417 metita
839 4359 900 4434 ejus
921 4360 952 4417 irr
971 4358 1195 4436 Peripatetieam
1216 4356 1425 4433 philosophiam
1445 4367 1574 4416 enarrat.

150 4435 284 4497 Mothof.
305 4441 325 4495 l.
346 4456 371 4496 e.
386 4455 451 4513 pag.
471 4453 538 4514 297.
563 4437 663 4497 Tanto
681 4451 781 4498 autern
800 4456 898 4497 amore
919 4439 1108 4498 Aristotelem
1129 4451 1293 4514 persecutus
1313 4451 1357 4495 est
1375 4475 1388 4510 ,
1406 4449 1439 4493 ur
1459 4437 1495 4497 de
1517 4437 1579 4512 ejus

150 4531 273 4612 aeterna
299 4521 394 4576 salute
414 4535 475 4576 nou
498 4519 687 4594 desperaret,
701 4535 739 4577 eo
763 4519 841 4596 qaod
857 4519 915 4582 luri
944 4535 1066 4583 natutae
1091 4519 1299 4580 convenienter
1335 4517 1467 4580 dixisset.
1503 4518 1574 4581 vid.

153 4597 463 4756 Ebutbddliogrnpb.
480 4676 597 4750 politic.
618 4697 647 4754 p.
663 4697 702 4737 m.
718 4682 769 4745 26.

189 4771 211 4832 ⁶1
250 4755 299 4814 De
318 4755 414 4814 claris
434 4759 590 4830 interpret.
610 4777 637 4833 p.
654 4759 721 4836 ²⁸9·

193 4833 213 4894 8
252 4833 462 4917 Bibliogrnpb.
483 4833 559 4898 Cris.
573 4855 601 4915 p.
618 4839 682 4914 560.
