4294 5972
599 497 846 580 ennom
891 497 945 579 v.
991 432 1211 580 araur.
1311 454 1317 480 '
1505 503 1595 596 ast

181 657 407 800 utriusque
450 653 674 796 praefecto
717 655 773 752 ad
816 652 1030 755 Carolum
1073 645 1229 760 misit'r
1267 694 1293 750 a
1330 685 1425 796 quo
1460 695 1639 798 rogatus

181 805 328 906 Gallus
364 803 418 904 de
453 840 579 900 causa
621 798 764 940 ipsius.
793 797 839 898 in
882 792 1083 897 Africam
1119 797 1333 897 adventus
1371 835 1414 899 se
1454 839 1640 942 respon-

181 950 278 1066 dit,
312 983 363 1046 ut
397 947 572 1086 capram
615 984 640 1042 a
675 939 928 1044 Charadino
965 941 1117 1042 navim
1155 942 1411 1062 redimeret,
1448 944 1641 1076 trajecis—
1748 1031 1752 1039 .

183 1099 228 1190 se
271 1129 375 1191 cum
421 1083 628 1229 praefecti
672 1085 864 1184 Gallicae
911 1085 1089 1206 classis,
1135 1084 1359 1228 ipsiusque
1408 1089 1640 1192 Gallorum

147 1235 319 1376 *Regis
364 1233 553 1351 litteris,
597 1231 760 1372 quibus
802 1227 1057 1331 Charadino
1088 1229 1440 1364 'commendatus
1493 1267 1639 1374 posset

184 1411 302 1478 tutus
337 1377 386 1476 in
422 1370 620 1476 Africam
657 1372 897 1514 navigare,
933 1406 969 1474 a·
998 1415 1091 1516 quo
1129 1374 1353 1515 rescriptas
1393 1374 1527 1476 etiam
1563 1375 1641 1476 lir-

186 1557 296 1622 teras
339 1516 624 1620 ostendebat.
675 1517 778 1637 Sed,
804 1557 914 1618 num
959 1529 1049 1650 ejus
1073 1519 1135 1618 tei
1171 1520 1309 1660 gratia
1329 1519 1385 1618 ad
1421 1519 1637 1622 Charadi-

185 1703 296 1766 num
342 1664 413 1764 ille
457 1664 680 1780 venisset,
719 1701 776 1761 an
822 1701 848 1759 a
891 1673 1018 1804 Rege
1066 1662 1142 1766 ob.
1171 1662 1413 1763 amicitiam
1452 1701 1495 1767 et
1542 1664 1644 1764 alias

186 1819 331 1910 cau'sas
366 1803 517 1907 fuisset
554 1806 708 1906 missus
733 1803 956 1906 ¹confictis.
983 1806 1032 1908 in
1067 1843 1249 1906 omnem
1274 1845 1433 1906 :casum
1482 1805 1645 1949 episto·

185 1949 277 2070 lis,
324 1989 428 2051 cum
471 1984 580 2050 esset
623 1986 781 2085 anceps
832 1958 1082 2077 conjectura
1112 1993 1136 2066 ,r
1175 1949 1350 2048 retineri
1386 1949 1511 2049 ‘eum‘
1540 1986 1646 2052 tune

189 2091 374 2194 Carolus
411 2090 565 2222 jubet3
604 2092 676 2190 sed
713 2090 861 2228 paucis
903 2125 1002 2230 post
1038 2087 1190 2188 diebus
1227 2089 1432 2191 liberatus
1477 2079 1668 2238 Legato

111 2275 115 2284 ·
184 2237 328 2378 Regis
364 2235 593 2336 Gallorum
615 2311 629 2352 ‚
651 2233 747 2374 qui
767 2235 960 2346 'classem
1002 2229 1285 2373 sequebatur,
1320 2237 1536 2336 traditur.
1582 2249 1648 2337 Er

189 2379 390 2484 Uticensi
429 2417 676 2520 progressus
713 2377 761 2476 in
797 2375 1389 2517 Carthaginensemporrum
1420 2417 1522 2478 cum
1550 2381 1647 2480 uni·

191 2561 313 2624 versa
349 2523 475 2623 classe
513 2521 671 2622 eodem
692 2519 811 2638 die,
850 2521 929 2660 qui
965 2516 1053 2620 fuit
1083 2528 1225 2620 sextu's
1260 2522 1456 2622 decimus
1470 2600 1486 2642 ,
1510 2561 1647 2662 quam

192 2669 434 2769 Barcinone
470 2669 735 2784 decesserat,
773 2663 1014 2802 pervenit,
1040 2699 1084 2762 et
1110 2661 1231 2793 jactis
1253 2663 1460 2765 anchoris
1486 2705 1535 2764 ea
1565 2705 1649 2766 no-

192 2842 261 2909 cte
297 2809 497 2911 constitit
534 2847 689 2908 contra
725 2804 1005 2949 Carthaginis
1043 2807 1210 2908 ruinas.
1253 2813 1259 2825 ’
1356 2814 1360 2822 ’

175 2977 176 2982 '
276 2962 402 3056 XIX.
501 2951 715 3052 Postridie
772 2989 903 3051 mane
940 2950 1106 3090 pedites
1152 2948 1373 3089 expositi,
1417 2991 1529 3092 quos
1572 2989 1648 3052 ro-·

191 3131 344 3198 stratae
381 3107 510 3200 naves'
555 3135 607 3194 ex
650 3093 855 3194 vectoriis
892 3130 1095 3235 exceptos
1134 3095 1190 3193 ad
1208 3183 1219 3194 .
1236 3094 1358 3196 littus
1402 3091 1650 3236 frequentes

190 3239 525 3382 importabant,
561 3275 659 3342 tum
695 3239 752 3340 ab
784 3233 884 3356 his,
919 3278 1008 3379 qua
1043 3237 1139 3339 loca
1167 3239 1336 3338 'vadosa
1376 3275 1524 3358 erant,
1557 3239 1649 3338 mi-

191 3421 300 3484 nora
336 3383 514 3524 navigia
564 3381 835 3522 scaphaeque
870 3381 917 3480 in
953 3418 1113 3482 terram
1145 3381 1376 3482 intervallo
1403 3383 1527 3484 brevi
1559 3419 1649 3520 per·

191 3520 388 3628 ferebant
400 3605 416 3647 ,
457 3566 513 3625 ne
549 3523 761 3664 paulatim
802 3525 948 3626 emissi
977 3530 1172 3666 paterent
1207 3525 1390 3658 injuriae
1424 3563 1556 3665 atque
1577 3562 1652 3663 pe-

191 3669 375 3789 riculo,
406 3669 443 3769 si
479 3669 645 3808 (quod
690 3667 1058 3808 exspectabatur,
1095 3703 1140 3768 et
1185 3668 1281 3768 lieri
1325 3669 1464 3804 solet)
1507 3665 1651 3766 hostes

191 3807 240 3914 in
277 3813 546 3953 egredientes
578 3811 799 3954 impetum
827 3807 1018 3914 facerent
1034 3891 1044 3912 .
1060 3901 1063 3908 Α
1081 3813 1285 3951 ,Vixdum
1316 3847 1438 3949 parte
1464 3809 1651 3909 dimidia

190 3953 414 4198 peditatus
447 3956 644 4095 exposita
672 4034 688 4078 ,
720 3956 936 4076 Carolus,
967 3954 1144 4096 nequid
1164 3951 1458 4092 incommodi
1497 3952 1652 4052 militi·

226 4100 402 4200 ussine
444 4099 634 4238 imperio
682 4097 943 4240 vagantibus
980 4099 1196 4198 accideret
1226 4098 1331 4216 ,sin
1367 4132 1528 4199 tetram
1570 4098 1652 4196 dea·

189 4242 393 4362 scendit,
433 4279 607 4342 memor
649 4243 862 4381 quasdam
905 4242 951 4341 iri
991 4239 1058 4346 bis
1083 4237 1348 4382 regionibus
1382 4240 1652 4341 calamitates

189 4381 254 4484 ob
291 4425 389 4486 eam
424 4424 517 4486 rem
554 4383 847 4526 potissimum?
862 4379 994 4488 fuisse
1027 4425 1054 4486 a
1089 4385 1499 4526 nostrisfaocepras,
1525 4382 1655 4526 quod

190 4527 418 4670 dissipati,
452 4569 533 4630 nec
569 4528 736 4631 or'din'e
762 4541 935 4634 servato
972 4569 1009 4633 a,
1035 4529 1182 4630 littore
1219 4529 1656 4670 praecentore-'lta

192 4711 282 4809 que
316 4671 444 4774 Vasti
480 4670 768 4790 Marchionc,
814 4712 868 4770 ne
908 4670 1101 4810 Hispani
1127 4685 1327 4774 'temere‘
1354 4707 1652 4814 vagarentur,
1700 4723 1704 4730 ·

195 4850 340 4916 curare
374 4826 521 4949 jusso,
559 4816 651 4956 ipse
689 4812 849 4916 vestitu
863 4889 880 4958 ,
917 4850 961 4914 et
986 4825 1234 4921 ,armatura
1274 4827 1432 4956 parum
1485 4811 1653 4914 abhor-.

1553 4993 1650 5057 rens
