4298 5980
568 474 806 558 canoel
850 477 903 556 v.
953 477 1068 558 aru.
1099 477 1179 559 vr.
1493 488 1577 580 173

159 675 305 763 teret,
341 637 377 742 si
413 668 508 738 non
545 674 588 735 se
625 633 816 736 omnino
853 673 1003 737 earum
1036 633 1226 779 imperio
1263 633 1524 782 depelleret,
1558 639 1624 744 ob'

158 785 376 889 veterem
403 781 524 884 illam
565 777 837 881 Pontificum
878 812 922 879 et
966 792 1282 922 Imperatorum
1331 785 1386 884 de
1431 784 1620 926 imperio

154 925 455 1034 Ecclesiastico
491 923 864 1027 controversiam:
902 923 1137 1025 accedebat
1171 925 1527 1030 Florentinorum
1553 970 1621 1032 ra·-

153 1077 260 1194 tio,
301 1071 373 1174 cui
414 1070 586 1172 civitati
627 1105 734 1172 tunc
769 1067 982 1210 temporis
1017 1065 1223 1174 Clemens
1258 1068 1378 1174 idem
1415 1110 1620 1216 oppressa

156 1214 360 1320 libertate
396 1209 702 1357 imperitabat.

226 1373 276 1462 II.
352 1361 563 1460 Adventu
603 1356 742 1497 igitur
786 1353 938 1455 Caroli
981 1395 1037 1457 ne
1080 1398 1169 1502 qua
1209 1357 1506 1463 commutatio
1550 1401 1622 1463 re·-

153 1543 253 1606 rum
291 1502 539 1622 exsisteret,
574 1493 779 1600 Pontifex
815 1497 1075 1604 verebatur.
1118 1507 1279 1607 Veneti
1320 1546 1395 1608 sua
1430 1545 1621 1608 consue-

152 1647 307 1749 tudine
342 1684 392 1747 ae
434 1645 637 1749 instituto
679 1641 990 1764 ducebantur,
1033 1646 1113 1785 qui
1154 1648 1410 1771 Gallorum,
1454 1691 1507 1752 ac
1547 1652 1621 1753 vi-

153 1789 301 1891 cissim
343 1790 649 1932 Hispanorum
694 1784 1023 1928 augescentibus
1070 1787 1230 1930 opibus
1271 1793 1319 1891 in
1362 1793 1485 1896 ltalia
1527 1831 1622 1894 stu-

151 1933 274 2035 diose
311 1933 632 2074 diligenterque
668 1930 805 2030 solent
842 1969 934 2029 suas
970 1931 1079 2030 vires
1116 1972 1379 2072 opponere,
1427 1973 1470 2036 et
1515 1976 1619 2038 cum

149 2076 281 2177 ¹victis
322 2078 575 2178 societatem
618 2074 766 2194 inire,
811 2071 923 2174 dum
957 2071 1119 2172 scilicet
1155 2110 1381 2198 metuunt,
1415 2119 1474 2180 ne
1526 2121 1621 2186 non
1698 2141 1733 2206 ‚f-

151 2219 276 2320 aliter
313 2220 482 2359 possint
526 2217 763 2357 imperium
806 2216 856 2316 in
889 2216 1034 2315 ltaliae
1075 2217 1360 2319 Continentis
1402 2218 1531 2320 urbes
1574 2260 1620 2322 et

154 2362 323 2502 oppida
359 2361 569 2478 retinere,
597 2399 734 2500 quam
770 2358 806 2458 si
841 2394 1099 2459 neutrorum
1136 2397 1243 2498 opes
1279 2361 1327 2462 in
1363 2361 1483 2462 Italia
1518 2362 1621 2501 plu-

150 2503 319 2604 rimum
354 2507 600 2609 emineantr
630 2499 751 2643 quod
777 2500 859 2602 sibi
892 2543 918 2600 a
947 2500 1110 2603 Carolo
1144 2512 1330 2602 Caesare
1361 2540 1489 2603 tanto
1523 2543 1620 2606 ma·

153 2647 223 2788 gis
259 2648 499 2748 verendum
536 2641 877 2764 existimabant,
919 2644 1045 2784 quod
1092 2645 1302 2784 quasdam
1338 2645 1386 2748 in
1427 2686 1482 2745 eo
1525 2680 1617 2747 tra-

151 2824 225 2889 ctu
262 2789 569 2930 Imperatoriae
606 2787 784 2890 ditionis
825 2785 954 2888 urbes
995 2827 1022 2886 a
1063 2826 1107 2886 se
1148 2823 1346 2930 tempore
1394 2789 1614 2930 superiore

151 2970 231 3074 per
268 2934 546 3034 occasionem
581 2968 812 3073 occupatas
855 2927 1151 3053 obtinebant,
1188 2970 1295 3071 quas
1331 2973 1386 3036 ne
1424 2932 1613 3037 victrici-

152 3077 234 3178 bus
270 3076 522 3219 eisdemque
556 3077 679 3209 justis
714 3073 843 3175 armis
868 3073 1051 3173 Carolus
1081 3109 1312 3212 repeteret,
1338 3075 1611 3178 metuebant.

23 3269 27 3279 ·
151 3221 239 3321 His
275 3221 506 3322 accedebat
541 3218 790 3319 communis
825 3257 950 3318 causa
986 3218 1234 3317 asserendae
1270 3218 1418 3320 Italiae
1460 3260 1486 3318 a
1527 3221 1616 3320 do-.

150 3364 354 3484 minam,
380 3401 430 3465 ut
459 3363 543 3503 ipsi
577 3359 913 3503 praedicabant,
946 3356 1258 3482 barbarorum,
1291 3396 1335 3462 et
1369 3404 1508 3505 quam
1541 3403 1611 3463 so·

151 3505 273 3626 lam,
309 3543 361 3608 ut
395 3541 499 3650 pote
535 3506 740 3607 omnium
769 3505 961 3605 maxime
992 3540 1035 3603 et
1066 3506 1330 3646 speciosam,
1366 3509 1495 3608 etad
1530 3542 1613 3644 po-

151 3651 376 3788 pularium
416 3650 588 3751 animos
632 3648 912 3751 concitandos
955 3643 1213 3770 efficacem,
1255 3650 1339 3751 suis
1381 3645 1610 3750 conatibus

150 3787 356 3894 Pontifex
393 3831 436 3894 et
472 3793 633 3898 Veneti
677 3789 1058 3933 praetendebantr
1104 3790 1264 3933 quibus
1304 3792 1468 3910 causis,
1505 3825 1610 3888 curn

151 3973 229 4033 sua
265 3937 350 4076 ipsi
386 3975 542 4079 sponte
577 3936 919 4057 solicitarentut,
957 3974 1054 4037 tum
1090 3934 1389 4034 admonitione
1427 3967 1471 4032 et
1507 3928 1609 4033 hora

150 4109 249 4176 tatu
287 4076 456 4182 Alberti
491 4082 560 4180 Pii
594 4095 840 4223 Carporum
875 4079 1095 4186 Comitis,
1131 4075 1214 4174 viri
1248 4070 1449 4197 facundi,
1484 4111 1526 4177 et
1561 4113 1609 4176 a-·.

153 4220 222 4319 cri
267 4218 491 4360 ingenio,
533 4262 801 4364 magnopere
843 4217 1223 4340 accendebantur,
1264 4227 1384 4351 cujus
1425 4253 1606 4362 propter

150 4363 393 4502 plurimum
429 4401 571 4467 rerum
608 4404 767 4484 usum,
801 4401 846 4464 et
881 4397 1072 4467 veterem
1107 4360 1415 4482 nobilitatem,
1452 4364 1608 4504 singu-

151 4506 233 4606 lari
269 4507 469 4608 doctrina
504 4507 795 4628 cumulatam,
826 4545 917 4609 non
951 4505 1185 4608 mediocris
1214 4544 1303 4608 erat
1333 4507 1451 4650 apud
1478 4506 1608 4606 Prin«

152 4649 269 4789 cipes
313 4652 571 4754 auctoritas.
616 4653 706 4752 Hic
741 4651 859 4752 enim
900 4691 994 4754 non
1036 4653 1176 4752 modo
1217 4653 1447 4753 Gallorum
1482 4686 1607 4751 com·⁴

103 4897 106 4904 ,
154 4829 282 4894 muru
317 4835 471 4925 causa,
508 4834 700 4943 quorum
720 4834 784 4900 res
819 4795 1089 4900 aFrancisco
1124 4805 1249 4935 Rege
1285 4793 1452 4935 legatus
1487 4792 1608 4934 apud

1491 4943 1609 5038 Pon·
1671 4991 1674 4998 ι
