4292 5984
607 489 855 572 CAROLI
896 491 950 572 V.
996 491 1117 574 LIB.
1162 491 1197 573 I.
1551 496 1602 584 15

184 641 318 750 cidit.
359 641 508 788 Atque
530 639 638 746 haec
671 681 822 748 tamen
849 645 1042 748 hostium
1070 646 1311 768 iratontm,
1348 687 1399 750 ae
1429 683 1528 755 tum
1555 689 1649 758 ma*

181 793 303 896 xime
341 791 650 894 dimicantium
685 801 782 924 jure
820 791 924 893 belli
959 791 1008 892 in
1045 828 1232 894 armatos
1268 832 1648 942 repugnantesque

182 935 454 1040 edebantur.
504 936 689 1039 Foedior
738 936 823 1036 alia
859 936 909 1036 in
955 933 1066 1038 urbe
1109 939 1344 1040 trucidatio
1389 977 1509 1063 erat,
1545 983 1650 1050 tum

178 1081 359 1185 turbam
395 1077 664 1183 feminarum
708 1119 1038 1223 puerorumque
1081 1080 1304 1183 imbellem
1351 1085 1652 1231 inermemque

179 1227 298 1328 cives
336 1227 403 1327 sui
440 1227 704 1343 caederent,
741 1260 785 1323 et
819 1225 869 1324 in
905 1267 1157 1331 succensum
1192 1265 1355 1372 rogum
1390 1231 1653 1334 semianima

178 1371 394 1535 pleraque
429 1369 662 1532 injicerent
699 1405 927 1510 corpora,
963 1371 1134 1514 rivique
1170 1375 1390 1516 sanguinis
1426 1373 1653 1479 flammam

177 1551 400 1617 orientem
436 1547 786 1658 restmguerent,
823 1550 1049 1656 postremo
1094 1518 1179 1659 rpsi
1223 1519 1356 1620 caede
1404 1519 1653 1622 miseranda

176 1699 363 1762 suorum
401 1654 608 1804 fatigati,
645 1694 750 1758 cum
788 1660 918 1762 armis
955 1661 1108 1760 medio
1153 1662 1361 1765 incendio
1405 1704 1449 1762 se
1485 1664 1653 1797 injece-¹

175 1841 306 1906 runt.
340 1809 450 1942 Jam
486 1804 618 1905 caede
656 1839 900 1946 perpetrata
936 1805 1127 1906 victores
1163 1807 1363 1908 Romani
1399 1847 1655 1951 supervene-

171 1988 252 2070 re,
289 1991 341 2052 ac
377 1949 526 2092 primo
564 1984 807 2087 conspectu
844 1985 938 2048 tam
975 1943 1130 2050 foedae
1167 1952 1228 2052 rei
1272 1948 1530 2054 mirabundi
1568 1992 1654 2093 pa-

174 2132 357 2238 rumper
388 2091 746 2337 obstupuerunt.
782 2103 845 2194 Ita
866 2101 1035 2235 Astapa
1064 2093 1155 2195 sine
1174 2096 1336 2238 praeda
1354 2097 1551 2200 militum
1568 2091 1657 2205 fere

177 2277 232 2340 ro
270 2240 459 2381 ignique
495 2278 520 2336 a
555 2271 700 2338 sumta
735 2272 819 2336 est.

270 2393 415 2485 XVII.
513 2380 640 2497 Quid
670 2379 865 2484 Viriatus
897 2379 1170 2481 Lusitanus?
1208 2389 1376 2482 Nonne
1423 2384 1653 2528 Hispanae

174 2523 354 2627 virtutis
400 2523 493 2664 ipse
528 2561 715 2664 quoque
749 2522 942 2624 maxima
979 2523 1185 2664 praebuit
1229 2526 1524 2626 documenta?
1573 2532 1655 2668 qui

176 2671 268 2771 dux
304 2668 615 2769 Lusitanorum
652 2709 704 2768 ex
740 2669 912 2768 latrone
947 2661 1117 2787 factus,
1162 2705 1258 2766 non
1291 2669 1435 2770 modo
1471 2707 1653 2772 suorum

178 2811 426 2918 libertatem
462 2853 488 2912 a
522 2824 838 2915 Romanorum
872 2811 1040 2944 injuriis
1086 2845 1250 2913 tutatus
1295 2847 1388 2934 est,
1434 2815 1509 2914 sed
1551 2853 1650 2916 ma-

180 2957 279 3100 gnis
300 2957 437 3058 ctiam
463 2955 658 3058 cladibus
690 2995 847 3058 corum
875 2968 1158 3098 Imperatores
1188 2949 1363 3056 afflixit.
1395 2965 1518 3058 Nam
1539 2968 1653 3060 Mar·

178 3139 287 3201 cum
322 3101 588 3202 Ventidium
626 3111 915 3222 Praetorem,
949 3100 1089 3242 copiis
1125 3109 1216 3230 ejus
1253 3100 1463 3222 concisis,
1500 3104 1650 3244 cepit,

177 3279 222 3344 et
258 3240 517 3387 posthunc
553 3254 722 3377 Cajum
768 3245 964 3344 Plutium
996 3253 1252 3342 Praetorem
1296 3280 1461 3386 magna
1504 3280 1648 3388 strage

177 3389 423 3533 superavit3
461 3387 621 3488 deinde
653 3387 968 3491 Consularibus
1001 3385 1261 3488 exercitibus
1298 3420 1430 3528 atque
1467 3390 1650 3489 ducibus

179 3534 231 3635 in
278 3573 384 3636 eum
429 3532 604 3652 missis,
651 3533 793 3634 multa
836 3533 1024 3634 secunda
1067 3530 1226 3675 praelia
1270 3525 1413 3653 fecit,
1459 3531 1648 3634 Claudio

183 3678 449 3798 Unimano,
486 3718 536 3778 ac
574 3677 735 3778 deinde
772 3688 886 3812 Cajo
932 3675 1091 3820 Viglio
1136 3674 1373 3819 oppressis.
1410 3677 1485 3776 Ad
1533 3713 1649 3773 sum-

175 3860 299 3924 mam
318 3822 521 3928 Romani
545 3859 638 3926 tam
668 3823 887 3926 invictum
915 3824 1044 3924 armis
1071 3824 1298 3927 Viriatum
1328 3819 1495 3959 experti
1524 3854 1648 3939 sunt,

178 4001 231 4065 ut
263 3967 381 4068 bello
418 3969 789 4108 quatuordecim,
824 3968 896 4068 vel
931 4005 982 4069 ut
1017 3967 1093 4069 alii
1130 3973 1338 4081 tradunt,
1374 3961 1536 4104 viginti
1570 4001 1647 4063 an-

182 4147 345 4212 norum
380 4108 585 4255 fatigati,
621 4116 845 4256 desperata
879 4111 1109 4228 victoria,
1143 4110 1191 4206 in
1227 4105 1411 4209 insidias
1442 4142 1486 4207 et
1521 4100 1645 4204 frau-

181 4255 258 4356 des
295 4293 462 4395 practer·
493 4294 617 4356 suam
661 4257 1028 4360 consuetudinem
1078 4287 1458 4371 converterentur,
1507 4285 1647 4350 corru-

145 4398 265 4540 ·ptis
302 4401 486 4538 pecunia
521 4399 693 4500 duobus
729 4412 821 4533 ejus
858 4396 1110 4501 satellitibus
1138 4439 1163 4497 a
1192 4398 1375 4498 Servilio
1399 4394 1643 4534 Caepione,

183 4543 347 4656 Quinti
382 4543 502 4644 Fabii
538 4545 811 4647 Proconsulis
849 4581 1123 4653 successore3
1170 4581 1196 4640 a
1239 4539 1400 4683 quibus
1446 4536 1644 4638 satelliti-

188 4681 267 4787 bus
317 4680 529 4829 flagitiose
593 4727 810 4830 peremtus
862 4689 1055 4793 Viriatus
1108 4687 1327 4833 populum
1387 4697 1643 4792 Romanum

186 4865 349 4973 magna
385 4831 678 4940 sollicitudine
713 4834 934 4940 liberavit.

1472 4987 1646 5102 Quam⁴
