4326 5986
561 457 650 576 ‘4⁵⁶
955 475 1040 558 nu
1073 468 1545 562 nunus·.·cnsrrs
1589 504 1601 551 :

373 721 375 732 .
521 639 728 762 flaverat,
750 631 941 744 „tandem
977 672 1128 777 quarta
1168 634 1321 777 vigilia
1356 664 1607 734 consecutus
1642 619 1786 730 imber
1821 635 1970 772 repiet-

523 788 608 906 sit,
646 823 690 886 et
730 777 876 924 fulgor
910 780 960 880 in
999 779 1193 881 antennis
1229 776 1467 918 apparuit,
1507 811 1643 915 quern
1684 771 1823 873 nostri
1865 811 1961 876 nau-

523 967 594 1032 tae
642 933 775 1036 diuum
805 927 1046 1026 ‘Anstlmum
1095 921 1360 1063 appellant,
1400 953 1462 1020 er·
1482 917 1606 1056 quasi
1640 915 1848 1018 divirtitus
1874 916 1970 1018 mis-

525 1087 789 1209 sumatque
824 1066 1049 1166 salutarem
1072 1063 1216 1164 -certis
1251 1061 1394 1163 verbis
1429 1096 1474 1161 et
1516 1059 1747 1160 incondito
1782 1058 1974 1186 carmine

525 1215 757 1316 salutantes
794 1211 1014 1317 adorantt
1053 1206 1164 1308 olim
1199 1217 1357 1308 Castor
1392 1201 1651 1322 dicebatur,
1690 1239 1735 1302 et
1779 1203 1915 1345 vulgo
1947 1244 1973 1303 a

526 1354 744 1459 veteribus
781 1347 1037 1454 mortalibus
1072 1347 1297 1451 colebatur
1332 1385 1413 1488 pro
1450 1346 1664 1466 numine,
1686 1383 1792 1445 cum
1818 1345 1873 1445 sir
1895 1341 1974 1446 ful-

414 1496 416 1500 ’
525 1537 610 1642 gor
645 1497 866 1599 interdum
890 1529 993 1596 cum
1028 1491 1170 1594 imbre
1196 1491 1332 1592 causis
1367 1488 1628 1591 naturalibus
1648 1488 1820 1606 editus,
1847 1489 1975 1631 quip·

526 1680 582 1784 pe
617 1638 768 1748 imbris
794 1679 843 1738 ea
877 1638 943 1740 vis
976 1672 1068 1755 est,
1092 1671 1143 1736 ut
1173 1632 1433 1734 humiditate
1468 1671 1543 1732 sua
1578 1666 1764 1749 ventos,
1783 1667 1974 1773 quorum

526 1809 590 1890 e'st
624 1784 736 1884 sicca
770 1818 949 1899 natura,
978 1793 1172 1881 coereeat
1208 1811 1603 1916 tempestatemque
1639 1774 1783 1876 sedet.

540 1993 544 2001 ·
597 1935 756 2026 XVIII.
802 1934 947 2023 ·Cum
981 1955 1050 2021 tot
1087 1913 1413 2020 difficultatibus
1448 1957 1499 2016 ac
1533 1917 1730 2056 perieulis
1764 1912 1976 2017 laborare2

527 2105 629 2186 tur,
662 2103 743 2166 nec
778 2061 940 2165 idonea
973 2094 1202 2202 tempestas
1239 2062 1294 2160 ad
1331 2059 1632 2202 navigandum
1675 2058 1980 2202 contingeret,

526 2246 674 2310 tamen
705 2207 894 2349 septimo
930 2205 1002 2306 die
1032 2204 1195 2346 placuit
1229 2196 1449 2304 fortunam
1483 2203 1610 2304 maris
1638 2203 1826 2345 experiri
1857 2207 1876 2338 (
1888 2212 1977 2334 jam

527 2353 646 2454 enirn
681 2348 884 2452 nonnihil
918 2350 1057 2449 altum
1091 2345 1291 2449 resedisse
1331 2343 1597 2465 videbatur,
1634 2381 1680 2446 et
1716 2381 1870 2448 ventus
1903 2345 1976 2446 lla·

526 2491 604 2614 bar
644 2530 878 2596 euronoms
923 2526 1093 2594 nostrae
1132 2488 1405 2631 navigationi
1450 2527 1544 2588 non
1585 2488 1790 2624 alicnus)
1836 2525 1880 2588 et
1923 2487 1978 2590 ad

528 2633 781 2740 Stoechadas
815 2635 1010 2761 insulas,
1043 2672 1158 2773 quae
1202 2671 1321 2732 nunc
1355 2630 1411 2733 ab
1447 2640 1543 2734 areis
1577 2631 1973 2776 cognominantur,

528 2779 786 2922 procedere,
822 2779 935 2917 quae
970 2812 1020 2877 ut
1054 2776 1105 2877 in
1130 2809 1303 2876 montes
1338 2774 1545 2877 editiores
1575 2809 1842 2918 exsurgunt,
1860 2813 1982 2876 com-

530 2922 753 3024 modiores
788 2917 954 3022 habent
989 2920 1227 3037 stationes,
1264 2953 1309 3018 et
1336 2954 1447 3020 rum
1481 2919 1748 3059 aquationi,
1787 2952 1885 3018 tum
1929 2917 1982 3016 li·

530 3063 733 3206 gnationi
767 3098 867 3178 sunt
901 3098 1211 3206 opportunae,
1251 3101 1366 3203 quac
1401 3100 1465 3163 res
1500 3063 1558 3161 ad
1593 3061 1683 3164 illas
1718 3060 1871 3161 alteras
1911 3059 1981 3160 in·

529 3207 641 3320 sulas
677 3231 857 3348 anguste
891 3207 1204 3347 suppetebant3
1242 3241 1593 3347 perventumque
1628 3241 1692 3306 est
1726 3205 1882 3306 eodem
1909 3204 1980 3302 die

530 3349 704 3492 vesperi
738 3348 836 3449 satis
865 3347 1151 3453 incommoda
1182 3347 1493 3492 navigatione,
1532 3386 1627 3489 quo
1652 3384 1853 3489 tempore
1876 3351 1982 3446 Tur·

533 3532 684 3596 carum
719 3533 792 3593 sex
826 3491 1051 3612 biremes,
1086 3531 1200 3633 quae
1234 3493 1289 3592 ad
1332 3531 1402 3591 eas
1437 3490 1594 3591 insulas
1633 3491 1740 3593 locis
1781 3489 1981 3590 videlicet

532 3637 789 3780 opportunis
824 3633 1088 3775 dispositae,
1124 3631 1371 3738 faventibus
1405 3633 1571 3754 Gallis,
1590 3670 1836 3736 ceterorum
1862 3630 1981 3736 chri-

535 3779 779 3896 stianorum
814 3776 1170 3919 navigationibus
1206 3776 1548 3908 insidiabantur,
1578 3812 1802 3919 prospecta
1838 3812 1983 3876 nostra

535 3923 664 4025 classe
693 3921 804 4042 ,in
852 3922 1107 4062 proximum
1153 3955 1357 4060 portum<
1388 3939 1544 4060 atque
1585 3921 1710 4022 inde·
1745 3918 1984 4022 Massiliam

534 4061 856 4208 confugerunt,
888 4097 939 4164 ut
973 4063 1033 4164 eis
1068 4096 1159 4164 erat
1193 4095 1344 4177 tutus,
1373 4087 1659 4205 quocumque
1694 4061 1983 4182 libuisset,in

535 4247 659 4310 oram
693 4207 860 4311 Galliae
893 4243 1124 4348 receptus,
1160 4239 1339 4348 propter
1372 4205 1613 4306 amicitiam
1648 4241 1691 4307 et
1736 4205 1987 4306 societatem

534 4359 626 4484 jam
658 4391 751 4466 non
788 4351 1035 4470 occultam,
1069 4388 1206 4491 quam
1240 4359 1337 4454 Rex
1364 4347 1511 4462 Gallus
1546 4349 1704 4455 inierat
1729 4389 1835 4454 cum
1870 4349 1987 4490 ipso·

498 4597 501 4602 Α
535 4499 634 4595 rum
670 4495 871 4634 Principe
907 4493 1177 4629 solymano.
1324 4554 1333 4564 -
1574 4588 1615 4635 ,Ι

621 4649 756 4742 ΧΙΧ.’
791 4716 795 4724 .
833 4637 921 4738 Ad.
944 4635 1020 4754 has
1064 4635 1218 4736 insulas
1253 4632 1344 4752 dies
1385 4632 1554 4779 aliquot
1603 4665 1698 4761 non
1733 4635 1827 4750 sine
1868 4631 1984 4736 mul·

535 4813 686 4892 toturn
719 4781 893 4896 timore,
912 4815 957 4888 et
991 4779 1269 4898 solicitudine
1303 4783 1531 4914 eo'nsumti·
1559 4817 1696 4909 sunt,
1732 4784 1842 4890 dum
1875 4811 1984 4880 tem·
2130 4907 2131 4936 i

1873 4959 1954 5064 P0‘
