4284 5982
574 407 671 484 cru.
972 396 1119 504 'Jonn
1145 396 1267 478 (ιιΝ.
1292 398 1626 482 smurvrnne

640 532 773 620 illitati
787 560 875 620 sane
890 529 969 648 iure
984 535 1133 648 optimo
1149 533 1232 648 quis
1247 529 1385 646 poterit
1401 593 1414 636 ,
1429 562 1496 647 qur
1485 528 1702 618 ''factum
1674 555 1747 638 stt,
1772 553 1819 620 ut
1832 557 1920 620 cum
1933 539 2000 622 Se

553 651 720 768 pulveda
746 653 853 766 operi
876 681 979 786 suo,
1003 681 1048 736 ex
1073 680 1152 766 quo
1177 649 1493 736 immortalitatem
1513 649 1578 733 sibi
1596 679 1675 736 non
1693 651 1824 751 iniuria
1841 654 2000 766 polliceri

551 771 737 873 auderet,
764 771 860 856 duos
889 794 929 854 et
944 767 1072 884 viginti
1087 795 1208 853 annos
1234 767 1500 881 supervixerit,
1530 767 1579 852 de
1599 796 1648 854 eo
1664 769 1818 856 edendo
1836 797 1914 854 nou
1931 798 1993 855 co·

553 887 704 1019 gitarit,
720 913 786 972 aur
798 911 897 972 certe
913 886 1058 971 editum
1082 911 1161 970 non
1178 882 1289 969 fuerit
1280 883 1526 1018 'aPhilippo
1543 886 1673 970 Caroli
1697 885 1867 972 Caesaris
1894 885 1997 993 filio,

554 1003 658 1115 cujus
682 1005 774 1089 tami
797 1005 971 1108 intererat
987 1000 1169 1117 patrissui
1193 1001 1341 1090 maximi
1369 1025 1454 1116 post
1470 1001 1666 1088 hominum
1686 1003 1911 1090 memoriam
1927 1009 1997 1088 lm·

550 1120 731 1257 peratoris
767 1118 935 1205 facinora
976 1119 1242 1206 immortalitati
1285 1119 1581 1224 commendate,
1614 1143 1681 1206 aut
1704 1119 1850 1222 lsaltim
1897 1149 1990 1233 opus

549 1240 669 1375 ipsum
696 1262 757 1324 tot
793 1236 922 1364 vigiliis
947 1236 1238 1342 elucubratum,
1263 1259 1322 1322 tot
1351 1236 1462 1321 rebus
1488 1237 1598 1350 plane
1628 1235 1825 1323 illustribus
1848 1234 1997 1323 refertis

551 1357 687 1446 simum
713 1383 785 1439 ceu
809 1355 1024 1441 thesaurum
1057 1384 1151 1441 auto
1181 1380 1316 1442 contra
1338 1381 1417 1438 non
1446 1379 1576 1439 carum
1605 1355 1818 1442 conservari
1834 1353 1986 1464 iusserit,

552 1501 601 1562 ne
628 1473 801 1559 blattis
774 1472 954 1588 uncisque
977 1472 1184 1580 traderetur
1212 1469 1511 1586 deposcendum,
1536 1470 1644 1585 quod
1673 1469 1772 1557 forte
1797 1471 1996 1574 accidisset,

553 1590 620 1679 nisi
648 1594 787 1674 Crnou
815 1591 884 1676 111
921 1589 1112 1706 singularis
1147 1590 1351 1676 litterarum
1381 1588 1531 1703 patroni
1568 1587 1736 1703 auspiciis
1768 1615 1875 1674 nunc
1909 1613 1992 1673 ran-

553 1706 677 1795 dem
667 1738 705 1791 ιιι
721 1706 908 1821 publicam
924 1706 1045 1792 lucem
1064 1691 1245 1813 prodiret.

643 1739 747 1909 Adp
737 1851 930 1909 auctorem
954 1823 1064 1940 quod
1091 1847 1264 1936 spectat,
1292 1822 1449 1909 dubium
1480 1849 1561 1910 non
1607 1845 1691 1928 est,
1736 1822 1833 1938 quin
1870 1822 1996 1908 Histo-

553 1941 645 2028 riam
669 1941 765 2024 banc
789 1941 941 2029 editioni
968 1967 1137 2055 paratam
1161 1942 1357 2044 habuerit,
1390 1938 1481 2042 sed,
1507 1964 1622 2054 prout
1648 1964 1729 2026 erar
1758 1941 1884 2028 bomo
1911 1969 1996 2026 mo·

557 2058 807 2162 desrissimus,
835 2083 874 2145 ct
901 2060 969 2176 qui
996 2059 1202 2144 amicorum
1240 2058 1390 2143 monitis
1421 2057 1575 2142 libenter
1602 2058 1911 2192 obsequeretur,
1934 2057 1996 2144 de·

558 2175 703 2262 terrims
727 2200 783 2260 est
807 2203 831 2262 a
857 2206 928 2261 suo
953 2201 1148 2290 proposito
1171 2191 1187 2234 ¹
1221 2175 1352 2288 Jacobi
1369 2173 1547 2288 Neylae,
1574 2174 1643 2261 viri
1674 2175 1809 2280 dotti,
1835 2174 1992 2290 pruden-

557 2293 603 2378 tis
633 2320 679 2378 ac
716 2317 848 2378 nostro
875 2293 971 2380 inter·
1003 2321 1143 2430 paucos
1169 2293 1305 2398 amici,
1337 2291 1542 2378 rarioribus
1573 2291 1718 2427 uictus,
1748 2319 1847 2410 quas
1874 2292 1998 2381 videre

555 2409 674 2499 licet
664 2441 702 2495 m
715 2411 873 2523 epistola
888 2441 911 2496 a
926 2411 1091 2498 Genesin
1105 2409 1263 2497 adeum
1279 2410 1442 2525 scripta,
1457 2433 1497 2496 et
1522 2409 1712 2497 anobis
1702 2437 1742 2494 ιιι
1773 2407 1904 2503 fronte
1926 2408 1996 2494 Hi-

555 2528 696 2631 storiae
714 2527 907 2613 CaroliV.
937 2528 1095 2634 locata,
1111 2556 1237 2662 qtrae,
1268 2552 1312 2613 ut
1336 2555 1471 2614 verum
1502 2527 1699 2633 dicamus,
1720 2528 1917 2644 egregium
1940 2547 1992 2612 est

556 2668 849 2730 monumentum
879 2629 1000 2756 judicii
1024 2645 1212 2780 animique
1241 2645 1506 2732 moderationis
1522 2643 1758 2762 Sepulvedae
1774 2706 1787 2751 ,
1806 2645 1991 2760 quinon,

557 2785 601 2848 ut
617 2761 817 2850 honriues
808 2763 926 2877 rg'nari
941 2762 1075 2876 mique
1094 2764 1192 2848 caeci
1220 2763 1462 2850 admiratores
1486 2758 1606 2847 facme
1633 2761 1786 2868 solent,
1799 2761 1884 2898 'qui
1915 2759 1993 2846 foe·

559 2903 620 2965 tus
636 2909 721 2964 suos
736 2879 924 2992 impolitos
939 2879 1026 2964 lictu
1037 2903 1075 2965 er
1090 2880 1304 2968 abortivos
1295 2909 1341 2964 m
1351 2879 1473 2966 lucem
1489 2880 1664 2966 emittunt
1679 2878 1831 2994 ,operis
1856 2907 1911 2964 sur
1900 2875 1996 2964 edi·

559 2995 702 3082 tionem
727 2997 989 3082 maturandam
1012 2998 1180 3104 cemuir,
1208 2997 1307 3085 sed
1298 3023 1394 3084 mtra
1410 2998 1634 3084 domesticos
1650 2938 1919 3083 cdntinendam
1935 3023 1996 3107 pa·

558 3114 697 3216 rietes,
714 3141 759 3198 ac
783 3113 1087 3228 perpoliendam:
1106 3115 1318 3231 quodcum
1335 3114 1445 3200 aliis
1435 3143 1474 3199 ιιι
1498 3115 1635 3230 seriptis
1651 3111 1771 3200 facere
1786 3111 1994 3215 constravit,

501 3273 504 3282 ·
561 3256 606 3322 ur
621 3231 669 3316 sic
685 3231 890 3318 domomm
906 3231 1112 3319 amicouun
1143 3230 1318 3348 judicium
1342 3232 1580 3347 exquireret,
1595 3256 1663 3337 ut,
1681 3259 1711 3316 st
1698 3232 1820 3347 quid
1836 3252 1996 3317 erratum

562 3372 685 3453 esset,
717 3349 892 3462 prudens
892 3341 1144 3481 emendaret,
1159 3375 1330 3437 veterum
1360 3350 1581 3464 scriptorum
1602 3349 1813 3464 exemplum
1830 3366 1995 3450 secutus,

561 3487 644 3555 tum
672 3465 867 3578 praecipue
891 3465 934 3548 iri
946 3467 1143 3572 Historia,
1167 3495 1265 3582 quae
1281 3529 1296 3572 ,
1310 3491 1385 3573 quo
1395 3471 1539 3550 diutius
1549 3474 1747 3576 premitur
1755 3463 1894 3579 (verba
1909 3483 1993 3550 sunt

561 3580 817 3696 Sepulvedae)
833 3597 871 3666 et
893 3598 954 3666 est
976 3586 1229 3690 inmanibus,
1257 3586 1324 3668 luc
1342 3589 1438 3668 omni
1462 3599 1642 3694 exparte
1661 3585 1869 3693 peqbcrim
1887 3587 1995 3685 exit,

561 3727 646 3787 nam
675 3714 714 3783 et
739 3705 822 3784 stili
839 3705 1074 3809 perpoliendi
1094 3705 1215 3810 major
1239 3698 1504 3808 esifhcuitas,
1520 3717 1558 3787 et
1573 3727 1637 3785 res
1660 3707 1795 3786 nimiae
1812 3703 1993 3790 initiata·

560 3832 669 3922 tent,
705 3831 742 3900 et
769 3820 1088 3925 eunomiique
1117 3844 1280 3904 smmme
1308 3817 1525 3924 suuntur,
1558 3843 1650 3926 quas
1681 3835 1827 3930 tempus
1858 3821 2000 3900 indicat

562 3950 606 4018 et·
626 3931 830 4042 patefirtt‘tr
864 3935 1096 4039 Praeterea,
1119 3939 1450 4044 messspertandus
1475 3944 1532 4018 rit
1556 3943 1722 4020 auctoris
1749 3939 1902 4040 obitus,
1924 3936 1996 4015 mi·

562 4056 722 4136 trusisti
745 4060 973 4160 comrrprioni
998 4059 1225 4160 redaquetur
1238 4112 1252 4158 ,
1267 4067 1305 4136 ιι
1329 4061 1460 4138 omnm
1475 4054 1687 4140 liberarer
1711 4057 1891 4138 audacius
1917 4063 1999 4132 tra·

563 4169 760 4252 orabuntur
783 4177 1049 4276 mermtiaeque·
1067 4176 1284 4278 pendentm.
1313 4169 1530 4284 Additque:
1549 4168 1708 4255 Faciam
1734 4177 1881 4279 igitur,
1904 4163 2000 4272 quod

565 4312 713 4393 mones,
736 4299 779 4369 et
805 4287 1022 4372 Historiam
1044 4286 1171 4376 casote
1201 4289 1380 4375 Caesaris
1404 4347 1418 4393 ,
1449 4311 1559 4394 quam
1581 4292 1635 4372 ad
1658 4285 1788 4388 fintm-
1797 4287 1992 4400 perduxi,

609 4534 624 4576 1
665 4517 795 4576 Multum
814 4537 884 4578 sane
903 4522 974 4580 lucis
995 4539 1031 4579 ex
1049 4521 1105 4580 hae
1124 4521 1265 4597 epistola,
1290 4541 1316 4580 ιι
1305 4521 1408 4580 diem
1427 4534 1460 4582 er
1477 4539 1585 4582 aunum
1600 4521 1771 4621 praeferret,
1790 4521 1997 4584 fotnttmmllf

565 4598 604 4656 ad
624 4598 831 4672 designandum
852 4613 987 4676 tempus,
1002 4617 1058 4674 quo
1072 4603 1233 4676 Sepulveda
1246 4599 1344 4659 Caroli
1359 4603 1396 4658 V.
1411 4605 1774 4680 Historiamcouseripsit,
1792 4621 1822 4662 er
1839 4616 1926 4680 paene
1940 4595 1995 4670 jam

567 4677 605 4734 ad
626 4692 784 4736 extremum
804 4681 972 4753 perduxerat
989 4682 1075 4737 libros
1089 4679 1124 4738 de
1137 4679 1215 4738 Orbe
1236 4695 1317 4738 nouo.
1344 4681 1503 4739 Excusatum
1526 4701 1591 4741 eam
1609 4697 1707 4742 tamen
1735 4686 1888 4758 epistolam
1910 4672 1995 4746 conji-

566 4759 657 4816 cimus
677 4772 745 4816 ante
765 4776 873 4820 annum
890 4761 975 4834 ¹5⁶3·
994 4777 1050 4833 quo
1070 4759 1243 4817 absolutus'
1234 4778 1292 4834 qu
1311 4773 1376 4818 erat
1394 4778 1483 4819 ιιιωι
1495 4760 1606 4836 Orbas,
1631 4764 1869 4837 queamdmodum
1888 4751 1994 4826 scripiil

566 4851 665 4896 noster
684 4837 720 4894 ad
734 4837 915 4912 Olivanum,
936 4841 982 4897 eui
1002 4843 1090 4897 etiam
1111 4840 1244 4918 nuntiat,
1265 4857 1367 4902 vacare
1387 4857 1419 4901 st
1438 4843 1634 4904 cunemundus
1646 4843 1772 4920 Philippi
1786 4843 1825 4903 11.
1845 4832 1993 4900 Ηὶιιῡῖῑῑθ·

569 4915 1161 4998 v.prg.x011inujusconnemarti
1209 4971 1213 4978 .
1256 4985 1257 4988 ,
