4298 5980
589 485 831 572 CAROLI
875 489 927 571 V.
976 479 1091 570 ΗΒ.
1123 489 1234 572 v11.
1509 490 1598 578 225

174 649 346 759 tamdiu
374 643 686 773 custodiretur,
716 650 858 752 donec
894 648 1156 750 ducatorum
1193 634 1513 789 quadringenta
1538 645 1641 748 mil

173 802 233 904 lia
269 801 327 904 ad
363 797 634 938 stipendium
670 795 861 897 militare
896 784 952 894 ab
996 832 1051 893 eo
1094 790 1478 933 persolverentur:
1521 791 1639 894 inte-

173 947 262 1047 rim
299 955 477 1062 Roma,
513 941 670 1061 Ostia,
706 937 1033 1057 Civitasvetus,
1068 944 1223 1038 Parma
1259 971 1304 1036 et
1340 935 1559 1039 Placentia
1595 936 1640 1040 fi«

173 1089 249 1191 dei
285 1125 411 1188 causa
446 1085 494 1186 in
529 1107 800 1228 potestatem
826 1081 976 1186 Caroli
1017 1083 1208 1182 Caesaris
1251 1079 1607 1221 permitterentur
1627 1131 1647 1185 a

172 1245 193 1334 1
227 1233 313 1332 itur
349 1229 605 1372 praesidio,
640 1229 766 1369 quod
802 1263 894 1328 erat
938 1226 1361 1370 quadringentorum
1402 1223 1643 1330 hominum

173 1271 264 1476 tire
316 1375 521 1475 omnium
562 1373 886 1498 joculatorum,
930 1372 1123 1516 digresso
1169 1410 1268 1513 pars
1311 1367 1416 1472 arcis
1461 1367 1648 1472 inferior·

174 1517 384 1658 Philippo
420 1514 703 1617 Cervellonio
740 1513 976 1652 Hispano,
1012 1551 1055 1616 et
1091 1515 1212 1618 alteri
1247 1516 1498 1618 centurioni
1533 1527 1642 1618 Ger*

175 1701 313 1763 mano
368 1698 473 1759 curn
529 1659 614 1760 suis
662 1655 1004 1800 manipularibus
1071 1659 1359 1762 custodienda
1414 1661 1642 1764 tradinsr:¹

177 1802 403 1904 Pontificis
450 1839 597 1904 autern
646 1838 689 1905 et
712 1810 716 1818 ’
737 1801 1080 1923 Cardinalium,
1128 1805 1208 1943 qui
1250 1837 1373 1944 parte
1422 1806 1646 1947 superiore

180 1943 552 2065 continebantur,
600 1946 801 2045 custodia
850 1947 1076 2045 Pernando
1131 1946 1341 2048 Alarconi
1401 1986 1504 2052 curn
1542 1987 1644 2092 par-

178 2127 241 2190 vo
278 2092 584 2231 Hispanorum
621 2086 835 2228 praesidio
871 2085 1183 2190 committitur.
1221 2097 1344 2189 Nam
1379 2091 1530 2218 diebus
1567 2135 1643 2194 su·

179 2232 428 2375 potioribus
479 2229 630 2332 ethic
671 2268 714 2333 et
761 2230 942 2332 Carolus
983 2239 1176 2362 Lanojus
1227 2271 1330 2331 cum
1375 2272 1425 2333 ea
1472 2235 1643 2374 Hispa

182 2413 346 2476 norum
409 2387 817 2516 Germanorumque
869 2413 1006 2474 manu
1045 2448 1063 2497 ,
1114 2411 1251 2514 quarn
1317 2412 1369 2473 ex
1426 2375 1643 2515 Hispania

181 2519 492 2639 traduxerant,
530 2555 749 2660 praeterea
785 2517 910 2619 Vasti
943 2514 1185 2640 Marchi0,
1232 2525 1375 2658 Hugo
1417 2520 1649 2622 Moncada.

182 2697 226 2764 et
263 2671 497 2805 Pompejus
533 2662 752 2764 Columna
786 2659 1029 2763 Cardinalis
1061 2670 1260 2763 Romam
1294 2694 1605 2764 convenerant.

270 2817 393 2907 XVI.
482 2820 692 2908 Ceterum
729 2807 871 2946 pridie
907 2803 1144 2905 deditionis
1186 2803 1369 2908 Carolus
1411 2814 1602 2938 Lanojus
1626 2817 1648 2928 ,'

177 2986 379 3090 cumque
416 2989 470 3048 eo
507 2950 631 3050 Vasti
666 2947 875 3049 Marchio
911 2945 1034 3049 Urbe
1071 2942 1352 3089 profugerat,
1388 2985 1439 3048 ut
1474 2949 1646 3091 Hispa-

126 3217 138 3236 χ
182 3131 343 3192 norum
378 3086 572 3193 furorem
607 3092 817 3214 vitarent,
847 3095 984 3235 quem
1010 3091 1316 3192 seditiosorum
1348 3093 1650 3233 quorumdam

184 3235 430 3336 calumniae
471 3235 521 3336 in
565 3236 680 3378 ipsos
724 3236 1075 3338 concitaverant.
1119 3247 1321 3376 Itemque
1369 3235 1501 3377 paulo
1545 3273 1646 3377 post

186 3375 447 3480 Philibertus
481 3381 671 3480 Uraniae
706 3379 941 3523 Princeps,
975 3415 1172 3480 metuens
1209 3391 1532 3483 Germanorum
1567 3382 1646 3482 im·

186 3554 370 3664 petum,
410 3516 634 3665 prolirgit,
669 3563 862 3665 quotum
898 3524 946 3623 in
988 3564 1031 3625 se
1076 3523 1292 3627 invidiam
1334 3527 1533 3664 iramque
1576 3560 1647 3622 te-

187 3669 371 3768 meraria
407 3667 636 3806 pactione,
672 3706 810 3808 quam
846 3701 1058 3810 praestare
1094 3667 1328 3810 nequibat,
1362 3667 1647 3786 conflaverat,

189 3812 298 3912 dum
352 3809 529 3952 imperii
578 3851 798 3914 summam
855 3813 1046 3914 comitiis
1103 3811 1368 3914 militaribus
1425 3807 1643 3914 ambiret.

187 3959 311 4050 ‘Nam
349 3953 461 4055 inter
503 3966 780 4077 Germanos,
823 3992 867 4060 et
907 3958 1130 4096 Hispanos
1173 3987 1465 4071 convenerat,
1501 3989 1552 4054 ut
1595 3995 1648 4056 ex

191 4095 522 4238 quadringentis
572 4101 834 4202 ducatorum
880 4098 1105 4215 millibus,
1151 4136 1264 4238 quae
1307 4091 1512 4197 Pontifex
1559 4131 1649 4219 erac

192 4277 525 4361 numeraturus,
552 4245 776 4344 Germanis
814 4245 1006 4385 primum
1042 4241 1277 4343 emeritum
1311 4280 1452 4381 usque
1488 4242 1542 4341 ad
1580 4280 1652 4340 ca-

190 4415 314 4522 ptam
348 4393 545 4484 Romam
588 4385 890 4525 stipendium,
931 4382 1090 4484 deinde
1131 4384 1342 4527 Hispanis
1386 4384 1651 4525 persolvere-

191 4559 287 4630 tur.
327 4523 585 4630 Philibertus
620 4562 799 4649 autem,
836 4527 914 4669 qui
949 4565 1112 4632 temere
1148 4526 1233 4631 sibi
1268 4563 1423 4630 cuncta
1464 4535 1518 4632 de
1561 4528 1652 4629 Hi·

186 4707 432 4809 spanorum
480 4668 687 4778 facilitate
735 4670 1054 4812 pollicebatur,
1099 4673 1148 4775 in
1189 4674 1363 4776 occulto
1407 4683 1654 4774 Germano⁴

197 4850 316 5058 mni*
332 4814 560 4961 colloquio
595 4815 831 4962 promisit,
858 4817 895 4918 si
929 4814 1138 5061 suffragip
1173 4816 1369 4966 ipsorum
1404 4813 1453 4923 ln
1488 4818 1655 4922 demor-

309 4999 379 5062 om.
394 4971 429 5062 1.
1076 4971 1105 5060 F
1592 4958 1658 5064 tui
