4326 5986
550 435 636 551 37⁸
964 447 1050 534 ot
1099 444 1305 530 nasus
1351 444 1578 542 casrts

506 608 731 710 Mendoza
774 602 993 707 Ludovici
1029 600 1306 706 Marchionis
1347 600 1474 707 fratre
1510 645 1554 706 se
1591 601 1903 731 sustinebant,
1932 647 1975 718 et

508 749 695 854 subinde
740 746 1045 922 colligebant,
1081 750 1224 876 donec
1258 750 1474 871 Carolus,
1513 787 1637 890 parte
1673 753 1894 893 peditatus
1926 799 1969 860 se

511 894 777 1038 subsequi
763 931 913 1030 jussa,
960 933 1067 1000 cum
1110 871 1330 1037 equitibus
1373 893 1712 1039 cataphractis
1700 937 1749 1000 ιιι
1796 939 1970 1008 suorum

512 1040 759 1144 subsidium
797 1039 947 1141 venit

581 1193 641 1288 X.
715 1190 841 1284 Tum
876 1224 984 1286 vero
1019 1181 1164 1286 hostes
1221 1180 1450 1288 tormentis
1492 1181 1649 1287 relictis
1692 1182 1867 1328 effusius
1909 1187 1978 1292 fir-

513 1365 613 1473 gere
649 1364 950 1469 perrexerunt3
990 1363 1055 1430 ast
1090 1327 1264 1472 longius
1300 1329 1432 1470 paulo
1468 1328 1713 1471 progressi,
1737 1373 1844 1436 cum
1880 1336 1975 1436 aui·

513 1474 835 1576 madverterent
862 1511 1034 1576 nostros
1070 1472 1194 1576 nullo
1224 1475 1380 1578 ordine
1414 1473 1649 1638 progredi,
1680 1513 1725 1578 et
1759 1477 1977 1620 quosdam

513 1617 764 1761 cupidius
751 1655 1024 1782 insequentes
1061 1657 1149 1718 sese
1190 1616 1248 1720 ab
1283 1617 1379 1719 aliis
1414 1618 1705 1751 disjunxisse,
1738 1619 1890 1724 subito
1930 1660 1975 1728 et

515 1799 682 1906 magno
718 1802 823 1864 cum
859 1765 1033 1924 impetu
1070 1795 1328 1863 revertentes
1364 1771 1554 1881 Graecos
1590 1761 1688 1864 illos
1700 1840 1716 1885 ,
1752 1804 1867 1908 quos
1906 1807 1976 1868 su·

515 1944 595 2048 pra
632 1907 1056 2028 demonstravimus,
1090 1945 1196 2008 nam
1232 1905 1282 2008 bi
1317 1939 1483 2008 ceteros
1516 1905 1857 2030 antecedebant,
1887 1947 1974 2012 ter

516 2089 575 2192 ga
611 2087 780 2152 vertere
817 2064 1081 2215 coegerpnts
1122 2087 1149 2149 a
1185 2048 1347 2196 quibus
1383 2089 1489 2154 cum
1523 2044 1655 2192 firgae
1681 2047 1847 2156 facnrm
1877 2048 1973 2155 fitis

514 2227 580 2292 set
614 2192 830 2316 initium,
864 2197 996 2298 ceteri
1031 2233 1216 2358 quoque
1251 2195 1412 2335 pedem
1450 2192 1726 2318 retulerunt,
1763 2237 1847 2300 nec
1881 2232 1979 2306 ante

512 2337 834 2460 constiterunt,
871 2377 1008 2478 quam
1042 2339 1092 2440 in
1113 2374 1414 2480 conspectum
1448 2337 1599 2442 Caroli
1634 2340 1862 2463 venirent,
1898 2343 1978 2483 qui

516 2480 815 2623 cataphractos
851 2481 1048 2584 districto
1084 2479 1234 2622 gladio
1268 2483 1527 2584 antecedens
1563 2521 1642 2584 suo
1666 2486 1862 2588 adventu
1894 2524 1978 2586 no-

517 2660 626 2726 stros
661 2623 981 2746 confirmavit,
1024 2623 1260 2765 hostesque
1302 2664 1394 2726 non
1430 2625 1572 2726 modo
1618 2628 1858 2769 repressit,
1902 2629 1974 2730 sed

516 2768 647 2869 etiam
686 2769 733 2871 in
769 2763 923 2911 lugam
959 2767 1174 2905 conjecit,
1215 2767 1423 2910 exuitque
1458 2770 1720 2893 tormentis,
1755 2807 1800 2872 et
1832 2771 1978 2874 multo

516 2920 606 3046 jam
644 2912 753 3033 die,
785 2952 891 3015 cum
926 2947 1065 3014 aestus
1101 2911 1420 3034 invalesceret,
1453 2952 1555 3016 suos
1595 2951 1673 3054 per
1705 2915 1820 3017 aucis
1863 2914 1979 3018 desi·

513 3055 721 3159 derasis
708 3096 756 3162 tn
791 3091 926 3160 castra
961 3055 1161 3158 reduxit
1200 3056 1321 3158 Huic
1357 3055 1573 3199 praelio
1561 2952 1762 3166 inteduit
1793 3070 1981 3162 Feman-

517 3199 599 3300 dus
636 3200 830 3302 Alarcon
866 3199 1075 3302 Marchio
1116 3198 1343 3302 Sicilianae
1385 3199 1565 3323 Vallis,
1602 3201 1683 3364 qui
1719 3201 1854 3344 paulo
1887 3238 1974 3304 tar·

516 3342 616 3443 dius
651 3344 847 3486 Neapoli
882 3339 1103 3485 profectus
1139 3343 1278 3485 pridie
1320 3343 1471 3446 multis
1513 3384 1567 3446 ex
1609 3345 1810 3486 Hispana
1853 3355 1980 3448 Nea-

515 3485 802 3630 politanaque
836 3484 1065 3589 nobilitate
1100 3485 1419 3589 comitantibus
1454 3524 1737 3628 pervenerat.
1774 3486 1901 3611 Hic,
1933 3527 1984 3593 ut

516 3666 610 3732 crat
660 3671 824 3774 magna
866 3632 1097 3795 prudentia
1134 3667 1178 3733 et
1223 3631 1287 3732 rei
1322 3630 1613 3751 militaris,
1600 3672 1651 3736 ιιι
1684 3673 1775 3776 qua
1816 3632 1987 3738 scilicet

516 3809 840 3896 consenuerat,
879 3774 1211 3918 peritissimus,
1252 3775 1410 3877 auditis
1456 3776 1709 3920 partimque
1748 3779 1987 3920 perspectis

515 3916 873 4038 discriminibus,
909 3959 1024 4061 quae
1058 3918 1242 4022 Carolus
1276 3914 1527 4084 frequentet
1559 3921 1737 4044 adibat,
1771 3923 1990 4065 supplici·

515 4056 598 4164 bus
634 4063 860 4226 quidem,
888 4066 963 4165 sed
999 4099 1148 4164 tamen
1189 4063 1455 4205 gravissimis
1490 4103 1595 4169 eum
1636 4001 1781 4170 verbis
1815 4063 1989 4170 dehor-

514 4237 629 4310 tatus
665 4243 759 4330 est,
795 4205 1031 4350 primum,
1064 4245 1123 4308 ne
1158 4239 1248 4310 tam
1285 4245 1491 4350 praeceps
1527 4208 1575 4310 ιιι
1612 4209 1804 4375 pericula
1833 4247 1988 4314 rueret

513 4386 619 4449 curn
655 4390 822 4495 magno
858 4391 939 4452 suo
975 4386 1021 4453 et
1056 4351 1193 4456 totius
1230 4352 1441 4457 exercitus
1476 4352 1779 4456 discrimine
1766 4393 1813 4460 ιιι
1859 4389 1985 4460 tanta

511 4525 840 4596 tormentorum
875 4493 1214 4640 volantiumque
1250 4498 1438 4602 telorum
1474 4492 1749 4643 frequentia3
1785 4495 1974 4658 deinde,

510 4672 562 4738 ur
596 4677 695 4741 suos
731 4676 870 4785 quarn
901 4641 1095 4748 maxime
1129 4676 1324 4788 posset
1316 4681 1343 4744 a
1377 4642 1552 4810 praeliis
1593 4681 1690 4752 non
1729 4639 1977 4748 necessariis

511 4781 767 4890 continete.

1893 4931 1979 5034 XL
