4284 5982
689 423 808 502 VITA
839 429 906 502 ET
930 425 1130 505 SCRIPTA
1494 427 1609 501 CVII.

166 583 243 649 ntes
262 553 469 662 Arandae,
486 551 630 640 Canon
647 558 709 640 111.
744 555 854 670 apud
873 559 1017 672 Regem
1034 551 1179 639 Galliae
1194 549 1337 636 Orator
1352 607 1367 656 ,
1384 577 1466 636 earn
1492 552 1626 665 reperit

170 681 209 765 in
240 677 360 812 Regia
376 673 818 778 ParisieusiBibliotheea
839 735 850 779 ‚
878 697 1166 787 accuratamque
1183 671 1232 756 ad
1251 699 1318 754 nos
1334 670 1530 756 transmisit
1552 670 1624 756 de·

164 796 421 911 scriptionem.
437 791 575 907 Operis
588 791 795 909 epigraphe
812 789 1028 900 hujusmodi
1045 817 1100 876 est
1116 821 1125 875 :
1141 791 1259 884 Libri
1274 789 1511 894 Aristotelis,
1529 813 1620 894 quas

162 920 281 1022 uulgo
313 912 449 998 Latini
479 911 670 1026 parvulos
705 907 890 995 naturales
933 907 1118 1024 apellant,
1144 935 1164 990 e
1195 907 1341 990 Graeco
1374 915 1412 988 in
1438 908 1617 990 Lauinum

161 1056 366 1116 sermonem
396 1035 595 1116 commu:
622 1025 779 1143 Joanne
810 1027 968 1114 Genesin
998 1031 1044 1110 de
1060 1027 1276 1136 Sepuloedo
1304 1025 1532 1108 Cordubensi
1557 1035 1617 1108 in·

162 1164 363 1260 terprete:
394 1172 431 1234 1.
448 1145 526 1235 vol.
542 1149 579 1230 in
603 1143 668 1232 fot·
709 1147 889 1232 Dicatunn
912 1170 967 1232 est
997 1150 1049 1228 ad
1070 1151 1342 1258 grauissimum
1367 1149 1613 1252 Praesulem,

160 1275 384 1376 Principem
411 1271 706 1352 illustrissimum
723 1321 738 1370 ,
753 1262 901 1380 Julium
923 1265 1137 1368 Medicam,
1156 1262 1419 1365 cardinalem,
1436 1261 1614 1345 Viceaan·

159 1391 383 1490 cellarium,
418 1389 493 1472 &a
524 1383 699 1499 Sequitur
727 1381 889 1500 Jaanois
919 1382 1072 1466 Genesii
1091 1373 1331 1490 Sepuloedae
1350 1379 1546 1489 praefinio
1571 1389 1613 1462 in

160 1509 509 1614 inerpretationem
534 1505 716 1586 duorum
745 1501 972 1586 Aristotelis
1014 1504 1063 1584 de
1089 1499 1345 1605 animalibus,
1387 1506 1451 1605 qui
1495 1503 1614 1609 vulgo

161 1621 273 1738 parvi
297 1619 494 1709 naturales·
511 1622 759 1730 appellantia.

256 1740 335 1825 Etsi
366 1739 509 1826 nullam
546 1739 639 1825 haec
664 1738 780 1825 editio
805 1765 930 1852 nequo
952 1733 1048 1845 loci,
1073 1765 1199 1854 neque
1221 1727 1311 1822 anni
1341 1757 1472 1820 notam
1502 1757 1609 1849 prae.

148 1851 291 1965 leret,
318 1856 399 1946 duo
413 1887 461 1945 ex
481 1854 711 1973 praelatione
733 1856 817 1942 loca
833 1856 1092 1962 adducemus,
1118 1855 1313 1971 exquibus
1364 1854 1453 1939 ussit
1471 1852 1611 1939 intelli-

165 1977 235 2094 gi,
264 2003 350 2064 earn
379 1975 429 2066 ab
456 2001 561 2062 annu
582 1975 643 2061 M.
659 1981 710 2060 D.
727 1977 835 2060 XXI.
863 1975 913 2060 ad
945 1971 1006 2059 Μ.
1022 1980 1072 2060 D.
1091 1977 1228 2060 XXlll.
1338 1995 1459 2058 estant
1485 1967 1608 2059 fuisse.

165 2095 272 2182 Prior
289 2095 396 2182 locus
410 2091 460 2180 sic
473 2093 660 2180 sehabet:
680 2094 965 2202 Quaevirtrdes
981 2093 1072 2178 mibi
1087 2108 1172 2176 atate
1189 2115 1325 2199 quoque
1338 2087 1611 2192 notaefuerani

167 2218 363 2298 amborum
390 2237 584 2318 sermone,
610 2215 675 2319 qui
689 2207 987 2324 tefflailioriter
1009 2216 1214 2294 comunt:
1240 2225 1332 2292 tunc
1356 2217 1610 2292 anamulata

162 2329 337 2442 jamfide
356 2345 607 2441 popedon,
631 2357 712 2415 cum
736 2343 813 2416 tres
835 2331 971 2412 abbinc
994 2353 1111 2414 annos
1135 2329 1184 2412 ab
1207 2323 1463 2434 Hispanorum
1490 2327 1610 2410 Bono·

171 2457 295 2534 mend
310 2445 468 2560 Collegla
481 2475 546 2534 res
559 2453 682 2562 ipsias
692 2461 998 2558 procuraturus,
1020 2459 1233 2532 transeunte
1255 2443 1445 2528 Florentia
1463 2441 1611 2558 'Joanne

167 2567 435 2674 Emmanuele,
449 2567 629 2654 Caesaris
645 2567 812 2676 Legata,
837 2571 889 2649 ad
910 2581 948 2650 te
976 2572 1113 2648 missus
1132 2591 1226 2648 sum.
1255 2562 1361 2649 Alter
1376 2561 1450 2646 hoc
1466 2587 1608 2676 pacto:

168 2682 265 2800 Jam
294 2711 389 2770 vera
410 2688 503 2794 qma
517 2687 563 2770 de
579 2686 694 2772 ammi
715 2692 773 2768 tui
805 2685 1229 2795 magnituditudinem?
1258 2681 1370 2791 ,Quae
1397 2705 1480 2764 cum
1511 2681 1610 2762 alias

168 2811 300 2888 multis
325 2819 384 2887 est
409 2817 551 2888 testato
581 2804 806 2888 documentis
836 2860 848 2907 ,
887 2817 966 2886 tum
994 2809 1155 2886 mamme
1188 2801 1279 2884 bello
1310 2800 1609 2902 Mediolanensi,

171 2943 256 3006 tum
287 2928 329 3004 in
356 2929 630 3032 oppugnatione
644 2929 752 3004 unius
777 2925 905 3030 oppidi
928 2927 1132 3004 exercitum
1153 2921 1444 3002 ecclesiasticum
1468 2921 1616 2998 tmrdiu

170 3040 557 3145 *bammevnonfoens
571 3099 583 3145 ,
599 3042 785 3152 advolas,
811 3053 849 3122 et
864 3064 1005 3121 smnma
1019 3042 1209 3122 industria
1249 3061 1296 3119 oc
1319 3041 1539 3118 nrenuitate
1568 3041 1614 3116 iu

171 3185 307 3267 agrurn
337 3153 646 3243 Mediolanensem
662 3163 774 3267 rapis
800 3181 955 3273 agmen,
988 3181 1056 3240 oon
1074 3159 1232 3265 &nnus
1252 3156 1455 3256 videlicet,
1483 3161 1524 3234 in
1539 3171 1607 3235 uno

169 3273 383 3360 Mediolano
401 3291 528 3361 celero
549 3279 688 3386 oppida
705 3281 917 3386 repugnari
937 3292 1079 3385 passe:
1110 3289 1332 3378 secumque
1348 3279 1479 3356 mortis
1500 3275 1610 3376 ,nul-

169 3400 405 3479 nmmsam
431 3399 603 3504 periculo
634 3450 647 3499 ,
680 3401 839 3482 mirante
859 3407 935 3478 toto
956 3393 1157 3495 eandm,
1196 3401 1233 3473 et
1256 3397 1403 3498 pmmm
1426 3391 1610 3498 progredi
1721 3481 1722 3484 w

168 3524 388 3618 recusante,
419 3517 670 3620 amplissimae
692 3503 822 3618 urbis,
849 3505 1116 3610 etfirmissimo
1134 3511 1330 3619 praesidio
1345 3514 1505 3592 maniae
1514 3527 1611 3616 par·

170 3637 227 3714 tis
250 3626 416 3738 infimus
431 3637 552 3714 ades:
584 3631 752 3714 hostibus
775 3643 860 3715 ante
884 3643 986 3713 tuum
1008 3629 1209 3712 adventum
1235 3627 1510 3710 exsultantibus
1532 3650 1611 3707 me·

171 3739 420 3832 inminentis.
451 3747 684 3858 Quidplura
702 3753 715 3832 i
733 3761 884 3832 -cereros
904 3771 976 3832 non
991 3747 1151 3850 damno,
1177 3751 1242 3852 gui
1254 3735 1424 3850 furasse
1448 3765 1516 3827 aaa
1533 3757 1612 3824 tam

170 3893 238 3952 suo
261 3866 483 3970 arbitratu,
510 3867 688 3974 quomod
707 3866 886 3974 majorum
894 3869 1150 3976 perscriptum
1169 3888 1247 3946 rem
1266 3862 1447 3968 gerebant
1464 3919 1477 3965 ,
1493 3875 1611 3965 certe,

173 3987 272 4091 parad
287 3997 459 4089 comem,
482 3987 708 4089 exercitus,
736 3991 801 4091 qui
823 3985 948 4068 tribus
977 3989 1133 4068 circiter
1147 3981 1332 4064 mensibus
1358 3975 1459 4059 baud
1468 3981 1613 4088 grande

173 4105 350 4210 oppidana
364 4104 550 4186 obsessum
558 4096 720 4208 frustm
743 4115 1013 4212 oppugnatas,
1038 4103 1135 4184 idem
1161 4112 1199 4181 te
1215 4099 1306 4179 duce
1322 4098 1521 4180 monimum
1544 4119 1615 4182 ur·

177 4221 257 4302 bem
274 4235 449 4305 momento
473 4227 652 4336 temporis
669 4223 916 4328 expugnavit.
1635 4255 1637 4260 ¹

263 4337 410 4424 Bellum
428 4335 712 4424 Mediolanense
728 4361 875 4452 gesturn
892 4353 947 4421 est
972 4361 1075 4420 anno
1092 4333 1151 4420 M.
1168 4329 1220 4418 D.
1237 4327 1343 4418 XXI.
1369 4357 1451 4450 quo
1466 4348 1618 4446 tempo·

178 4481 218 4541 re
236 4455 358 4568 Julius
381 4453 549 4542 Mediees
565 4461 728 4572 Legatus
751 4478 831 4540 erat
855 4449 1097 4558 Pontificius,
1124 4453 1191 4567 qui
1219 4451 1370 4538 duobus
1397 4476 1485 4566 post
1514 4450 1619 4537 annis
1646 4513 1650 4522 ·

172 4573 398 4659 Romanam
413 4573 548 4660 Sedent
565 4571 792 4688 occupavit:
827 4571 931 4660 unde
945 4567 1020 4657 hoc
1037 4569 1212 4686 temporis
1228 4567 1423 4659 intervallo
1442 4571 1483 4654 in
1497 4568 1619 4658 lucern

174 4691 347 4776 emissam
370 4689 603 4806 Sepulvedae
617 4688 801 4778 credimus
821 4685 1180 4806 interpretationem.

226 4896 231 4900 .
262 4813 355 4896 Post
380 4805 649 4924 praefationem
675 4807 842 4926 sequitur
861 4837 947 4925 pag.
972 4835 1007 4893 1.
1039 4806 1158 4890 Liber
1173 4802 1399 4891 Aristotelis
1414 4799 1459 4888 de
1476 4815 1622 4893 incessu

176 4933 415 5038 animalium,
433 4935 638 5042 interprete
654 4927 798 5048 Jaam
815 4925 973 5130 Gergis
989 4927 1207 5035 Sepulneda
1225 4923 1464 5013 Corduberui.
1487 4931 1627 5128 Pagpk

953 5074 976 5131 2
