4294 5972
301 597 873 768 JO.'GENE811
930 401 1616 739 SEPULVEDrllf69

511 877 634 988 ua
692 876 975 1029 nauus
1024 872 1349 987 castrt

290 1115 895 1300 onuotr
979 1116 1550 1332 Qurutt

372 1373 800 1512 lMPuRaTours
832 1430 911 1512 ET
930 1433 1104 1513 REGIS
1136 1437 1461 1514 HISPANIAE

457 1779 706 1882 LIBER
765 1775 1376 1886 DUODECIMUS.

224 2003 257 2146 Ϊ.
295 1977 434 2148 HIS
469 2042 595 2146 rebus
632 2043 762 2186 gestis
797 2041 1175 2188 constitutisque,
1211 2037 1479 2146 Carolus
1435 2080 1557 2143 vrcos
1593 2081 1645 2145 ac

188 2187 289 2290 loca
324 2188 548 2328 superiora
581 2189 795 2329 reliquens
830 2223 965 2290 castra
1001 2189 1179 2330 propius
1225 2183 1477 2292 Goletam
1466 2220 1514 2286 ιιι
1549 2187 1645 2326 pla

188 2331 356 2432 niciem
391 2333 630 2493 quamdam
667 2329 962 2432 sabulosam
949 2368 1063 2431 tuter
1098 2332 1202 2433 duas
1237 2364 1402 2448 turres,
1439 2327 1496 2426 de
1539 2328 1644 2467 qui-

190 2473 273 2578 bus
308 2509 435 2635 supra
470 2474 756 2615 scripsimus,
795 2509 839 2574 et
885 2476 1251 2618 opportuniorem
1284 2473 1436 2573 locum
1481 2470 1536 2572 ad
1572 2509 1644 2570 ar-

190 2653 290 2717 cem
316 2617 671 2757 munttionesque
698 2616 894 2718 hostium
921 2618 1248 2780 oppugnandas
1263 2603 1493 2716 transfert.
1517 2621 1643 2718 Nam

189 2758 352 2918 quibus
397 2799 449 2858 ex
484 2759 620 2860 causis
663 2757 937 2861 Charadinus
972 2762 1175 2864 Goletam
1218 2751 1303 2860 sibi
1345 2756 1541 2902 primum
1585 2799 1641 2859 o

190 2939 367 3001 mnium
402 2903 687 3002 muniendam
701 2896 1136 3065 defendendamque
1183 2897 1405 3064 putabat,
1435 2900 1500 3002 ob
1546 2940 1641 3003 eas-

188 3045 294 3144 dem
329 3040 514 3145 Carolus
548 3042 711 3145 sibi
668 3083 860 3148 vrcrsstm
894 3045 1007 3148 hanc
1042 3081 1145 3147 ante
1180 3043 1336 3147 omnia
1371 3080 1639 3206 oppugnan-

186 3187 294 3287 'dam
330 3226 417 3288 esse
460 3186 705 3298 statuebats
747 3189 976 3331 primum,
1025 3189 1240 3331 quoniam
1283 3186 1466 3288 navium
1508 3189 1640 3329 quid
1715 3277 1722 3292 .

189 3331 320 3490 quid
337 3331 484 3428 aderat
518 3329 804 3450 Charadino,
839 3332 960 3434 locus
996 3331 1097 3453 ille,
1134 3368 1184 3433 ut
1219 3331 1390 3433 dictum
1426 3364 1515 3450 est,
1552 3331 1640 3430 dis·

46 3584 50 3591 ,
188 3472 370 3613 positis·
381 3511 564 3636 superne
600 3476 831 3575 tormentis
868 3474 1123 3598 tutabatur,
1151 3513 1258 3614 quas
1294 3511 1437 3576 naves
1458 3471 1640 3575 summis

188 3613 379 3756 opibus,
416 3617 707 3757 omniumque
748 3616 938 3716 maxime
974 3619 1083 3719 alter
1117 3612 1384 3739 defendere,
1427 3617 1532 3720 alter
1565 3655 1640 3716 ex

189 3795 385 3899 pugnare
427 3796 502 3861 aut
545 3800 698 3901 capere
742 3761 1024 3863 constituerat
1066 3797 1111 3862 et
1155 3695 1431 3862 conabatui:
1483 3757 1640 3859 deinde

188 3902 405 4044 quoniam
439 3940 625 4066 uterque
660 3939 869 4045 magnam
905 3945 992 4005 esse
1026 3899 1325 4004 facultatem
1313 3941 1360 4006 tn
1396 3899 1552 4004 Goleta
1581 3901 1639 4002 ad

187 4078 390 4166 nostros,
429 4047 463 4147 si
496 4053 718 4147 Tunetem
733 3989 983 4149 obsessum
1019 4081 1420 4187 oppugnatumque
1462 4083 1638 4205 proces-

188 4188 375 4309 sissent,
416 4187 736 4290 commeatibus
784 4190 1134 4292 intercludendos
1186 4185 1499 4331 intelligebat,
1556 4185 1639 4348 qui

186 4367 488 4452 commeatus,
526 4371 629 4433 cum
671 4370 784 4433 terta
829 4332 974 4434 omnis
1010 4367 1117 4435 esset
1161 4328 1362 4452 hostilis,
1401 4329 1637 4430 necessario

187 4479 311 4576 erant
363 4517 389 4576 a
433 4475 618 4626 navibus
659 4518 711 4577 er
753 4476 985 4578 intervallo
1027 4474 1230 4616 longiore
1274 4473 1475 4617 petendi.
1513 4484 1635 4598 Qua·

188 4655 367 4776 propter
404 4616 504 4758 post
534 4620 685 4724 Caroli
714 4621 955 4723 adventum
981 4617 1256 4721 Charadinus
1286 4619 1492 4720 Goletam
1521 4629 1637 4753 prae·

183 4758 301 4860 ,sidio
337 4761 605 4871 delectorum
645 4759 840 4904 militum
879 4799 1064 4868 numero
1108 4762 1166 4862 ad
1207 4761 1402 4867 duorum
1442 4757 1638 5002 milipm

191 4904 502 5008 T..0m1
1148 4909 1241 5006 Aaa
1596 4938 1616 4998 r
