4294 5972
533 445 616 539 290
927 422 1011 505 os
1052 421 1260 502 nesus
1301 415 1526 500 eesms

494 672 526 716 „
542 599 785 736 pugnantes
837 582 967 686 etin
1026 579 1172 680 castris
1215 576 1566 693 occumberent,
1618 570 1744 714 quod
1802 568 1957 717 copiae

496 774 645 865 „tuae
682 735 908 834 universae
951 729 1162 826 maxima·
1186 761 1310 861 saepe
1354 718 1608 823 discrimina
1646 718 1860 839 adirent,
1910 755 1957 822 et

495 881 750 1004 „omnium
785 913 930 976 rerum
967 870 1120 1011 inopia
1155 864 1443 987 laborarent,
1479 901 1529 966 ut
1559 900 1634 984 tu,
1667 903 1805 1004 quem
1830 903 1953 1005 prae-

495 1105 527 1148 „
545 1059 710 1126 sentem
740 1016 999 1162 putabamus
1025 1015 1276 1117 universam
1304 1011 1477 1114 Italiam
1503 1006 1813 1129 subacturum,
1832 1013 1957 1151 quod

497 1243 531 1294 „
547 1169 611 1269 tui
648 1203 717 1268 tot
751 1164 972 1268 laboribus
1021 1197 1238 1299 tantoque
1281 1153 1444 1256 diffuso
1480 1193 1633 1256 cruore
1671 1192 1957 1294 paraverunt,

494 1315 587 1436 „id
624 1308 822 1412 hostibus
857 1309 1043 1410 traderes
1094 1301 1193 1405 ficta
1240 1340 1394 1403 eorum
1435 1299 1635 1401 oratione
1670 1299 1843 1420 victus,
1879 1303 1956 1446 qni

494 1496 584 1580 „te
619 1452 775 1556 frustra
811 1448 1103 1596 pertinacibus
1147 1447 1279 1547 armis
1304 1477 1713 1588 oppugnaverant,
1758 1446 1869 1546 dum
1913 1483 1955 1548 te

493 1677 527 1728 „
546 1642 621 1743 per
658 1601 849 1743 speciem
877 1593 1123 1738 Religionis
1154 1592 1211 1691 ad
1245 1585 1596 1693 Christianorum
1615 1627 1790 1730 pacem,
1818 1631 1955 1731 quam

377 1865 380 1871 1
494 1747 624 1887 „ipsi
662 1741 949 1886 perturbant,
987 1739 1121 1838 etad
1158 1734 1324 1878 bellum
1361 1736 1408 1836 in
1444 1744 1652 1853 Tutcas,
1687 1775 1798 1874 quos
1834 1737 1954 1839 inte

495 1891 685 2012 „solent
720 1887 941 1987 concitare
958 1959 973 2002 ,
1009 1879 1328 1982 adhortantur.
1368 1882 1510 1996 Quod
1545 1879 1581 1979 si
1605 1885 1771 1980 Tutcae
1805 1879 1950 1982 adhuc

493 2110 526 2154 ‚,
542 2031 658 2132 bello
695 2030 969 2132 Christianos
1010 2060 1259 2168 urgerent,
1309 2059 1352 2125 et
1396 2060 1439 2125 te
1488 2023 1626 2166 pietas
1668 2023 1717 2124 in
1767 2025 1954 2167 patriam

494 2215 586 2298 „et
629 2176 925 2314 religionem,
968 2208 1018 2272 nt
1055 2209 1218 2312 nuper,
1263 2208 1491 2312 properare
1526 2205 1731 2310 cogerem
1772 2168 1955 2310 quibus-

493 2399 525 2443 „
540 2360 733 2463 cumque
767 2317 1098 2420 conditionibus
1136 2354 1289 2455 pacem
1325 2356 1427 2416 cum
1463 2313 1720 2452 Christianis
1754 2310 1950 2436 fecisses,

494 2465 718 2586 „laudem
766 2466 831 2604 pii
865 2503 916 2561 ac
957 2459 1153 2600 religiosi
1194 2459 1406 2600 Principis
1451 2462 1569 2601 apud
1611 2498 1766 2560 omnes
1814 2457 1951 2561 bonos

495 2684 529 2732 „
546 2607 793 2707 merereris.
845 2614 983 2705 Nunc
1025 2601 1163 2704 hostis
1198 2602 1269 2703 ille
1311 2614 1677 2722 Germanorum,
1723 2599 1944 2746 fratrisque

495 2753 611 2872 „tui
647 2751 809 2849 virtute
844 2747 1034 2890 repulsus
1085 2748 1295 2847 insnum
1332 2790 1374 2848 se
1414 2760 1624 2891 Regnum
1667 2749 1869 2888 recepit,
1910 2784 1983 2848 et-

496 2970 527 3014 „
546 2894 648 2993 licet
685 2892 769 2993 tibi
796 2893 1075 2994 commodius
1104 2892 1230 2994 rebus
1256 2892 1340 2992 tuis
1360 2893 1516 2993 Italicis
1548 2891 1796 2994 consulere.
1818 2894 1951 3017 Quod

495 3113 527 3158 ‚,
544 3077 648 3138 cum
682 3037 745 3138 ita
780 3038 865 3162 sit,
902 3038 939 3137 si
974 3033 1300 3137 Mediolanensi
1334 3037 1611 3178 Principatu,
1648 3039 1703 3138 de
1739 3079 1835 3180 quo
1868 3075 1951 3138 nu-

497 3221 622 3322 ‚,per
656 3183 969 3282 contendentes
1005 3177 1213 3280 affectum
1248 3191 1341 3314 jam
1363 3179 1530 3284 bellum
1554 3183 1833 3325 gerebamus,
1858 3217 1948 3282 tam

497 3402 528 3445 „
544 3363 712 3465 praeter
761 3364 884 3426 tuam
928 3323 1192 3466 dignitatem
1235 3359 1278 3424 et
1318 3330 1571 3429 commoda
1599 3327 1802 3437 cesserim
1845 3325 1953 3468 quid

428 3495 431 3506 “
473 3545 527 3592 „,
546 3509 701 3570 omnes
737 3467 941 3571 homines
976 3469 1242 3611 loquentur,
1288 3471 1540 3615 praesertim
1588 3471 1670 3614 qui
1710 3473 1822 3576 tuae.
1851 3471 1955 3614 glo-

496 3612 633 3733 „riae
683 3649 817 3756 atque
853 3613 1043 3755 imperio
1086 3616 1325 3733 invident,
1374 3617 1468 3717 nisi·
1501 3617 1626 3758 quod
1661 3625 1785 3746 jam,
1829 3652 1956 3757 post-

495 3798 679 3898 „quam
714 3757 788 3859 hic
822 3795 974 3860 rumor
1008 3756 1260 3879 increbuit,
1297 3759 1571 3902 loquuntur,
1608 3757 1694 3861 tibi
1730 3799 1876 3902 neque
1916 3801 1956 3862 a·

495 3901 721 4020 „nimum
756 3938 1015 4044 suppetere,
1052 3943 1197 4045 neque
1232 3903 1342 4004 vires
1402 3906 1457 4005 ad
1503 3905 1816 4006 Mediolanum
1858 3907 1958 4006 reti-

494 4120 527 4165 „
540 4046 763 4148 nendum?
800 4059 904 4172 Qua
939 4047 1150 4190 opinione
1188 4048 1299 4190 quid
1334 4035 1558 4192 indignius
1594 4051 1651 4151 ad
1706 4071 1830 4150 t'uam
1882 4091 1956 4150 ex-

497 4265 527 4308 „
544 4188 894 4311 istimationem,
930 4227 1006 4293 aut
1040 4193 1327 4333 periculosius
1367 4194 1423 4292 ad
1449 4194 1664 4316 -Italicum
1700 4229 1828 4295 tuum
1865 4207 1955 4294 Im·-

494 4336 713 4472 „perium
749 4335 839 4438 dici
875 4363 1047 4480 potest?
1083 4340 1164 4440 Sed
1201 4375 1251 4439 ut
1283 4317 1427 4442 finem'
1447 4338 1623 4440 dicendi
1647 4332 1839 4438 faciam:
1878 4336 1951 4438 uti·

493 4511 643 4593 „nam
679 4480 841 4579 Carole
875 4494 1031 4583 Caesar
1066 4484 1149 4584 sim
1184 4478 1314 4583 falsus
1351 4520 1505 4607 vates,
1541 4482 1603 4582 sic
1638 4481 1789 4582 tamen
1810 4479 1947 4584 existi-

491 4691 524 4742 „
543 4656 653 4741 mo,
689 4621 724 4722 si
759 4660 875 4722 nunc
910 4621 1062 4724 volens
1108 4638 1329 4726 Ducatum
1367 4627 1749 4732 Mediolanensem
1786 4669 1810 4726 e
1841 4661 1944 4721 ma-

375 4853 377 4860 ,
490 4761 669 4883 „nibus
701 4768 918 4892 emiseris,
959 4763 1089 4891 fore,
1124 4805 1175 4871 ut
1209 4810 1302 4874 non
1338 4773 1610 4917 multo'post
1641 4772 1689 4876 in
1720 4804 1949 4875 summum

1823 4925 1951 5035 „Re-
