4294 5972
575 407 664 502 324
992 405 1077 488 DE
1119 403 1325 491 REBUS
1373 406 1597 498 Gusrrs

533 565 703 672 firmior
721 602 850 690 esset,
877 567 1074 692 reficere,
1094 608 1135 676 et
1163 571 1281 672 un‘de
1308 580 1448 704 majus
1473 605 1580 672 esset
1599 565 1859 710 perieulum,
1880 573 1988 684 illuc'

532 713 809 856 potissimum
833 741 1089 834 occurrere,
1112 714 1342 818 debiliores
1378 751 1521 858 partes
1546 751 1724 858 aggesta
1750 752 1988 828 terracon

533 856 735 979 firmare,
774 854 949 962 hostem
984 858 1431 1003 appropinquantem
1450 859 1684 961 tormentis
1721 903 1771 962 ac
1807 865 1899 968 telis
1932 912 1985 975 err

532 1041 662 1104 muro
698 937 933 1106 fortissime
969 1004 1199 1146 repellere.
1235 1017 1363 1128 Quae
1399 1005 1553 1106 omnia
1587 1003 1690 1105 licet
1715 1041 1819 1108 tunc
1849 1014 1984 1114 maxi<

531 1187 611 1250 mo
616 1143 752 1246 ab
741 1148 844 1287 rpsis
881 1148 1029 1250 studio
1064 1147 1502 1274 administrarentur,
1538 1187 1682 1314 quum
1718 1192 1867 1254 murus
1897 1150 1984 1268 fre

531 1289 826 1434 quentissimis
858 1326 1177 1395 tormentorum
1205 1294 1297 1393 telis
1329 1291 1642 1436 quatiebatur,
1667 1293 1884 1437 impedire
1919 1339 1984 1401 ta-

532 1475 637 1537 men
672 1436 985 1578 nequiverunt‚
1021 1438 1134 1579 quin
1168 1434 1311 1555 hostes
1356 1437 1502 1539 diruta
1543 1471 1665 1579 parte
1713 1443 1865 1563 muri,
1902 1442 1983 1548 sibi

530 1581 695 1681 aditum
723 1577 1031 1723 patefacerent
1068 1588 1198 1682 Tunc
1225 1619 1329 1683 vero
1359 1578 1630 1684 Abrahamus
1661 1585 1983 1751 promtissimos

530 1725 690 1824 milites
722 1766 887 1868 magno
929 1765 1112 1828 numero
1151 1763 1404 1870 magnoque
1449 1726 1621 1869 impetu
1662 1728 1931 1893 oppidum
1917 1770 1984 1834 rn-

528 1871 685 1968 vadere
721 1867 846 2002 jubet
883 1908 925 1971 et
960 1870 1009 1970 in
1044 1870 1217 1971 hostem
1252 1872 1418 2012 absque
1453 1911 1573 1972 sexus
1609 1906 1685 1970 auc
1705 1872 1852 1974 aetatis
1889 1876 1981 1976 dis-

530 2011 717 2111 crimine
752 2014 943 2134 saevire,
978 2049 1026 2114 ut
1062 2015 1117 2114 de
1153 2011 1220 2112 his
1256 2010 1319 2115 ob
1360 2053 1513 2114 ausum
1554 2015 1829 2116 temerarium
1875 2056 1982 2158 sup-

529 2153 665 2292 plicio
712 2156 916 2318 graviore
969 2192 1118 2258 sumto
1172 2156 1306 2258 ceteri
1364 2157 1515 2260 fierent
1569 2159 1626 2258 ad
1681 2155 1981 2320 obsistendum

530 2300 873 2403 cunctantiores.
909 2300 973 2401 Illi
1008 2339 1110 2401 vero
1135 2300 1263 2401 alacri
1289 2299 1469 2421 animo,
1492 2337 1672 2444 accepto
1702 2302 1859 2444 signo,
1879 2344 1980 2408 con-

530 2439 684 2541 volant
719 2482 975 2584 strenueque
1012 2481 1299 2608 pugnantes
1304 2447 1350 2545 in
1380 2445 1642 2586 oppidum
1630 2483 1871 2610 irrumpere
1907 2487 1980 2550 co·

531 2622 714 2685 uantur
755 2601 963 2687 Ceterur'n
999 2589 1183 2709 nostris,
1202 2625 1252 2690 ut
1287 2587 1336 2688 in
1370 2625 1559 2691 extrema
1595 2627 1669 2730 spe
1705 2587 1866 2710 salutis,
1901 2631 1976 2691 ac

530 2727 708 2826 oerrime
744 2730 1121 2892 propugnantibus
1167 2769 1210 2832 et
1246 2732 1467 2873 impetum
1508 2731 1705 2834 hostium
1745 2729 1977 2836 fortissime

530 2869 837 2973 sustinentibus
844 2914 931 2994 ‚
883 2875 1082 2975 mulieres
1120 2910 1163 2974 et
1188 2876 1314 3018 pueri
1356 2876 1572 3017 quosdam
1600 2917 1652 2976 ex
1681 2876 1870 3040 ‘Turcis,
1902 2880 1980 3042 qui

530 3053 573 3110 se
608 3014 719 3114 intra
755 3055 901 3120 mutos
938 3056 1180 3188 pugnantes
1217 3029 1518 3183 conjecerant,
1543 3018 1807 3160 conspicati,
1845 3024 1977 3162 oppi-

529 3155 639 3254 dum
675 3156 731 3257 ab
768 3158 947 3261 hoste
932 3201 1031 3292 Jarn
1057 3163 1286 3304 ingredi
1275 3163 1513 3304 incipiente
1549 3163 1686 3265 ceneri
1727 3165 1972 3266 existiman-

528 3335 591 3400 tes
626 3336 669 3400 et
707 3340 973 3441 praesentem
1009 3343 1200 3407 mortem
1234 3303 1559 3430 horrescentes,
1595 3342 1768 3409 tantum
1802 3344 1977 3450 repente

527 3443 765 3545 clamorem
793 3448 1081 3569 sustulerunt,
1108 3484 1157 3550 ut
1183 3451 1373 3590 speciem
1402 3452 1655 3615 praeberent
1684 3452 1840 3594 magni
1867 3493 1979 3554 exet

527 3586 643 3688 cirus
686 3589 954 3752 ingruentis,
997 3633 1085 3733 qua
1125 3594 1338 3758 opinione
1380 3595 1572 3698 deterriti
1614 3594 1757 3696 hostes
1795 3633 1840 3696 et
1880 3635 1981 3698 ma-

524 3768 630 3870 gnas
665 3772 813 3873 copras
848 3735 1018 3876 oppido
1055 3737 1266 3840 contineri
1301 3737 1417 3858 rati,
1412 3773 1789 3901 nostrorumque
1814 3739 1980 3842 virtute

524 3876 685 4013 repulsi
720 3879 879 4016 pedem
917 3879 1180 3988 retulerunt3
1217 3919 1329 4019 quae
1373 3881 1532 4020 opinio
1576 3880 1663 3982 hoc
1705 3883 1842 3981 etiarn
1884 3923 1982 3985 ma·

524 4015 592 4156 gis
628 4021 781 4120 Ttrrcis
818 4021 1134 4147 confirmatur,
1169 4026 1293 4165 quod
1328 4062 1495 4187 praeter
1520 4059 1722 4125 ornnem
1729 4023 1866 4126 fidem
1888 4067 1980 4128 esse

522 4159 781 4284 videbatur,
820 4167 1036 4267 tantulum
1074 4168 1358 4352 oppidum
1328 4207 1420 4269 srne
1466 4167 1717 4270 firmissimo
1758 4170 1979 4308 praesidio

519 4305 704 4406 maximi
740 4307 941 4411 exercitus
978 4313 1361 4474 oppugnationem
1397 4349 1487 4414 tarn
1512 4312 1790 4454 pertinaciter
1825 4353 1976 4454 exspe-

379 4581 382 4586 .
520 4479 680 4547 crasse.
725 4459 836 4550 Non
872 4455 1043 4592 putavit
1078 4454 1232 4595 igitur
1253 4454 1531 4587 Abrabamus
1567 4497 1592 4556 e
1627 4495 1674 4556 re
1710 4451 1806 4556 fore
1841 4455 1973 4557 dubia

367 4643 371 4649 ·
516 4586 701 4688 victoria
737 4624 911 4734 tempus
948 4597 1133 4733 amplius
1162 4635 1292 4699 terere
1329 4600 1378 4698 ιιι
1414 4599 1746 4742 oppugnatione
1772 4608 1861 4732 ejus
1883 4635 1973 4736 op-

510 4731 685 4872 pidi,
673 4772 721 4838 ιιι
766 4776 853 4878 qua
888 4729 1045 4840 frustra
1080 4739 1387 4883 quindecim
1369 4781 1465 4878 pam
1498 4743 1588 4846 dies
1625 4743 1972 4845 consumsisset:

1878 4921 1973 5028 quo
