4294 5984
566 450 808 533 cauom
851 453 903 532 v.
945 456 1059 533 trs.
1109 457 1188 536 ru.
1496 472 1579 557 115

156 605 235 710 bus
270 645 399 752 agere
433 642 699 750 coeperunt,
735 646 843 747 quas
872 605 937 706 illi
962 645 1119 747 aequas
1155 643 1199 708 et
1234 603 1417 711 libenter
1454 610 1618 720 tribue⁴

153 790 283 856 runt.
323 763 485 856 Earum
521 789 695 852 summa
729 745 844 871 fuit,
881 787 932 852 ut
974 752 1198 854 Toletanis
1243 751 1415 895 publice
1458 763 1614 864 omnia

153 894 387 1040 superioris
423 897 638 1039 temporis
674 932 838 1015 errata,
875 893 967 996 sine
1011 897 1299 1037 exceptione,
1344 900 1524 1004 nomine
1571 944 1618 1010 et

150 1041 415 1144 auctoritate
450 1041 585 1184 Regis
621 1040 1003 1148 condonarentut3
1041 1039 1180 1142 iidem
1215 1082 1268 1142 ex
1309 1081 1434 1146 more
1469 1051 1618 1190 magi·-

151 1220 307 1286 stratus
349 1184 621 1329 acciperent,
664 1218 709 1285 et
750 1184 964 1326 imperata
1007 1179 1229 1292 facerentt
1274 1185 1382 1287 illud
1430 1229 1617 1332 quoque

153 1329 426 1431 nominatim
462 1331 716 1460 adjectum,
752 1361 803 1427 ut
840 1329 1028 1464 Joannis
1063 1329 1249 1430 Padillae
1284 1328 1431 1432 liberis
1466 1370 1617 1473 pater*
1663 1452 1670 1459 ,

151 1511 212 1573 na
259 1469 380 1574 bona
428 1472 606 1613 publico
657 1473 833 1572 decreto
883 1471 1267 1576 confirmarentur.
1315 1475 1452 1617 Igitur
1503 1478 1614 1584 circa

142 1613 431 1716 Novembris
467 1616 710 1734 Kalendas,
751 1615 1075 1757 magistratibus
1115 1618 1328 1760 acceptis,
1369 1615 1615 1760 praefecto-

151 1798 241 1899 que
278 1755 397 1861 urbis
423 1758 624 1863 Gabriele
651 1759 830 1860 Merino
857 1757 1204 1902 Arc-hiepiscopo
1224 1761 1371 1881 Batti,
1399 1763 1478 1904 qui
1513 1804 1613 1904 pau·

149 1900 198 2001 lo
236 1937 336 2043 post
364 1903 601 2045 Episcopus
629 1900 854 2002 Gienensis
883 1936 927 2000 et
951 1903 1162 2006 Ecclesiae
1191 1917 1418 2007 Romanae
1450 1908 1613 2008 Cardi-

152 2044 258 2147 nalis
283 2042 423 2146 factus
452 2080 543 2163 est,
567 2043 709 2146 Maria
736 2038 929 2144 Pachcca
956 2083 1008 2143 ex
1042 2082 1137 2144 arce
1165 2046 1213 2146 in
1245 2051 1434 2151 domum
1469 2052 1610 2155 soceri

150 2189 397 2330 migravit,
433 2225 643 2328 armaque
678 2185 853 2328 publice
888 2219 987 2287 sunt
1023 2186 1247 2328 deposita,
1282 2230 1333 2288 ac
1368 2231 1421 2291 ex
1455 2193 1613 2333 digres-

152 2329 209 2428 sis
245 2329 415 2430 civibus
451 2330 644 2471 plerique
685 2328 930 2431 redierunt.
974 2326 1095 2429 Plebs
1148 2363 1296 2429 tamen
1344 2329 1615 2433 turbulento·

152 2509 257 2570 rum
306 2469 541 2571 hominum
588 2509 681 2571 non
730 2507 830 2572 ante
879 2467 1155 2573 Februarium
1208 2511 1402 2574 mensem
1456 2513 1613 2575 conse-

151 2613 326 2754 quentis
363 2615 495 2735 anni,
531 2647 574 2715 et
609 2611 779 2714 Mariae
816 2612 1078 2735 discessum,
1114 2655 1139 2713 a
1174 2613 1304 2714 novis
1339 2613 1531 2716 consiliis
1568 2650 1613 2718 et

148 2755 441 2858 conventibus
478 2756 694 2899 agitandis
730 2756 928 2897 quievit3
965 2798 1044 2860 nec
1080 2757 1173 2897 ipsa
1207 2756 1383 2878 Maria,
1423 2791 1474 2859 ut
1508 2764 1612 2860 To-

148 2899 242 3000 leto
290 2899 559 3020 discederet,
613 2900 727 3040 ptius
777 2900 979 3001 animum
1030 2897 1203 3001 induxit
1226 2939 1413 3040 ,quam
1454 2940 1610 3023 arma,

149 3079 268 3185 quae
309 3043 437 3144 domi
477 3040 702 3161 habebat,
744 3043 1065 3186 magistratibus
1113 3044 1279 3146 tradere
1321 3077 1469 3143 coacta
1512 3079 1609 3166 est,

151 3221 198 3286 et
234 3187 326 3288 sine
361 3184 611 3290 satellitibus
646 3183 844 3287 babitare
879 3195 1019 3321 jussa3
1055 3222 1158 3287 tunc
1186 3185 1327 3306 enim,
1362 3225 1462 3286 suae
1497 3187 1612 3288 vide·

150 3329 257 3431 licet
293 3329 418 3430 saluti
454 3367 684 3451 metuens,
727 3365 845 3431 veste
879 3331 929 3431 in
978 3331 1165 3470 speciem
1202 3329 1382 3431 rusticae
1418 3330 1609 3432 mulieris

149 3508 360 3592 mutata,
398 3513 632 3576 conscenso
674 3474 831 3593 mulo,
879 3513 981 3573 cum
1031 3513 1122 3574 uno
1173 3476 1401 3574 dumtaxat
1444 3473 1609 3573 comite

148 3650 253 3716 ante
302 3617 446 3720 lucem
493 3613 602 3718 urbe
647 3616 834 3759 digressa
883 3618 931 3715 in
972 3615 1183 3718 Pueblam
1229 3615 1400 3717 Montis
1446 3614 1610 3718 Albani

149 3761 210 3858 ad
246 3755 484 3864 Alfonsum
519 3760 726 3882 Tellem,
760 3760 863 3861 inde
897 3759 1123 3862 Scalonam
1157 3760 1215 3861 ad
1258 3758 1483 3893 jacobum
1525 3767 1611 3876 Pa,-

148 3901 372 4024 checum,
408 3907 555 4007 eidem
598 3905 770 4048 oppido
811 3905 1171 4049 imperitantem,
1207 3937 1419 4040 cognatos
1462 3931 1505 3998 et
1545 3895 1612 4001 af·

154 4042 300 4164 fines,
336 4050 585 4156 contenditt
623 4090 649 4150 a
685 4046 873 4189 quibus,
907 4085 958 4149 ut
994 4089 1036 4149 se
1073 4081 1230 4185 parum
1263 4037 1470 4162 libenter,
1506 4081 1611 4185 gra-

152 4187 301 4286 viores
336 4190 496 4292 scilicet
523 4191 627 4290 inde
656 4192 902 4311 molestias,
931 4229 974 4290 et
1001 4192 1164 4288 damna
1192 4186 1507 4303 metuentibus,
1537 4226 1611 4286 ex-

154 4328 251 4468 cipi
291 4329 444 4452 videt‚
486 4369 591 4434 cum
619 4409 623 4420 .
635 4335 784 4474 paucis
828 4330 1062 4434 comitibus
1103 4331 1150 4433 in
1191 4329 1510 4473 Portugalliam.
1548 4329 1611 4429 ire
1741 4337 1742 4340 ‘

157 4473 382 4612 perrexit3
410 4473 490 4576 ubi
525 4511 625 4619 post
656 4477 829 4619 aliquot
850 4517 984 4580 annos
1009 4477 1148 4579 vitam
1171 4513 1275 4578 cum
1310 4507 1452 4574 morte
1486 4509 1611 4573 com-

154 4617 371 4718 mutavit.
407 4629 508 4720 Hac
544 4621 761 4766 digressa,
799 4631 997 4762 Joannes
1033 4622 1198 4725 Rivera
1233 4618 1448 4720 Toletum
1483 4616 1611 4717 intra·

12 4847 13 4856 a
158 4759 264 4884 vit,
299 4762 724 4914 magistratuumque
759 4803 858 4878 tum
893 4766 1122 4910 potentia,
1157 4797 1256 4865 tum
1289 4759 1518 4867 auctoritas
1553 4759 1614 4857 in

940 4959 944 4974 r
1176 4914 1250 5012 Pa
1540 4935 1616 5000 va·
