4298 5980
569 399 655 512 178
962 411 1045 494 on
1092 411 1300 494 nntius
1336 407 1555 494 cnsrrs

523 611 737 685 asserere3
773 580 829 678 de
865 573 1059 717 quorum
1093 573 1142 673 in
1184 575 1313 673 Italos
1355 575 1549 693 animo,
1595 569 1789 714 fideique
1829 581 1987 685 eorum

524 725 651 826 inse
698 720 910 865 opinione
953 719 988 819 si
1030 757 1121 819 non
1163 716 1335 820 aliunde
1374 715 1582 820 Marchio
1628 716 1898 843 didicisset,
1924 761 1988 825 ta-

525 907 631 969 men
668 865 941 980 domestico,
978 901 1146 1005 suoque
1183 863 1385 1006 exemplo
1424 861 1614 1005 potuisse
1650 901 1792 1006 nuper
1830 867 1989 972 edoce·-¹

522 1013 597 1133 tl,
635 1049 738 1110 cum
773 1010 828 1108 de
865 1007 1183 1108 transvehendo
1218 1007 1268 1107 in
1301 1005 1566 1148 Hispaniam
1602 1007 1830 1112 Gallorum
1863 1023 1982 1156 Rege

527 1191 619 1252 tarn
657 1152 898 1294 diligenter¹
923 1147 1070 1254 fuisset
1113 1194 1139 1253 a
1175 1151 1344 1251 'Catolo
1385 1163 1567 1252 Caesare
1608 1151 1767 1254 celatus
1810 1191 1980 1299 propter

524 1333 771 1440 suspectam
820 1296 996 1440 ipsius,
1039 1333 1088 1398 ut
1122 1331 1367 1398 ceterorum
1401 1295 1643 1420 Italorum,
1684 1293 1857 1407 fidcmr
1903 1341 1983 1441 qua

525 1439 815 1544 barbarorum
858 1442 1101 1584 suspicione
1141 1441 1270 1562 Itali,
1314 1443 1436 1580 siqua
1478 1439 1590 1540 ratio
1633 1439 1860 1583 dignitatis
1907 1441 1981 1545 ha-

526 1585 737 1704 beretur,
785 1586 885 1688 satis
930 1586 993 1686 sui
1041 1579 1180 1688 officii
1227 1583 1456 1686 admoneri
1505 1620 1679 1725 possent
1701 1623 1722 1694 3·
1763 1625 1870 1686 nam
1914 1589 1980 1692 cui

527 1731 715 1831 dubium
753 1771 870 1851 esse,
904 1725 1199 1874 'suspicionem
1241 1731 1362 1832 illam
1403 1769 1455 1830 ex
1499 1729 1660 1832 timore
1701 1726 1979 1834 barbarorum

527 1909 709 1991 ortam,
744 1914 799 1974 ne
834 1875 929 1974 Itali
964 1875 1212 2017 resipiscant
1248 1872 1525 2014 aliquando,
1556 1873 1600 1972 et
1635 1872 1748 1974 vires
1780 1911 1876 1972 suas
1908 1913 1978 1974 ora

524 2014 575 2117 bi
608 2017 806 2159 reliquo,
843 2018 954 2117 adsit
990 2020 1130 2120 modo
1166 2015 1426 2138 concordia,
1454 2056 1549 2118 non
1577 2013 1819 2118 tolerandas
1855 2055 1980 2158 agno·

524 2197 679 2280 scant,
726 2197 769 2260 et
810 2199 1025 2264 memores
1068 2162 1221 2262 veteris
1270 2172 1487 2295 majorum
1542 2160 1707 2302 gloriae
1756 2161 1976 2260 unanimes

522 2304 579 2402 ad
616 2343 736 2403 arma
772 2337 1061 2425 concurrant,
1095 2343 1141 2405 et
1176 2305 1375 2428 Italiam,
1415 2303 1471 2404 ab
1515 2304 1618 2445 ipsis
1660 2299 1855 2405 barbaris
1894 2345 1975 2404 ser⁴

522 2445 662 2547 vitute
700 2488 948 2590 oppressam
971 2519 995 2567 ,·
1028 2446 1265 2549 vendicent
1308 2451 1357 2549 in
1397 2446 1676 2547 libertatem?
1718 2444 1824 2548 haec
1878 2485 1977 2548 cum

522 2585 585 2688 ita
609 2590 713 2708 sint,
729 2630 824 2690 non
848 2631 934 2689 esse
954 2590 1082 2694 bonis
1109 2631 1159 2692 ac
1180 2587 1367 2693 fortibus
1385 2590 1485 2691 viris
1509 2588 1906 2709 committendum,
1923 2626 1976 2691 ut

522 2732 714 2830 Patriam
766 2733 965 2873 ipsorum
1012 2732 1149 2837 fidem
1191 2734 1333 2837 tacitis
1385 2731 1623 2875 gemitibus
1666 2732 1975 2873 implorantem

522 2875 750 2996 deserant,
800 2878 1053 3018 praesertim
1088 2877 1214 3020 siqua
1246 2876 1417 2979 occasio
1451 2876 1514 2978 rei
1535 2876 1647 2978 bene
1683 2877 1894 3019 gerendae
1922 2917 1975 2978 se·

522 3055 565 3114 se
601 3019 828 3140 ostendat,
865 3061 1001 3163 quam
1035 3021 1310 3125 occasionem
1346 3056 1452 3124 tunc
1484 3054 1685 3163 putarent
1721 3021 1898 3160 planam
1932 3056 1971 3120 et

521 3162 771 3303 expeditam
796 3289 797 3293 g
820 3167 992 3275 adesse3
1039 3205 1142 3266 nam
1189 3166 1437 3308 complures
1476 3164 1621 3266 Italiae
1661 3164 1889 3305 populos,
1928 3200 1967 3262 et

520 3343 592 3405 eos
626 3307 982 3446 potentissimos,
1018 3345 1191 3452 paratos
1219 3351 1305 3410 esse
1334 3309 1500 3410 Patriae
1523 3307 1691 3410 cunctis
1723 3307 1881 3449 opibus
1909 3341 1971 3406 at-

518 3485 608 3586 que
644 3448 806 3552 viribus
841 3450 928 3553 hoc
964 3491 1156 3556 summae
1191 3451 1365 3596 pietatis
1400 3448 1602 3555 officium
1637 3453 1839 3554 adversus
1873 3448 1970 3551 bar-

518 3584 729 3694 barorum
777 3597 1074 3700 crudelitatem
1124 3635 1374 3738 praestare,
1418 3599 1492 3698 sed
1538 3597 1646 3697 duce
1689 3593 1794 3736 ipsis
1839 3631 1971 3734 atque

516 3731 779 3876 imperatore
817 3779 926 3879 opus
962 3780 1076 3860 esse,
1120 3743 1200 3881 qui
1241 3740 1408 3844 bellum
1449 3739 1807 3857 administraret,
1849 3738 1971 3879 quod

517 3914 675 3980 munus
720 3882 930 4022 quoniam
972 3881 1174 3984 Marchio
1226 3885 1391 3986 cunctis
1440 3885 1659 3986 videretur
1703 3879 1879 4024 optime
1923 3921 1972 3980 o-

515 4057 692 4124 mnrum
734 4063 947 4164 praestare
989 4065 1150 4168 posse,
1195 4065 1383 4170 rogare,
1426 4068 1482 4128 ne
1528 4029 1578 4129 in
1620 4063 1715 4130 tam
1766 4023 1973 4168 praesenti

514 4167 774 4288 occasione,
811 4206 855 4269 et
891 4205 1009 4272 tanta
1046 4172 1268 4275 universae
1305 4173 1630 4313 propemodum
1671 4169 1817 4272 Italiae
1862 4209 1970 4270 con-

511 4309 747 4445 spiratione
796 4317 960 4418 Patriae
1006 4355 1133 4420 suum
1177 4313 1379 4418 officium
1420 4317 1638 4461 impartiri
1680 4347 1929 4458 gravarentr
1946 4339 1965 4408 τ’

509 4455 635 4588 quod
671 4493 763 4553 non
798 4499 904 4559 esset
939 4460 1029 4560 sine
1065 4501 1233 4604 magno
1270 4462 1574 4566 emolumento
1598 4455 1832 4580 facttum,
1867 4453 1966 4570 sed,

505 4594 664 4696 exactis
700 4594 894 4700 barbatis
906 4677 920 4720 ,
956 4606 1199 4744 praemium
1234 4645 1332 4705 suae
1368 4609 1539 4711 virtutis
1575 4645 1788 4710 consensu
1819 4597 1965 4703 Italiae

503 4746 713 4881 Regnum
748 4745 1095 4889 Neapolitanum
1130 4785 1397 4894 accepturus.

397 4943 419 4960 -’
556 4895 667 4992 VIII.
720 4893 795 4992 Ad
830 4891 938 4998 haee
973 4893 1211 5022 Marchio,
1246 4895 1352 5002 fidei
1387 4939 1436 4999 ac
1473 4896 1613 5004 officii
1653 4931 1859 5014 memor,
1904 4886 1972 4990 ita

510 5083 515 5088 ·
1593 5065 1605 5084 s
1788 5126 1792 5136 .
1900 5062 1972 5134 ta·-¹
