4298 5980
536 370 791 529 carosi
834 441 889 526 v.
930 441 1045 528 arr.
1100 443 1152 529 v.
1484 403 1606 555 aas

154 611 320 762 praelio
358 601 673 726 committere,
710 602 746 702 si
787 639 878 746 qua
924 641 969 702 se
1009 595 1188 706 facultas
1229 597 1480 714 ostenderet
1521 646 1615 720 nort

149 764 307 906 iniqua
343 751 604 858 conditione
640 746 931 852 decernendi.
970 757 1104 852 Erant
1138 787 1277 853 castra
1312 747 1470 898 Regis
1494 799 1615 864 cete-

145 909 201 1011 ris
239 949 292 1008 ex
329 895 524 1045 partibus
559 895 706 1016 vallo,
742 931 878 1036 atque
921 887 1036 994 fossa
1079 897 1359 1039 permunita,
1405 905 1478 1006 sed
1520 947 1614 1012 uno

144 1053 278 1154 latete
314 1084 462 1148 murus
497 1083 591 1145 non
624 1042 873 1144 admodum
908 1036 1058 1142 finnus
1070 1119 1087 1165 ,
1122 1040 1273 1146 locum
1308 1042 1465 1169 illurn,
1506 1055 1617 1160 Par-⁴

145 1231 235 1296 cum
277 1194 417 1336 vulgo
459 1189 662 1309 dictum,
699 1186 933 1329 cingebat:
980 1185 1053 1288 hic
1095 1190 1460 1292 Cartusianorum
1502 1203 1616 1299 Mo-

144 1337 395 1441 nachorum
456 1330 727 1435 coenobium
775 1367 903 1453 erat,
952 1367 996 1434 et
1044 1333 1315 1478 praetorium
1360 1342 1618 1446 saraballam

144 1520 383 1602 vocatum,
420 1517 512 1622 quo
542 1491 689 1582 Duces
724 1476 1077 1583 Mediolanenses
1110 1481 1359 1583 venationis
1395 1524 1533 1586 causa·
1558 1528 1618 1590 se·

145 1631 302 1732 cedere
331 1622 550 1728 solebant.
586 1625 662 1724 Ad
694 1620 968 1724 coenobium
1009 1626 1155 1726 castris
1191 1623 1493 1752 circumlusis,
1518 1645 1617 1737 Rex

144 1773 239 1915 ipse
275 1773 405 1874 initio
441 1765 771 1890 diversabatur,
810 1771 885 1869 sed
921 1804 1074 1910 postea
1116 1768 1184 1870 his
1229 1773 1413 1913 propius
1456 1772 1618 1881 urbem

145 1918 417 2039 commotis,
453 1917 545 2056 ipse
582 1953 767 2055 quoque
801 1912 903 2013 urbi
938 1913 1343 2057 appropinquavit.
1382 1919 1458 2019 Ad
1492 1959 1618 2062 prac-

145 2060 314 2163 torium
348 2100 487 2178 veru,
523 2059 649 2198 quod
685 2053 866 2197 paulum
902 2091 994 2154 erat
1031 2097 1057 2154 a
1101 2059 1432 2163 continentibus
1475 2066 1619 2171 castris

146 2215 432 2338 sejunctum,
477 2239 574 2342 pars
623 2199 880 2340 equitatus,
926 2233 969 2297 et
1014 2201 1215 2338 peditum
1263 2205 1498 2308 nonnullae
1542 2249 1619 2308 co⁴

144 2345 294 2448 horres
329 2346 638 2468 consederant.
675 2343 815 2484 Igitur
845 2340 1051 2442 Marchio
1088 2344 1332 2466 Piscariae,
1368 2387 1472 2450 cum
1508 2390 1618 2491 quo·

144 2491 312 2592 tidiana
338 2485 429 2590 fere
462 2487 775 2588 consuetudine
804 2485 1109 2587 considerandi
1137 2489 1277 2629 gratia
1310 2525 1447 2593 castra
1478 2495 1617 2636 Regis

143 2630 444 2775 obequitaret,
468 2631 774 2733 animadvertit
807 2669 905 2730 eam
936 2665 1136 2770 partem,
1172 2671 1259 2772 qua
1283 2671 1413 2733 nauto
1436 2633 1616 2769 objecto

144 2779 247 2878 satis
274 2818 318 2878 se
341 2775 540 2878 munitos
568 2815 656 2876 esse
685 2772 801 2874 Galli
829 2771 1165 2896 existimabant,
1208 2775 1504 2920 negligentius
1540 2823 1615 2885 cu-

145 2921 324 3040 stodiri,
349 2957 393 3020 et
422 2917 502 3018 hac
533 2918 705 3018 aditum
736 2918 895 3060 aperiri
926 2957 1049 3060 posse
1078 2920 1134 3020 ad
1156 2919 1305 3061 copias
1332 2923 1616 3028 introducen-

143 3067 220 3165 das
257 3064 501 3197 judicavit;
536 3061 812 3202 consilioque
849 3102 950 3163 curn
989 3064 1153 3163 Carolo
1190 3073 1396 3197 Lanojo‚
1435 3105 1479 3168 ct
1512 3082 1617 3172 Bor-

143 3205 287 3311 bonio
322 3206 683 3326 communicato,
721 3206 917 3346 placuit,
953 3239 1004 3308 ut
1039 3205 1219 3309 subruto
1255 3247 1422 3331 murt),
1456 3249 1501 3315 et
1536 3256 1617 3316 co·-

142 3353 230 3495 piis
268 3352 479 3472 inductis,
509 3347 798 3452 Mirabellum
834 3386 1119 3494 occuparent,
1162 3352 1317 3495 ibique
1350 3393 1484 3459 castra
1524 3398 1616 3462 rnu-

142 3497 334 3618 nitent,
379 3534 472 3638 quo
515 3494 698 3634 Papiam
741 3493 986 3597 obsidione
1015 3496 1232 3620 laxarent,
1269 3536 1314 3602 et
1349 3541 1453 3602 curn
1495 3505 1615 3607 viam

143 3643 202 3742 ad
240 3640 397 3744 urbem
426 3636 768 3782 expedivissent,
798 3641 1004 3772 adjuncta
1040 3638 1124 3742 sibi
1160 3681 1327 3764 manu,
1365 3685 1476 3786 quae
1513 3685 1616 3745 cum

143 3787 352 3888 Antonio
389 3819 479 3888 erat
514 3784 563 3884 in
597 3784 847 3925 pracsidio,
891 3781 1032 3887 hostes
1076 3807 1127 3887 'ea
1170 3821 1319 3928 parte,
1368 3826 1483 3927 quae
1523 3789 1614 3891 im-

141 3931 317 4030 munita
353 3968 470 4050 erac,
507 3929 674 4073 praelio
711 3930 987 4033 lacesserent.

213 4081 367 4176 XXX.
440 4084 648 4174 Ceterum
684 4076 888 4178 certiores
925 4071 1027 4174 facti
1069 4073 1207 4172 iidem
1249 4075 1416 4197 duces,
1451 4074 1612 4219 pracsi·

142 4216 275 4318 diurn
310 4219 519 4359 Papiensc
555 4220 823 4320 tormentarii
864 4217 1051 4359 pulveris
1098 4215 1251 4360 inopia
1296 4218 1522 4341 laborare,
1561 4263 1611 4322 e*

143 4358 345 4502 quiribus
373 4362 584 4503 Hispanis
620 4364 830 4502 expeditis
865 4363 1084 4504 sexaginta
1110 4401 1211 4463 curn
1247 4377 1354 4466 Fato
1388 4363 1609 4510 praefecto

143 4504 351 4625 adscitis,
380 4506 572 4607 sacculos
598 4505 793 4648 singulos
818 4507 995 4649 pulvere
1021 4508 1173 4648 plenos
1200 4506 1267 4609 his
1300 4512 1622 4634 contribuunt,-

146 4684 190 4747 et
219 4649 328 4791 quid
356 4647 450 4752 fieri
475 4650 632 4772 velint,
658 4652 901 4794 imperant.
929 4655 1033 4752 Er'at
1060 4653 1109 4752 in
1136 4653 1280 4754 castris
1308 4658 1443 4796 Regis
1462 4663 1610 4792 Joan÷

8 4901 10 4934 ,
143 4825 221 4900 nes
259 4795 456 4901 Medices
492 4796 745 4916 Italicorum
780 4797 984 4940 equitum
1019 4791 1292 4936 praefectus,
1330 4799 1400 4904 vir
1434 4800 1607 4922 animo-

1421 5033 1425 5041 .
1538 4976 1609 5044 sus
