4294 5984
488 363 502 418 d

578 487 819 571 ennom
869 489 922 570 v.
973 493 1088 572 rm.
1124 495 1213 573 111.
1522 501 1580 597 97

152 645 338 792 primo,
381 651 578 786 Joarmes
613 647 806 765 Fadilla,
843 643 1153 752 Torlobatone
1199 650 1413 768 incenso,
1455 686 1619 792 agmen

148 794 354 938 peditum
390 828 556 935 septem
599 790 790 894 millium
836 822 882 890 et
923 791 1125 933 equitum
1167 827 1463 894 trecentorum
1505 799 1616 897 edu-

146 938 247 1063 cit,
282 945 573 1079 Taurumque
610 933 865 1054 contendit,
900 971 950 1036 ut
985 934 1034 1038 in
1070 937 1242 1078 oppido
1278 938 1463 1078 copioso
1496 977 1539 1041 et
1561 981 1614 1040 o-

143 1082 356 1204 mnium,
392 1119 506 1225 quae
531 1080 589 1182 ad
616 1080 781 1185 bellum
816 1078 916 1180 usui
950 1072 1131 1201 forent,
1166 1077 1418 1182 facultatem
1455 1079 1615 1187 haben⁴

142 1261 227 1346 te,
272 1225 413 1368 copiis
456 1224 626 1344 auctis,
672 1224 727 1324 de
768 1224 936 1364 reliqua
981 1221 1085 1326 belli
1124 1225 1293 1326 ratione
1330 1220 1611 1329 deliberaret.

141 1382 219 1472 De
255 1379 378 1503 cujus
413 1364 689 1510 profectione
725 1403 965 1508 postquam
991 1369 1040 1472 in
1067 1406 1202 1471 castra
1239 1371 1472 1510 procerum
1508 1410 1614 1474 nun

139 1511 305 1615 tiatum
340 1548 433 1632 est,
470 1509 714 1656 praemissis
749 1509 1092 1652 expeditioribus
1128 1513 1382 1656 equitibus,
1419 1514 1499 1654 qui
1536 1556 1609 1615 ex-

142 1691 340 1761 tremum
377 1694 540 1801 agmen
575 1655 796 1800 carpendo
845 1656 1107 1757 adversarios
1163 1665 1467 1779 morarentur,
1503 1696 1612 1798 pro-

144 1840 263 1904 ceres
304 1840 408 1904 cum
452 1802 626 1942 reliquo
671 1800 870 1943 equitatu
911 1837 1004 1902 non
1048 1802 1187 1942 longo
1227 1802 1453 1902 intervallo
1497 1799 1611 1908 inse-

143 1979 390 2085 quuntur,
448 1941 669 2084 peditibus
723 1942 929 2084 subsequi
977 1982 1294 2086 properareque
1343 1944 1489 2077 jussis.
1541 1946 1610 2048 Bis

145 2089 366 2228 praelium
395 2084 707 2188 committendi
726 2085 867 2227 gratia
890 2123 1073 2226 agmen,
1099 2088 1192 2187 acie
1216 2090 1451 2208 instructa,
1477 2093 1617 2223 Joan·

144 2269 225 2334 nes
260 2229 451 2350 Fadilla,
486 2226 742 2372 urgentibus
778 2225 1059 2349 adversariis,
1087 2230 1322 2330 consistere
1354 2231 1500 2360 jussit,
1532 2233 1610 2370 pri-

141 2413 278 2476 mum
313 2373 559 2478 transmisso
596 2407 787 2474 torrente
821 2409 1014 2472 coenoso
1050 2407 1095 2470 et
1130 2373 1310 2472 transitu
1337 2369 1531 2488 difficili,
1559 2409 1609 2472 ut

141 2513 197 2616 in
234 2557 288 2616 eo
324 2517 561 2658 impeditos
596 2513 863 2617 adversarios
900 2513 1171 2634 adoriretur,
1199 2513 1359 2613 deinde
1394 2549 1610 2652 occuparo

143 2656 250 2758 loco
286 2659 499 2762 editiore.
536 2656 619 2776 Sed
653 2656 898 2806 utrobique
927 2694 1172 2762 ceterorum
1213 2657 1377 2758 ducum
1419 2694 1609 2757 concur·-

144 2840 198 2904 su
235 2841 287 2903 ac
325 2801 629 2908 dehortatione
663 2801 909 2945 prohibitus
946 2840 1034 2924 est,
1070 2801 1231 2945 quibus
1267 2837 1498 2943 properare
1524 2838 1614 2900 ma·

143 2945 216 3088 gis
250 2944 482 3089 placebat,
519 2986 564 3053 et
598 2945 805 3054 Vlllalare
840 2947 1147 3090 propinquum
1183 2946 1437 3064 castellum,
1483 2979 1608 3045 ante-

144 3127 287 3230 quam
322 3091 553 3196 adversarii
588 3093 897 3212 convenirent,
933 3129 1171 3233 occupate.
1199 3089 1294 3192 Ubi
1329 3121 1510 3190 ventum
1545 3122 1608 3187 est

142 3230 191 3336 in
228 3234 491 3376 planitiem,
527 3275 641 3384 quae
685 3235 848 3379 excipit
889 3271 987 3340 ante
1023 3235 1260 3353 Villalare,
1297 3271 1495 3376 proceres
1539 3263 1609 3329 at-

145 3415 237 3518 que
273 3381 441 3522 equites
468 3383 596 3515 (nam
630 3381 845 3523 peditatus
877 3379 1084 3526 longiore
1118 3378 1349 3482 intervallo
1384 3371 1609 3514 subseque-

145 3517 303 3659 batur)
339 3525 432 3625 acie
472 3523 716 3647 instructa,
758 3526 807 3630 in
851 3534 974 3662 cujus
1015 3526 1166 3627 dextro
1212 3561 1352 3626 cornu
1393 3519 1607 3664 praesides

145 3699 190 3766 et
227 3666 385 3808 reliqui
418 3705 649 3810 proceres,
689 3667 739 3784 in
780 3667 955 3774 sinistro
1001 3683 1166 3776 Comes
1208 3667 1350 3770 Farius
1391 3660 1607 3781 curabat,

146 3805 316 3914 infestis
353 3812 489 3959 signis
525 3849 814 3959 procurrunt.

205 3963 389 4096 XXVI.
464 3959 695 4101 Populares
731 3997 916 4082 autem,
952 3959 1033 4104 qui
1067 3959 1210 4063 adhuc
1253 3952 1457 4056 ordinem
1501 3947 1608 4049 dili·

145 4128 300 4237 genter
335 4138 640 4226 servaverant,
666 4106 842 4207 castello
886 4104 1324 4248 appropinquantes,
1359 4092 1611 4198 adversariis

146 4241 479 4380 prementibus,
517 4245 676 4388 partim
713 4249 770 4349 ad
796 4287 871 4347 eos
906 4245 1168 4364 transivere,
1201 4241 1361 4386 partim
1392 4237 1611 4355 Villalart,

149 4421 425 4526 quamquam
471 4388 519 4488 id
560 4386 783 4493 castellum
825 4387 1016 4528 collapso
1057 4427 1189 4489 muro
1237 4419 1393 4529 patum
1442 4411 1613 4522 poterat

64 4619 68 4628 ,
150 4563 301 4670 regere
337 4565 561 4674 receptos,
595 4567 760 4633 temere
788 4571 838 4631 ac
868 4530 959 4631 sine
987 4532 1177 4673 imperio
1202 4521 1467 4670 confligere.
1505 4531 1615 4623 Pau-

149 4671 193 4770 ci
232 4669 401 4814 equites
437 4711 542 4775 cum
579 4683 755 4812 Joanne
790 4675 983 4796 Padilla,
1009 4677 1148 4778 'Petro
1185 4712 1229 4775 et
1255 4668 1477 4775 Francisco
1508 4667 1618 4765 Mal·

152 4815 341 4916 donado
376 4853 420 4919 et
447 4823 624 4957 Joanne
660 4833 799 4924 Bravo
835 4817 1058 4939 restitere,
1094 4818 1175 4958 qui
1211 4848 1429 4914 certamen
1463 4809 1618 4912 ineun-

236 4959 347 5060 Tom.
378 4973 413 5062 1.
852 5053 854 5060 ,
1217 4967 1266 5062 Ν
1558 4985 1653 5049 tes.
