4292 5984
629 458 1131 534 SUMMARIUM.
1513 467 1590 538 XV.

141 595 211 683 'liat
249 589 378 708 oppidi
417 585 599 674 dedendi.
646 583 709 668 llle
750 583 853 668 initio
909 583 973 667 ctis
1006 605 1123 666 castra
1155 611 1306 672 movet.
1357 593 1418 676 De
1460 589 1531 676 hac
1577 597 1622 680 si·

141 713 401 802 conditionem
412 705 581 821 repudiat
598 703 689 808 ,sed
702 762 714 806 ,
728 701 856 815 despe·
911 701 989 786 mili
1026 696 1138 817 fugae
1184 701 1417 816 profectione
1449 711 1623 798 certiores

143 859 229 919 rato
253 828 417 931 amilio,
450 848 488 911 et
512 852 577 936 spe
608 821 749 906 sublata
779 824 857 904 Co-
912 815 999 904 facti
1008 819 1216 906 Caesariani
1225 823 1356 912 Gallos
1373 829 1624 942 insequuntur
1647 893 1651 900 -

140 949 374 1036 mestabilem
390 973 429 1030 re
445 939 579 1028 infecta
601 940 856 1040 discessurum,
913 962 953 1024 et
985 937 1080 1022 male
1126 939 1306 1044 habent,
1346 947 1528 1060 atquein
1575 979 1625 1034 eo

144 1068 332 1184 oppidum
361 1061 474 1148 tradit
499 1123 512 1165 ‚
537 1060 576 1144 in
611 1087 692 1171 quo
727 1056 857 1171 ingens
912 1081 1067 1168 receptu
1086 1057 1252 1143 hostium
1277 1065 1407 1148 Petrus
1432 1065 1625 1176 baiardus,

141 1208 399 1285 commeatus,
431 1203 470 1265 et
499 1176 724 1264 cibariorum
751 1173 860 1286 copia
913 1197 951 1260 et
979 1176 1144 1285 Joannes
1175 1175 1377 1264 Cabaneus
1407 1181 1629 1268 interficiun

142 1303 403 1420 reperiuntur.
914 1315 975 1376 tur
994 1349 1007 1397 ‚
1025 1291 1245 1380 Almirallius
1266 1297 1342 1415 ipse
1365 1299 1526 1414 graviter
1542 1301 1629 1388 vul..

205 1425 258 1508 X.
317 1414 484 1530 Lanojus
516 1476 530 1518 ,
562 1413 663 1526 justis
703 1411 862 1496 Colum·
901 1435 1089 1496 neratur.

144 1569 219 1626 nae
253 1533 443 1620 funeribus
477 1532 632 1636 solutis,
660 1530 861 1616 exercitum
973 1529 1080 1616 XlV.
1137 1529 1251 1616 Pulsis
1273 1532 1378 1620 ltalia
1394 1533 1510 1622 Gallis
1526 1543 1633 1624 laus·

147 1688 197 1744 ex
230 1653 389 1741 hibernis
435 1649 630 1754 deducit,
676 1648 864 1732 Ticinum·
914 1643 1102 1762 Pompeia
1139 1673 1255 1766 atque
1310 1651 1532 1740 Alexandria
1586 1657 1627 1742 in

146 1803 230 1890 que
260 1772 372 1886 copiis
400 1765 577 1854 traductis
608 1765 661 1850 ad
696 1765 865 1850 Gamba-
916 1765 1228 1852 Caesarianorum
1285 1797 1509 1885 potestatem
1562 1803 1630 1860 ves

148 1893 278 1978 lotum
315 1914 432 1974 castra
473 1885 603 2002 ponit.
644 1883 866 1970 Almirallius
918 1881 1051 1968 nium.
1100 1883 1261 1970 Carolus·
1299 1889 1444 1974 Galliae
1486 1889 1629 1977 Come·

148 2009 331 2096 Ticinum
373 2033 531 2122 quoque
559 2000 717 2113 trajicit,
741 2024 780 2084 et
815 2001 866 2086 ad
920 1999 1053 2086 stabilis
1081 2026 1120 2087 et
1151 2004 1431 2090 borboniortun
1463 2013 1553 2093 Dux
1589 2009 1629 2098 in

149 2126 400 2214 Villevenum
429 2151 511 2206 non
540 2119 656 2236 longe
683 2118 733 2202 ab
753 2117 875 2204 hosti·
921 2115 1050 2202 Caroli
1081 2121 1246 2206 Caesaris
1269 2121 1382 2208 fidem
1411 2125 1597 2240 recipitur.

152 2245 257 2330 tibus
289 2241 479 2329 considet.
980 2239 1068 2322 XV.
1129 2239 1342 2325 Borbonius
1358 2268 1514 2356 accepto
1530 2273 1634 2331 exerc·

231 2365 301 2448 Xl.
379 2364 489 2444 Bona
544 2351 870 2467 cataphractorum
922 2352 1016 2440 citus
1044 2355 1199 2468 imperio
1230 2356 1355 2470 copias
1392 2359 1430 2440 in
1459 2363 1634 2446 Transal-

153 2503 303 2596 partea
319 2473 545 2560 Caesarianis
560 2496 870 2584 oppressamque
923 2471 1049 2585 pinam
1079 2472 1241 2558 Galliam
1272 2475 1433 2560 traducit
1462 2537 1474 2579 ,
1501 2480 1632 2564 Massi·

154 2598 259 2682 adeo
299 2592 470 2708 equitatu
508 2590 657 2674 Gallico
706 2589 871 2674 multtun
924 2587 1088 2704 liamque
1128 2589 1260 2675 urbem
1311 2621 1531 2708 oppugnare
1568 2627 1635 2713 ag-

151 2713 395 2816 imminuto,
434 2709 573 2794 horum
603 2705 873 2794 incommodo·
925 2707 1118 2822 gredinu.
1167 2707 1323 2794 Rentius
1375 2711 1529 2796 Ursinus
1565 2742 1634 2798 ur·-
1690 2767 1692 2770 -

155 2861 246 2918 rum
279 2829 512 2942 impatientes
549 2825 650 2910 Galli
688 2824 873 2909 continuo
926 2825 1016 2910 bem
1043 2825 1139 2910 tueri
1178 2826 1292 2936 jussus
1321 2822 1425 2914 facile
1471 2829 1635 2918 obsidio·

158 2949 282 3034 biduo
312 2946 390 3032 acie
414 2946 594 3032 instructa
620 2942 791 3028 hostibus
811 2971 877 3054 pu·
927 2969 1017 3028 nem
1050 2966 1250 3029 sustentat.

159 3064 306 3186 gnandi
335 3087 560 3177 potestatem
597 3056 760 3144 faciturt.
805 3059 877 3142 Hr-
995 3062 1102 3146 XVI.
1176 3063 1385 3148 Franciscus
1436 3064 1641 3154 Gallorum·

158 3182 269 3299 spani
298 3181 438 3268 bellurn
480 3181 618 3268 ducere
645 3177 877 3262 decernunt.
927 3179 1009 3263 Rex
1037 3181 1433 3295 magnumexercitum
1447 3185 1571 3300 cogit,
1585 3211 1641 3271 at·

160 3307 346 3388 Saturana
369 3299 555 3414 oppidum
583 3319 699 3410 atque
723 3297 801 3408 ejus
813 3322 879 3381 arx
926 3325 1003 3410 que
1026 3324 1075 3381 eo
1089 3295 1242 3382 consilio
1273 3299 1636 3417 inTranspadanam

161 3421 279 3535 captis
304 3415 496 3535 praefectis
508 3437 743 3530 expugnatur
759 3471 774 3518 ‚
790 3416 879 3499 Ver·
925 3413 1068 3500 Italiam
1091 3413 1352 3530 proficiscinu,
1369 3443 1412 3506 ut
1427 3449 1511 3507 eam
1534 3450 1557 3505 a
1573 3423 1637 3506 mi·

160 3538 301 3624 caellae
339 3565 407 3653 per
443 3534 674 3623 deditionem
698 3530 889 3646 recipiun*
926 3530 989 3618 lite
1018 3532 1243 3622 Caesariano
1270 3565 1430 3624 vacuam
1461 3539 1498 3623 in
1531 3569 1637 3624 suam

160 3682 250 3744 tur.
927 3677 1153 3766 potestatem
1195 3655 1365 3772 redigat.
1425 3657 1638 3743 borbonius

222 3777 309 3862 XII.
367 3771 514 3858 Rhaetii
544 3769 662 3858 Gallis
688 3769 880 3858 auxilioin
927 3771 1060 3858 omissa
1120 3773 1304 3857 Massiliae
1351 3773 1636 3888 oppugnatione

162 3921 302 4010 agrum
329 3896 594 4007 Bergomatem
624 3889 807 4006 progressi
856 3919 880 3975 a
927 3892 1072 4008 magnis
1125 3889 1313 3978 itineribus
1374 3889 1638 3976 Mediolanum

164 4013 319 4124 Joanne
334 4009 494 4096 ‘Medice
523 4010 575 4096 ita
597 4031 779 4095 vexantur
803 4069 815 4112 ‚
836 4032 881 4095 ut
928 4009 1161 4096 revertitur..

163 4130 331 4215 domum
356 4157 433 4214 sese
463 4127 624 4240 recipere
667 4151 879 4243 cogantur.
997 4129 1122 4210 XVII.
1195 4121 1403 4210 Franciscus
1440 4123 1640 4212 Gallorum

164 4240 308 4331 Ssortia
353 4246 646 4362 Abbiagrassum
691 4267 881 4362 expugnat
930 4245 1012 4326 Rex
1041 4238 1196 4355 Papiam
1227 4270 1368 4358 magno
1392 4243 1535 4356 impetu
1547 4243 1638 4329 mul-

165 4361 401 4476 ¹diripitque,
433 4363 498 4447 sed
528 4358 731 4476 perniciosa
763 4363 882 4448 victo
931 4356 976 4442 tis
1004 4388 1050 4444 ex
1080 4357 1243 4472 parribus
1259 4390 1310 4471 op
1338 4385 1541 4476 ugnareet
1556 4393 1638 4450 mu·

170 4480 226 4564 ria
241 4541 253 4585 ,
269 4479 409 4594 quippe
435 4509 512 4593 qua
542 4475 780 4592 Abbiagrassi
821 4505 883 4589 pe·
932 4505 1016 4562 rum
1061 4474 1254 4562 tormentis
1301 4391 1408 4563 ldrire
1448 4509 1639 4598 aggressus

170 4597 234 4682 stis
266 4626 312 4682 ex
345 4598 571 4713 contagione
617 4594 883 4681 Mediolaniun
933 4595 1075 4680 bonam
1113 4593 1189 4706 ejus
1227 4618 1371 4708 partem
1419 4599 1640 4706 demolitur,

173 4713 340 4802 invadit.
933 4713 998 4798 sed
1029 4738 1086 4799 ter
1110 4711 1240 4796 milites
1265 4713 1466 4828 irrumpere
1495 4716 1641 4818 conati3

233 4835 333 4920 XIII.
395 4831 619 4922 Abnirallius
643 4829 786 4920 silentio
815 4859 885 4923 no·
934 4855 1114 4950 terquea
1146 4830 1372 4918 Caesarianis
1407 4861 1494 4920 cum
1532 4833 1641 4918 detri-

1234 4989 1236 4994 ’
1541 4975 1644 5036 men·
