4284 5982
596 363 924 446 assultuum
951 361 1020 444 ar
1051 361 1261 445 nocta.
1590 395 1614 472 7

179 515 269 601 prus
292 521 346 578 cst
372 493 427 576 lbi
457 517 729 604 praeceptorem
751 503 901 584 Petrum
916 503 1197 604 Pomponatium
1227 502 1321 579 imer
1346 499 1436 581 alios
1462 497 1640 602 professoss

180 627 262 680 rem
286 603 546 706 Philosophiae
572 613 790 710 egregium,
819 608 920 709 quod
949 609 987 682 in
1009 606 1257 709 Antapologia
1284 604 1393 686 refert
1417 629 1484 706 pro
1508 605 1642 685 Alber-

177 723 221 783 ro
248 707 317 785 Pio
340 708 546 810 Carporum
569 711 751 812 Principe.
792 713 868 790 Cui
903 735 1045 790 summo
1084 711 1311 803 litterarum,
1338 733 1428 810 quas
1463 712 1638 788 natalium

175 809 364 910 splendori
389 809 634 911 adjunxerat,
660 815 757 894 fama
779 817 860 894 viro
883 816 1058 893 Genesius
1083 835 1165 914 post
1186 812 1335 914 aliquod
1361 815 1401 890 in
1427 838 1469 891 ea
1492 813 1582 894 urbe
1597 815 1638 892 δι

177 912 371 1018 sodalitate
387 921 609 996 transactum
631 939 773 1019 tempus
792 917 977 1012 adhaesit,
992 920 1149 996 Romam
1171 916 1218 995 ab
1239 939 1284 994 co
1304 915 1349 995 ad
1370 915 1521 993 domum
1535 941 1638 996 suant

176 1039 245 1094 seu
272 1018 395 1117 potius
417 1021 621 1098 studiorum
649 1049 692 1102 ac
721 1024 759 1100 in
781 1020 909 1100 studiis
932 1023 1311 1122 praestantissimorum
1334 1017 1525 1096 hominum
1552 1047 1638 1104 vere

182 1125 451 1222 gymnasium,
478 1123 681 1206 honorifice
716 1127 917 1217 Invitatus,
945 1125 1272 1227 benignissimeque
1298 1122 1395 1224 apud
1420 1148 1504 1202 eum
1532 1124 1638 1203 dein·

180 1245 271 1321 ceps
293 1223 455 1304 habitus.
480 1228 551 1305 Pto
576 1255 652 1329 quo
677 1229 717 1306 δι
742 1228 910 1308 adversus
930 1231 1115 1306 Erasmum
1139 1228 1426 1306 Roterodamum
1450 1227 1632 1306 laudatam

177 1328 295 1426 paulo
323 1346 408 1405 ante
435 1329 681 1410 defensionem
709 1334 855 1432 sempsit
889 1335 983 1434 grati
1018 1333 1076 1407 sui
1108 1356 1194 1434 erga
1224 1328 1491 1410 benefactorem
1521 1335 1634 1408 animi

175 1437 401 1528 perpetuum
431 1455 706 1516 monumentum
735 1435 914 1512 futurum.
942 1438 1157 1534 frequentes
1185 1453 1286 1512 erant
1308 1435 1347 1511 in
1374 1458 1416 1511 ea
1437 1433 1633 1513 domoAl-

184 1531 256 1608 dus
271 1533 465 1634 lilanutius
479 1535 720 1638 Philologus,
749 1541 876 1617 Petrus
889 1538 1149 1636 Pcmponatius
1173 1536 1338 1616 laudatus
1361 1557 1476 1636 nuper
1492 1590 1503 1629 ,
1517 1538 1633 1641 Joan·

177 1658 324 1736 tresque
356 1638 599 1720 Montesdoca
625 1639 1092 1742 Hispalensis,Philosophi
1115 1694 1127 1733 ,
1154 1643 1304 1719 Marcus
1340 1642 1515 1719 Musutus
1543 1642 1632 1721 Cre·

179 1741 317 1833 renuis,
347 1741 594 1845 Triphonque
608 1746 810 1846 Byzantius
832 1745 990 1838 Graeci,
1014 1745 1143 1823 latine
1165 1767 1315 1844 quoque
1334 1743 1459 1834 docti,
1483 1765 1628 1843 praeter

180 1841 272 1918 alios
299 1841 524 1948 Theologos.
553 1849 726 1938 Quorum
755 1848 1017 1926 consuetudine
1050 1867 1147 1926 totus
1181 1848 1311 1925 exarsit
1337 1847 1383 1926 ad
1413 1844 1628 1948 Philosophi

179 1945 363 2045 principis
387 1947 594 2027 doctrinam
621 1952 661 2028 in
691 1953 776 2052 ipsis
797 1953 957 2030 Graecae
978 1953 1123 2054 linguae
1161 1949 1282 2050 adytis
1322 1950 1627 2051 perscrutandam,

177 2047 376 2150 pluresque
402 2048 479 2151 ejus
500 2051 640 2148 libros,
666 2076 778 2155 atque
814 2051 975 2152 ejusdem
1012 2073 1256 2131 enarratotum
1284 2049 1437 2132 fideliter
1466 2077 1512 2132 ac
1540 2052 1628 2154 phi-

173 2151 395 2252 losophice,
425 2178 499 2235 non
526 2158 767 2236 Ciceroniane
810 2156 1026 2238 vertendosr
1051 2159 1090 2232 in
1125 2180 1202 2255 quo
1223 2155 1293 2232 sibi
1320 2159 1400 2257 plus
1426 2180 1543 2256 aequo
1558 2157 1626 2235 At·

177 2257 343 2353 cyonius
384 2282 425 2335 ac
453 2259 642 2339 Perionius
679 2260 915 2340 indulserunt.
953 2259 1067 2359 quue
1091 2259 1288 2336 Clementis
1310 2260 1391 2338 vll.
1414 2259 1531 2356 Papae
1557 2285 1626 2338 au·

176 2358 330 2455 spiclis,
358 2363 418 2438 cui
442 2362 480 2437 in
504 2388 549 2440 eo
574 2366 794 2464 obsequium
818 2361 989 2442 exhibere
1015 2380 1052 2440 se·
1082 2382 1192 2462 arque
1206 2363 1285 2439 aliis
1311 2386 1450 2439 summa
1464 2360 1624 2463 dignita-

174 2479 212 2536 te
245 2461 332 2539 viris
347 2514 358 2555 ,
386 2465 424 2541 in
439 2467 565 2566 eisque
580 2467 771 2546 Matthaeo
786 2468 964 2560 Gibetto,
978 2465 1138 2543 Praesuli
1153 2467 1420 2544 Veronensium
1445 2466 1623 2565 amplissi-

171 2586 261 2656 mo,
287 2588 362 2642 non
389 2571 497 2646 semel
512 2570 605 2648 datis
631 2571 676 2648 ad
702 2569 801 2650 hunc
820 2571 949 2647 litteris
975 2565 1178 2669 profitetur.
1206 2569 1311 2657 Quae
1334 2564 1410 2665 ejus
1434 2591 1523 2646 cura
1542 2567 1624 2645 fru-

170 2684 254 2743 ctus
279 2669 390 2766 paulo
417 2694 499 2771 post
525 2672 728 2753 referendos
759 2677 800 2752 in
830 2696 1060 2752 communem
1096 2673 1293 2749 utilitatem
1320 2670 1486 2772 protulit.
1521 2672 1621 2749 Cum

169 2769 321 2849 Erasmo
340 2776 450 2852 etiam
465 2776 712 2870 Rotetodamo
737 2778 978 2878 reciprocavit
993 2776 1191 2875 aliquando
1215 2775 1416 2854 litterarum
1442 2799 1623 2854 commer-

171 2875 303 2966 cium,
335 2899 379 2955 ut
408 2899 549 2958 constat
580 2907 624 2957 ex
655 2879 731 2980 ejus
759 2879 806 2959 ad
832 2882 1022 2956 Erasmum
1049 2881 1156 2957 tertia
1183 2900 1291 2976 supet
1330 2875 1489 2980 quodam
1515 2878 1620 2956 Pauli

168 2973 213 3052 ad
236 2978 384 3058 Galatas
406 2981 552 3060 difficili
577 2985 783 3062 testimonio
805 2983 852 3060 de
874 2984 958 3061 Sina
980 3003 1105 3060 monte
1120 2980 1286 3060 'Arabiae
1315 3006 1337 3060 a
1367 3003 1405 3058 se
1435 3007 1479 3061 err
1501 2983 1619 3061 Grae·

169 3080 206 3157 ci
232 3100 355 3160 textus
385 3107 484 3164 tecta
510 3087 805 3188 interpretatione
832 3088 1026 3179 restituto,
1063 3085 1275 3184 Erasmique
1297 3084 1343 3163 ad
1365 3109 1449 3161 eum
1479 3087 1620 3186 quinta,

171 3205 268 3282 quae
304 3189 400 3265 inter
430 3191 517 3268 allas
537 3193 685 3270 Genesii
722 3211 832 3283 sunt,
862 3189 1034 3292 epistolis.
1066 3192 1196 3290 Atque
1220 3189 1279 3265 ille
1303 3185 1454 3289 quidem
1480 3190 1519 3264 in
1547 3189 1618 3266 Ci-

175 3293 374 3366 ceroniana
403 3315 471 3369 suo
498 3295 559 3372 vix
588 3293 737 3395 quidem
766 3295 877 3371 alium
903 3319 925 3371 a
947 3295 1104 3372 Genesio
1125 3291 1325 3392 Sepulveda
1363 3292 1403 3368 in
1425 3293 1618 3372 Tullianae

171 3387 368 3471 facundiae
393 3397 619 3473 imitaturum
641 3397 725 3474 albo
749 3397 921 3478 admisits
947 3398 993 3474 iis
1015 3414 1135 3474 tamen
1158 3418 1231 3472 non
1253 3392 1372 3472 adhuc
1394 3394 1527 3473 solidae
1542 3396 1619 3473 lau·

172 3491 229 3569 dis
255 3495 403 3591 verbis,
429 3523 523 3599 quae
548 3523 692 3578 causam
715 3498 891 3579 dederunt
913 3522 1062 3592 nostro,
1091 3524 1136 3577 ne
1163 3497 1313 3596 quidem
1345 3498 1465 3598 plenas
1491 3501 1525 3576 ei
1547 3494 1616 3575 ha·-

173 3592 285 3673 bendi
301 3602 460 3698 gratias,
484 3602 536 3678 nil
550 3602 765 3695 retardatus,
781 3605 872 3702 quin
896 3605 1077 3703 optimum
1101 3602 1141 3680 &
1166 3603 1464 3681 litteratissimum
1479 3602 1618 3678 Princi-

175 3720 261 3798 pem
284 3702 356 3777 sibi
381 3706 433 3781 ira
454 3705 670 3784 benevolum
692 3705 739 3782 ab
763 3703 839 3804 ejus
860 3704 1196 3808 impugnationibus
1217 3704 1481 3784 defendendum
1501 3705 1617 3781 susci·

173 3823 288 3900 peret.
304 3805 474 3885 Contulit
501 3833 650 3909 quoque
674 3832 819 3909 operam
835 3834 919 3886 cum
933 3809 1075 3887 Didaco
1091 3809 1241 3908 Neyla,
1266 3808 1500 3886 Salmantinae
1515 3823 1616 3905 post·

109 3983 121 3995 ,
174 3929 217 3982 ea
248 3909 431 3990 Ecclesiae
457 3912 673 4004 Canonico,
700 3916 737 3986 in
772 3909 1001 3991 conficiendo
1028 3913 1239 3988 Breviorio
1262 3912 1350 4001 illo,
1381 3906 1483 4007 quod
1504 3911 1615 3986 Fran-

173 4011 295 4087 eiscus
317 4014 516 4099 Quifiones
538 4015 575 4092 S.
602 4016 651 4092 R.
680 4017 721 4094 E.
753 4013 864 4092 Catd.
899 4014 999 4115 jussu
1035 4014 1234 4092 Clementis
1257 4008 1444 4090 Pontificis
1472 4036 1494 4090 a
1525 4035 1562 4090 sc
1577 4034 1614 4091 et

168 4111 250 4188 aliis
277 4114 504 4195 elaboratum
536 4119 576 4193 in
609 4120 729 4194 lucem
765 4116 904 4199 edidits
933 4115 979 4195 de
1009 4140 1085 4214 quo
1112 4119 1147 4192 ei
1175 4113 1220 4191 ad
1246 4115 1408 4214 Neylam
1440 4116 1615 4193 scribenti

169 4217 401 4296 centesimam
437 4244 481 4298 ex
517 4221 590 4298 suis
624 4219 811 4319 epistolam
853 4216 962 4296 fidem
997 4216 1183 4296 habemus.
1209 4220 1384 4296 Attamen
1414 4241 1501 4294 cum
1541 4217 1614 4315 jam

170 4315 220 4392 ab
248 4320 371 4421 aliquo
401 4343 562 4424 tempore
589 4324 748 4402 reditum
775 4323 954 4422 cogitaret
983 4321 1021 4396 in
1049 4321 1228 4421 patriam,
1258 4346 1303 4400 eo
1338 4319 1438 4422 quod
1452 4371 1474 4412 ,.
1494 4345 1614 4419 quan-

173 4424 344 4517 tumvis,
389 4446 430 4503 ut
461 4426 558 4505 idem
590 4429 662 4520 ait,
685 4425 822 4503 directa
856 4425 902 4500 ad
932 4426 1095 4504 Enecum
1124 4423 1347 4502 Mendozam
1373 4425 1614 4525 burgensium

173 4525 387 4604 Antistirem
409 4531 510 4610 XIV.
532 4531 707 4631 epistola,
743 4551 881 4629 magna
916 4551 1005 4607 esset
1028 4529 1170 4606 Romae
1196 4533 1413 4624 optimorum
1437 4543 1476 4603 et
1504 4543 1614 4602 uetu-

176 4633 426 4708 stissimorum
459 4633 639 4710 librorum
670 4637 779 4729 copia
798 4685 808 4724 ,
830 4631 1083 4730 frequensque
1109 4633 1295 4708 doctorum
1321 4633 1500 4707 hominum
1528 4655 1616 4706 ton·

179 4755 307 4810 cursus
323 4790 334 4828 ,
350 4737 483 4831 quibus
498 4736 610 4812 rebus
634 4739 765 4811 studia
790 4738 1008 4811 litterarum
1025 4738 1204 4828 aluntur,
1221 4731 1382 4834 difficile
1399 4752 1519 4810 tamen
1542 4734 1613 4809 sibi

175 4835 358 4920 uideretur
383 4841 625 4941 infortunate
648 4845 758 4937 quan·
783 4836 936 4942 officina
964 4839 1028 4916 vel
1053 4843 1135 4915 suis
1164 4839 1227 4914 vel
1253 4839 1392 4915 alienis
1419 4837 1613 4956 cupidita-

221 4969 224 4980 *
1533 4953 1589 5011 tt-
