4292 5984
581 441 639 552 48
990 458 1072 540 DE
1113 458 1320 539 nanus
1361 453 1585 542 Gnsms

541 617 828 766 „perniciem
854 654 946 718 non
977 615 1157 719 afferre?
1192 629 1403 762 Longum
1436 656 1542 720 esset
1580 653 1624 719 et
1660 613 1787 720 vobis
1822 613 2013 722 scienti-

543 769 670 891 „bus
707 765 941 868 molestum
978 763 1135 884 etiam,
1182 802 1338 865 eorum
1380 765 1712 905 compilationes
1757 797 1801 862 et
1841 767 2012 869 nostris

541 993 574 1038 „
590 909 844 1014 hominibus
887 906 1020 1009 illatas
1062 908 1241 1042 injurias
1284 947 1533 1016 recensere3
1576 951 1601 1008 a
1643 904 1807 1048 quibus
1846 912 2012 1013 omnia

542 1096 671 1198 „pro
718 1093 793 1152 sua
839 1047 1024 1154 libidine
1071 1089 1236 1194 praeter
1282 1091 1454 1152 morem
1497 1054 1688 1193 patrium
1730 1052 2009 1194 agitantibus

541 1199 822 1339 „plerosque
858 1197 999 1338 gentis
1034 1233 1207 1299 nostrae
1242 1195 1361 1300 viros
1398 1195 1596 1336 egregios
1631 1191 1746 1295 bene
1783 1199 1837 1296 de
1873 1237 2009 1340 tepu-

540 1343 702 1466 „blica
733 1343 938 1461 meritos,
974 1380 1076 1442 cum
1105 1341 1306 1444 laborum
1342 1376 1416 1441 aut
1452 1373 1750 1482 susceptorum
1787 1339 2009 1446 discrimi-

542 1567 574 1612 „
588 1526 696 1588 num
729 1487 927 1629 legitima
955 1486 1149 1627 praemia
1178 1485 1468 1628 postularent,
1498 1484 1748 1628 neglectos,
1783 1487 2007 1625 quosdam

540 1711 573 1756 „
588 1633 724 1732 etiam
757 1671 859 1732 cum
892 1631 1161 1732 contumelia
1196 1629 1396 1732 dimissos
1431 1669 1519 1730 esse
1554 1669 1687 1731 nemo
1723 1628 1922 1771 ignorat,
1958 1675 2007 1735 ac

540 1773 874 1917 „praefecturas
905 1812 949 1875 et
982 1814 1158 1876 munera
1191 1774 1387 1916 publica,
1419 1811 1649 1915 ceteraque
1679 1809 1855 1895 cuncta,
1890 1816 2008 1917 quae

542 1998 574 2043 „
589 1921 757 2019 virtutis
796 1921 994 2062 egregiae
1037 1955 1168 2059 atque
1208 1916 1469 2040 industriae,
1516 1919 1706 2060 denique
1746 1911 2007 2024 officiorum

543 2141 574 2186 „
589 2061 856 2204 reipublicae
890 2063 1201 2204 praestitorum
1237 2099 1352 2164 certa
1399 2064 1595 2206 praemia
1640 2100 1767 2164 erant
1805 2105 1831 2164 a
1872 2104 2007 2206 supe-

543 2203 779 2331 „rioribus
827 2204 1024 2350 Regibus
1066 2208 1322 2349 proposita,
1366 2209 1544 2308 eosdem
1579 2242 1655 2308 aut
1699 2206 1784 2309 sibi
1827 2208 2007 2351 suisque

542 2426 574 2474 ,‚
589 2387 785 2466 sumere,
817 2385 893 2449 aut
927 2350 1087 2452 habere
1118 2352 1307 2451 venalia.
1343 2364 1495 2493 ltaque
1531 2353 1640 2453 dum
1677 2353 1763 2451 suis
1798 2391 2008 2454 commo-

542 2495 656 2617 „dis
692 2495 949 2611 consulant,
985 2492 1097 2591 nihil
1132 2494 1255 2631 pensi
1290 2494 1453 2594 habent
1489 2531 1563 2598 aut
1599 2495 1848 2618 moderati,
1885 2499 2008 2598 divi-

544 2712 577 2759 „
591 2675 646 2736 na
669 2670 712 2734 et
739 2633 931 2736 humana
967 2634 1289 2775 permiscentes.
1328 2647 1432 2750 Qua
1459 2639 1579 2739 enim
1607 2639 1819 2782 religione
1852 2675 1897 2744 et
1927 2681 2009 2742 cu-

544 2855 577 2901 „
591 2817 638 2877 ra
659 2813 836 2879 utantur
867 2778 914 2878 in
945 2778 1229 2880 Ecclesiamm
1265 2775 1543 2923 praefecturis
1564 2785 1850 2906 mandandis,
1887 2825 2006 2926 quae

544 2921 676 3044 „nisi
711 2920 814 3021 viris
850 2924 1074 3064 gravibus,
1110 2924 1286 3068 egregia
1321 2924 1520 3028 doctrina
1548 2964 1592 3026 et
1627 2965 1808 3028 motum
1844 2929 2007 3030 sancti-

546 3142 578 3187 „
592 3099 702 3182 tate,
737 3104 831 3165 non
867 3101 981 3166 recte
1018 3070 1376 3190 committuntur,
1411 3109 1578 3215 magno
1613 3071 1885 3174 documento
1922 3075 2007 3174 de-

546 3283 579 3336 „
595 3207 807 3309 clararunt
855 3211 1063 3311 Toletani
1106 3213 1421 3334 Pontificatus,
1502 3254 1605 3314 uem
1647 3217 1847 3322 obtinere
1890 3257 2008 3320 con-

546 3426 581 3475 „
597 3388 678 3452 stat
708 3351 882 3472 locum,
918 3388 967 3454 ut
991 3356 1039 3454 in
1076 3368 1202 3456 omni
1230 3358 1447 3498 Hispania
1469 3256 1597 3460 licile
1626 3359 1907 3503 principem,
1944 3363 2008 3462 sic

546 3569 577 3614 „
593 3493 640 3593 in
678 3494 850 3636 reliquo
890 3495 999 3598 orbe
1034 3497 1279 3602 Christiano
1316 3502 1571 3643 proximum
1605 3507 1845 3607 secundum
1879 3515 2009 3606 Pon-

543 3714 576 3759 ,‚
594 3638 755 3740 tilicem
781 3652 1068 3765 Romanum,
1097 3645 1188 3748 sive
1210 3647 1512 3750 auctoritatem
1535 3685 1724 3792 spectes,
1759 3651 1850 3752 sive
1869 3649 2007 3754 clien-

544 3783 692 3905 „telas
728 3819 772 3884 et
806 3787 1070 3930 vectigalia,
1108 3791 1187 3933 qui
1219 3831 1299 3895 nec
1329 3795 1468 3915 solet,
1505 3834 1587 3896 nec
1617 3792 1775 3914 debet,
1811 3831 1865 3895 ut
1900 3829 2007 3937 pro-·

545 3997 578 4044 „
595 3923 648 4026 be
685 3929 822 4030 nostis
836 4009 852 4052 ,
889 3933 973 4033 nisi
1007 3934 1107 4034 viro
1144 3938 1403 4077 gravissimo
1439 3938 1662 4059 mandari,
1698 3937 1755 4038 ad
1783 3977 2007 4039 summam

543 4142 576 4190 „
592 4069 655 4186 ei,
692 4073 771 4211 qui
806 4075 943 4215 possit
978 4117 1061 4218 pro
1089 4092 1213 4222 Rege
1251 4079 1450 4203 absente,
1487 4081 1805 4226 utaliquando
1835 4076 2008 4182 factum

541 4288 574 4333 „
590 4211 806 4335 vidimus,
844 4231 1053 4362 Regnum
1089 4264 1222 4325 omne
1260 4229 1472 4328 Castellae
1506 4229 1597 4330 sine
1633 4265 1864 4369 procerum
1889 4226 2009 4326 invi·-

542 4357 663 4474 „dia
699 4397 743 4460 et
779 4401 880 4464 cum
917 4366 1121 4468 omnium
1157 4368 1363 4472 ordinum
1400 4413 1425 4470 a
1457 4372 1721 4513 probatione
1750 4368 2009 4470 moderari:

541 4497 630 4615 „ei
673 4533 823 4603 tamen
865 4518 1016 4646 Belgae
1066 4548 1253 4651 puerum
1306 4411 1647 4658 praedicandum
1701 4548 2011 4635 curaverunt,

538 4678 682 4802 „non
716 4647 857 4746 modo
892 4685 1061 4769 rerum,
1097 4689 1147 4754 ut
1180 4697 1347 4759 necesse
1384 4695 1476 4779 est,
1514 4659 1801 4805 imperitum,
1833 4665 1908 4758 sed
1939 4695 2015 4758 et-

536 4822 675 4906 „tam
701 4827 926 4944 arternum
953 4797 1088 4902 nostri
1112 4803 1241 4946 patrii
1270 4802 1404 4906 moris
1438 4843 1611 4948 prorsus
1647 4805 1879 4949 ignarumt
1915 4804 2012 4942 qui

1888 5023 1919 5070 ³>
1935 4989 2001 5050 ex
