4294 5984
572 453 630 538 88
974 459 1057 539 DE
1101 457 1299 538 REBUS
1338 455 1557 538 GESTIS

525 620 737 784 quaginta
772 611 992 762 peditibus
1028 613 1217 715 totidem
1250 613 1416 754 equites
1450 607 1747 752 cataphractos
1781 610 1999 718 summit

528 803 670 885 teret,
707 761 791 868 sibi
828 803 926 864 eam
961 757 1219 862 sententiam
1255 796 1349 858 non
1387 756 1565 896 probari
1600 756 1861 898 responditt
1908 802 1998 864 nec

531 914 650 1014 enim
686 950 760 1008 eos
794 908 959 1048 pedites
995 906 1051 1006 ad
1096 900 1319 1004 castellum
1355 896 1681 1000 defendendum
1717 901 1863 1002 minus
1899 946 1998 1006 esse

528 1057 743 1172 idoneos,
780 1090 916 1192 quam
953 1049 1151 1190 equites,
1190 1083 1384 1190 quorum
1422 1087 1555 1188 opera
1581 1046 1636 1145 ad
1664 1085 1726 1146 res
1756 1045 1858 1146 alias
1889 1049 1997 1155 lon

528 1239 583 1340 ge
618 1195 767 1296 utilior
810 1236 896 1294 esse
939 1193 1103 1334 possit
1148 1204 1255 1310 Quo
1296 1228 1505 1332 responso
1545 1190 1797 1330 indignatus
1843 1191 1998 1292 Almi-

527 1379 700 1460 tantus,
728 1338 1000 1440 Franciscum
1022 1337 1234 1438 Osorium
1260 1372 1365 1435 cum
1389 1335 1538 1454 scalis,
1575 1335 1736 1476 quibus
1767 1370 1857 1436 erat
1893 1375 1996 1437 mu-

528 1527 598 1588 rus
630 1523 707 1626 pet
730 1522 901 1625 partem
927 1525 952 1583 a
962 1478 1262 1644 'popularibus
1287 1519 1480 1582 aversam
1510 1478 1864 1582 conscendendus
1896 1479 1994 1614 (ha

528 1669 629 1732 rum
665 1630 786 1730 enim
821 1667 925 1730 cura
960 1626 1107 1766 ipsum
1142 1625 1451 1796 retardaverat)
1487 1625 1544 1722 ad
1567 1621 1773 1724 Torsillas
1810 1662 1993 1726 manere

530 1775 674 1909 jussit,
711 1809 755 1873 et
796 1769 1063 1890 Velascum,
1100 1770 1179 1932 qui
1212 1778 1302 1903 jam
1338 1770 1384 1868 in
1420 1768 1767 1868 adversariorum
1800 1808 1993 1910 conspe-

528 1955 651 2018 ctum
688 1953 885 2080 venerat,
924 1915 1172 2033 revocavit,
1210 1951 1288 2053 per
1323 1913 1604 2055 litterasque,
1640 1953 1695 2014 ne
1732 1951 1993 2054 supeream-

526 2099 660 2161 neum
690 2060 961 2200 minimeque
986 2057 1268 2158 necessarium
1294 2054 1537 2158 subsidium
1569 2057 1783 2176 mitteret,
1812 2057 1988 2158 denun

528 2204 685 2302 tiavit.
729 2214 880 2344 Itaque
924 2201 1137 2342 postridie
1181 2240 1319 2341 parvo
1361 2201 1578 2362 negotio
1587 2200 1807 2300 castellum
1849 2239 1992 2340 expu-

528 2384 717 2489 gnatum
761 2381 858 2466 est,
896 2346 1054 2444 eodem
1090 2345 1213 2444 Fario
1250 2343 1466 2463 Comite,
1504 2344 1584 2484 qui
1619 2346 1668 2444 in
1703 2345 1991 2486 conspectum

530 2529 634 2590 cum
645 2490 871 2651 ’equitatu
908 2487 1201 2626 processerat,
1243 2523 1459 2626 spectante
1496 2524 1541 2586 et
1576 2523 1753 2629 propter
1803 2526 1991 2589 suorum

562 2632 799 2732 aucitatem
835 2669 928 2729 non
964 2631 1161 2743 valente,
1203 2631 1278 2729 sed
1320 2671 1375 2730 ne
1416 2667 1605 2733 conante
1649 2632 1829 2772 quidem
1873 2669 1990 2772 pro-

528 2672 705 2876 iiibere.
742 2781 842 2873 Nec
878 2812 985 2874 vero
1021 2765 1160 2874 modo
1200 2773 1501 2875 castellum
1460 2814 1506 2874 vr
1540 2812 1718 2938 captum
1753 2811 1818 2875 est
1853 2809 1992 2916 atque

532 2918 780 3057 direptum3
817 2919 892 3016 sed
926 2958 1001 3020 arx
1037 2957 1218 3079 quoque
1254 2918 1576 3038 munitissima,
1601 2921 1814 3022 intentata
1848 2920 1993 3019 modo

532 3061 909 3223 oppugnatione,
954 3101 1028 3204 pet
1071 3099 1297 3202 rgnavram
1337 3057 1540 3202 praefecti
1582 3062 1776 3182 dedita,
1829 3064 1990 3162 eodem

531 3205 650 3308 die
638 3243 687 3303 m
723 3205 1005 3346 popularium
1041 3242 1302 3344 potestatem
1338 3205 1575 3345 pervenit,
1610 3206 1691 3348 qui
1720 3206 1874 3306 stativa
1900 3202 1989 3304 ibi-

531 3350 635 3448 dem
670 3345 830 3448 babere
864 3350 1207 3469 constituerant,
1256 3384 1431 3490 propter
1474 3349 1562 3452 loci
1608 3350 1989 3490 opportunitatem

530 3491 588 3591 ad
615 3529 834 3632 proceres,
861 3531 940 3633 qur
924 3492 1167 3592 Torsillis
1198 3491 1555 3611 continebantur,
1594 3488 1881 3612 infestandos,
1919 3529 1991 3594 ate

532 3673 619 3774 que
656 3673 803 3775 rpsum
840 3635 1091 3776 oppidum,
1128 3639 1254 3800 quod
1288 3635 1390 3738 inde
1427 3634 1546 3736 abest
1582 3676 1785 3776 passuum
1822 3637 1992 3737 duode

533 3815 622 3877 erm
667 3777 860 3880 millibus
885 3821 1020 3922 ,per
1063 3781 1343 3884 occasionem
1385 3784 1738 3944 oppugnandum
1773 3817 1819 3881 et
1860 3821 1991 3882 com

536 3919 749 4024 meatibus
785 3858 1189 4027 inteicludendum
1217 3933 1355 4056 Cujus
1386 3963 1449 4024 rer
1478 3925 1617 4066 gratia
1641 3924 1807 4066 pedites
1844 3925 1991 4066 sclop-

533 4063 754 4204 petasius,
797 4069 874 4209 qui
918 4069 1006 4170 vias
1050 4069 1333 4187 obsiderent,
1378 4069 1638 4209 quotidiana
1674 4069 1990 4170 consuetudine

533 4205 844 4370 dimittebant,
880 4212 1020 4311 donec
1062 4210 1305 4315 horum
1268 4211 1437 4312 crrciter
1479 4213 1797 4376 quinquaginta
1841 4211 1897 4313 ab
1940 4253 1989 4310 e-

535 4352 713 4492 quitatu
767 4393 999 4493 procerum
1045 4355 1231 4497 ipsoque
1272 4355 1519 4462 Velasco
1506 4357 1738 4497 intercepti
1781 4390 1826 4456 ct
1870 4351 1989 4493 capti

535 4529 666 4592 sum.
706 4498 795 4594 Hic
828 4500 947 4598 enim
977 4500 1114 4598 timor
1141 4539 1307 4604 ceteros
1339 4502 1497 4602 deinde
1533 4503 1757 4641 repressit,
1799 4535 1839 4602 et
1876 4492 1989 4598 infe-

534 4671 617 4737 stas
653 4637 744 4737 vias
781 4636 837 4737 ab
880 4637 1199 4740 incursionibus
1241 4641 1497 4772 hujusmodi
1539 4646 1721 4748 tutiores
1770 4639 1986 4748 reddidit

535 4785 685 4934 Atque
720 4779 827 4888 haec
863 4783 1094 4930 quidem
1082 4823 1129 4892 ιιι
1165 4787 1371 4894 Vaccaeis
1407 4785 1684 4938 gerebantur
1894 4939 1936 5036 C

1936 4970 1995 5034 0⁴
