4292 5984
554 488 612 579 42
830 491 837 496 ·
920 478 1003 558 nn
1051 473 1259 558 nunus
1297 469 1516 553 Gustus

504 668 773 778 sequentes,
811 627 890 733 diu
925 669 1019 730 non
1055 628 1142 728 sine
1179 661 1346 764 angore
1383 623 1523 725 animi
1559 616 1625 722 sui
1662 655 1704 722 et
1745 659 1869 724 metu
1904 637 1979 759 ju-

508 780 714 880 stissimae
741 815 942 917 poenae,
978 808 1029 872 ur
1057 767 1159 902 jussi
1186 761 1392 887 fuerant,
1429 806 1532 868 cum
1565 765 1848 878 mansissent;
1887 804 1978 876 tan·

507 926 612 1027 dem
649 921 775 1022 rebus
803 917 951 1018 Siculis
987 909 1245 1053 compositis
1281 948 1413 1053 arque
1449 909 1637 1034 sedatis,
1667 911 1975 1028 dimittuntur;

507 1066 703 1168 Golisani
747 1076 910 1165 Comes
954 1056 1002 1160 in
1046 1056 1233 1158 Galliam
1275 1055 1546 1196 Cisalpinam
1585 1090 1809 1197 castraque
1846 1060 1979 1201 proli-

505 1209 608 1310 cisci
643 1215 809 1339 jussus,
855 1219 1108 1306 Camaratae
1152 1212 1316 1301 Comes
1359 1198 1424 1299 in·
1450 1200 1645 1302 Siciliam
1690 1203 1825 1302 redire
1873 1241 1977 1346 per·

504 1353 689 1472 missus,
726 1389 862 1492 quam
898 1389 994 1449 non
1029 1344 1173 1448 multo
1210 1380 1312 1484 post
1348 1341 1481 1444 Gallis
1519 1344 1685 1446 tradere
1727 1339 1842 1446 facta
1879 1388 1975 1452 con·

504 1495 725 1632 juratione
761 1491 1046 1595 moliebatur:
1093 1489 1166 1590 sed
1211 1526 1257 1586 re
1302 1525 1379 1630 per
1424 1489 1618 1590 indicem
1661 1488 1717 1589 ad
1760 1488 1976 1595 Carolum

505 1641 675 1762 delata,
709 1650 826 1772 jussu
858 1648 950 1771 ejus
979 1628 1403 1776 comprehenditur,
1442 1672 1634 1777 cumque
1658 1629 1811 1735 habita
1840 1673 1977 1776 quae·

505 1784 648 1885 stione
676 1784 846 1884 crimen
887 1775 1105 1882 confessus
1131 1812 1237 1878 esser
1265 1814 1309 1876 et
1337 1779 1536 1879 conscios
1564 1777 1864 1900 nominasset,
1903 1819 1978 1881 ca-

505 1929 599 2068 pite
643 1927 792 2068 plexus
838 1960 899 2028 est
947 1962 1052 2023 cum
1096 1955 1286 2062 quatuor
1336 1920 1603 2054 conjuratis,
1650 1922 1844 2024 Nicolao
1888 1932 1976 2056 ejus
2043 1921 2046 1930 ’

504 2070 653 2213 Regni
688 2068 989 2187 thesaurario,
1025 2064 1263 2169 Vincentio
1300 2060 1545 2187 Leufante,
1581 2065 1786 2168 Federico
1831 2077 1977 2208 Impc-
2140 2095 2141 2164 l

506 2251 649 2315 ratore
684 2213 1036 2358 cognominam,
1072 2243 1205 2350 atque
1241 2208 1460 2350 Cephalae
1495 2225 1721 2346 Dynasta.

576 2369 652 2462 IV.
728 2369 894 2459 Interea
931 2352 1115 2458 Carolus
1152 2351 1308 2474 rebus,
1345 2395 1458 2496 quae
1495 2357 1552 2455 ad
1588 2353 1728 2497 Belgii
1752 2353 1977 2458 Austriae·

506 2542 595 2644 que
631 2539 675 2602 er
711 2538 950 2603 ceterarum
987 2533 1147 2597 tractus
1173 2496 1286 2596 illius
1315 2537 1416 2597 suae
1445 2498 1629 2601 ditionis
1656 2498 1857 2643 gentium
1896 2537 1980 2642 gu-

506 2644 812 2746 bernationem
856 2641 1152 2784 pertinerent,
1198 2640 1477 2763 constitutis,
1525 2644 1744 2785 classeque
1788 2681 1975 2763 coacta,

507 2788 555 2890 in
591 2788 859 2928 Hispaniam
902 2798 1141 2926 Regnum,
1186 2794 1367 2926 ejusque
1409 2785 1837 2889 administrationem
1882 2826 1977 2888 sus-

505 2966 709 3073 cepturus
753 2928 1073 3074 proficiscitur;
1112 2965 1156 3028 et
1207 2931 1410 3071 quamvis
1454 2931 1579 3073 gravi
1623 2967 1882 3074 tempestate
1928 2930 1978 3032 in

505 3087 686 3178 Oceano
723 3086 938 3210 jactatus,
976 3071 1212 3174 incolumis
1259 3109 1439 3194 tamen,
1484 3075 1690 3218 nullaque
1739 3075 1979 3178 desiderata

504 3257 618 3320 nave
666 3222 714 3322 in
756 3222 840 3321 His
874 3222 1020 3319 aniam
1061 3254 1253 3338 terram,
1297 3218 1586 3361 Ascuriaeque
1629 3259 1755 3322 oram
1800 3219 1973 3363 appulit

217 3398 319 3467 nano
337 3403 654 3467 n.nxv11.mense
676 3259 920 3508 Septemltri
951 3372 1042 3499 ejus
1067 3361 1171 3463 anni
1185 3439 1200 3482 ,
1227 3362 1308 3502 qui
1337 3359 1424 3464 fuit
1457 3403 1483 3463 a
1514 3363 1692 3467 Christo
1725 3401 1834 3466 nato
1870 3364 1979 3464 mil-

504 3508 677 3611 lesimus
723 3509 1100 3652 quingentesimus
1146 3507 1340 3609 decimus
1386 3507 1634 3650 septimus,
1682 3508 1816 3653 ipsius
1863 3547 1976 3610 vero

504 3655 655 3755 aetatis
688 3655 883 3756 decimus
915 3689 1114 3754 octavus:
1152 3687 1276 3753 natus
1312 3655 1433 3756 enim
1466 3647 1606 3752 fiterat
1641 3653 1824 3754 Carolus
1861 3663 1980 3754 Gan·

506 3799 639 3920 davi,
675 3798 801 3940 quod
835 3799 1054 3942 oppidum
1089 3833 1152 3897 est
1182 3797 1230 3896 in
1260 3796 1402 3898 Gallia
1434 3797 1640 3938 Belgica,
1674 3836 1791 3897 anno
1824 3795 1981 3896 Chris·

476 3943 543 4040 ,ti
594 3943 828 4046 millesimo
870 3940 1268 4085 quingentesim0‚
1314 3941 1387 4040 die
1436 3976 1544 4042 vero
1590 3977 1708 4041 sexto
1758 3939 1978 4042 Kalendas

504 4085 717 4208 Martias,
748 4089 916 4230 inquo
950 4127 1055 4190 cum
1082 4084 1222 4187 natale
1258 4124 1387 4188 suum
1422 4084 1687 4206 celebraret,
1725 4083 1979 4185 Sacerdoti·

507 4227 589 4331 bus
631 4269 725 4333 rem
776 4232 975 4334 divinam
989 4310 1005 4353 ,
1047 4271 1184 4374 quarn
1225 4237 1393 4334 Musam
1435 4229 1660 4350 dicimus,
1704 4225 1977 4371 patrantibus

507 4411 658 4513 parem
688 4377 837 4478 aetatis
873 4417 973 4479 suae
1008 4379 1133 4478 annis
1170 4378 1436 4480 ducatorum
1471 4413 1706 4478 aureorum
1741 4408 1977 4477 numerum

508 4517 611 4618 loco
649 4518 770 4659 stipis
807 4524 1044 4663 quotannis
1085 4517 1356 4622 conferebat.

579 4671 638 4761 V.
712 4679 925 4767 Statuerat
962 4663 1145 4767 Carolus
1182 4664 1453 4764 Fernandum
1488 4655 1697 4783 fratrem,
1740 4701 1844 4763 cum
1880 4659 1979 4802 pri-

508 4843 638 4908 mum
672 4807 721 4908 in
756 4810 1022 4956 Hispaniam
1056 4809 1347 4954 pervenisset,
1383 4807 1432 4912 in
1466 4809 1668 4952 Belgium
1706 4805 1976 4908 transmitte-

1901 4986 1980 5067 re,
