4294 5984
573 528 662 610 ιιι
963 515 1047 595 DE
1094 513 1300 594 REBUS
1337 509 1567 594 GESTIS

535 719 592 780 ne
629 713 706 819 per
741 711 952 779 terrorem
988 709 1155 775 recente
1191 673 1379 775 victoria
1423 675 1638 807 injectum
1684 672 2008 777 extorseratin

537 823 761 964 colloquio
777 816 1078 926 Bononiensis
1108 858 1222 960 quae
1255 859 1381 920 causa
1409 811 1531 936 filit,
1528 852 1596 917 ut
1628 815 1677 918 id
1708 813 1877 918 bellum
1910 859 2009 921 non

540 1002 715 1130 gravate
751 973 842 1065 Leo
877 963 1134 1103 susciperet,
1170 1003 1196 1062 a
1236 963 1399 1063 Carolo
1440 973 1623 1062 Caesare
1666 959 1715 1059 in
1758 954 1912 1062 foedus
1959 1001 2005 1064 et

539 1111 779 1212 amicrttam
815 1107 1012 1207 adversus
1051 1105 1227 1208 Gallum
1267 1105 1510 1205 ineundum
1551 1101 1812 1208 solicitatus
1856 1119 2004 1206 Caro-

540 1251 604 1352 lus
642 1251 764 1351 enim
799 1259 866 1383 jus
904 1289 1031 1350 suum
1069 1246 1487 1411 persequebatur,
1477 1245 1636 1385 miquo
1673 1247 1825 1346 animo
1860 1243 2003 1352 ferens

540 1397 835 1537 Principatum
871 1391 1311 1495 Mediolanensem
1282 1431 1374 1492 stne
1415 1389 1676 1491 auctoritate
1718 1393 2125 1531 Irnperatoria

541 1574 694 1641 contra
729 1549 797 1673 jus
832 1538 1070 1679 antiquum
1104 1537 1292 1677 abipso
1328 1533 1550 1636 Francisco
1586 1569 1883 1673 occupatum,
1929 1538 2001 1636 dc

542 1685 679 1827 nique
710 1683 836 1783 nullo
872 1723 897 1781 a
932 1723 974 1782 se
1011 1721 1104 1780 non
1145 1680 1342 1782 modo
1331 1711 1598 1819 impetrato,
1642 1676 1716 1784 scd
1758 1716 1815 1777 ne
1859 1679 2001 1820 petito

541 1828 727 1968 quidem
764 1826 924 1942 titulo,
960 1825 1161 1926 retineri.

616 1981 769 2071 XXX.
841 1967 925 2067 His
961 1967 1098 2129 igitur
1134 1969 1189 2068 de
1225 1969 1361 2071 causis
1396 1968 1507 2072 inter
1542 1978 1737 2070 Leonem
1779 2001 1822 2069 et
1861 1980 2001 2072 Caro

544 2114 639 2213 lum
679 2107 832 2212 foedus
875 2149 924 2211 ac
968 2111 1145 2212 societas
1187 2111 1297 2212 inita
1339 2148 1435 2233 est,
1461 2111 1539 2214 his
1576 2112 1857 2274 potissimum
1892 2112 2003 2256 legi

545 2254 658 2376 bus,
693 2290 744 2355 ut
779 2251 942 2353 bellum
977 2253 1288 2356 communibus
1324 2256 1476 2370 armis
1498 2289 1542 2354 et
1586 2255 1793 2394 impensas
1836 2294 2001 2397 gerere

543 2433 643 2508 tur;
680 2435 942 2540 portavero
978 2399 1193 2519 victoria,
1229 2436 1274 2499 et
1310 2397 1442 2542 pulsis
1479 2437 1531 2496 ex
1565 2397 1687 2498 Italia
1709 2397 1876 2507 Gallis3
1913 2402 2003 2500 Pla

545 2542 686 2644 centia
713 2576 757 2641 et
778 2549 932 2640 Parma
968 2542 1024 2639 ad
1059 2541 1315 2644 Pontificem
1342 2554 1599 2646 Romanurn
1634 2543 1848 2648 redirent3
1872 2543 2004 2642 Prin-

545 2682 710 2824 cipatui
744 2720 847 2784 vcro
883 2682 1202 2786 Mediolanensi
1236 2688 1474 2788 Franciscus
1508 2679 1667 2786 Sfortia
1701 2683 2002 2786 Maximiliani

546 2822 677 2924 frater
713 2823 861 2925 minor
899 2861 1008 2926 natu
1048 2828 1371 2970 praeficeretur,
1414 2829 1579 2970 quippe
1620 2829 1657 2929 is
1704 2827 1799 2928 vim
1841 2865 1885 2927 et
1925 2830 2002 2930 in·-

548 2966 675 3068 sidias
702 2967 817 3070 Galli
851 3004 1049 3072 metuens
1085 2974 1141 3073 ad
1170 2974 1382 3076 Carolum
1416 2967 1703 3113 confugerat,
1738 3011 1789 3070 ac
1823 2972 2002 3141 ipsum,

547 3149 708 3273 opem
718 3146 761 3211 et
795 3110 927 3213 fidem
962 3123 1052 3249 ejus
1095 3116 1368 3257 implorans,
1408 3117 1722 3225 assectabaturs
1765 3123 1886 3246 cujus
1930 3117 2003 3216 di

549 3252 712 3394 gnitati
761 3290 805 3355 et
857 3258 1104 3359 commodis
1154 3258 1241 3360 hoc
1292 3260 1495 3363 libentius
1544 3253 1748 3361 Pontifex
1794 3253 2003 3378 favebat,

548 3397 687 3558 quod
703 3435 758 3495 eo
788 3399 1227 3505 Mediolanensibus
1215 3403 1513 3543 imperitante,
1542 3440 1606 3503 res
1630 3395 1794 3502 Italicas
1820 3402 2004 3502 tutiores

549 3539 873 3682 quietioresque
907 3538 1001 3643 fore
1045 3583 1136 3646 non
1177 3544 1434 3667 dubitabat,
1478 3545 1565 3646 hoc
1612 3546 1730 3648 enim
1771 3540 1860 3645 fere
1905 3555 2005 3648 Ro·

547 3684 670 3783 mani
705 3682 939 3785 Pontifices
976 3722 1019 3787 et
1055 3689 1185 3788 ceteri
1219 3690 1441 3830 Principes
1476 3688 1642 3808 Italici,
1678 3725 1809 3830 atque
1845 3689 2003 3792 liberae

546 3825 741 3925 civitates
777 3825 861 3927 sibi
897 3831 1025 3932 omni
1060 3871 1150 3996 ope
1182 3834 1509 3973 providendum
1546 3766 2005 3954 statitebant,nccu1

547 3967 665 4107 Regi
697 4007 920 4144 magnove
963 3973 1155 4115 Principi
1201 3977 1385 4077 accessio
1430 3974 1550 4076 fieret
1597 3979 1774 4078 ducatus
1814 3977 2005 4077 Medio-

546 4053 761 4232 lanensis,
797 4127 916 4248 cujus
952 4117 1024 4216 ille
1060 4117 1286 4220 occasione
1322 4155 1465 4261 posset
1499 4121 1548 4219 in
1583 4121 1798 4260 reliquam
1832 4120 2005 4220 Italiam

543 4287 678 4395 atque
729 4266 818 4388 ejus
867 4260 1104 4401 imperium
1158 4264 1359 4364 animum
1413 4262 1660 4364 intendere.
1719 4271 1820 4364 Nec
1873 4261 2003 4402 parvi

544 4433 763 4499 momentr
749 4401 901 4544 apud
928 4414 1159 4566 Leonem,
1183 4409 1482 4548 Carolumque
1514 4408 1701 4508 carario
1731 4401 1844 4524 fuit,
1871 4403 2004 4542 quod

543 4535 798 4642 Sfortiarum
835 4582 999 4645 nomen
1036 4549 1082 4648 in
1118 4587 1280 4688 magna
1314 4551 1456 4691 gratia
1490 4591 1577 4659 esse
1614 4552 1730 4692 apud
1753 4587 1903 4650 omnes
1940 4543 2005 4646 fe

542 4717 588 4779 re
625 4687 852 4843 populares
894 4687 1230 4792 Mediolanensis
1278 4692 1454 4808 ditionis
1497 4691 1754 4820 constabat,
1799 4729 2007 4834 quorum

539 4827 732 4932 studium
767 4832 824 4933 ad
859 4833 1021 4938 bellun
1056 4833 1381 4944 conficiendum
1416 4873 1583 4982 magno
1618 4828 1718 4939 ιιιιιι
1761 4831 1978 5082 foreu
1901 4877 2007 4938 non
