4292 5984
612 488 854 576 CAROLI
890 489 944 578 V·
989 494 1112 577 LIB.
1154 495 1190 576 1.
1515 509 1568 572 11

142 647 319 754 bonam
365 645 498 752 etiam
554 647 814 791 Hispaniae·
853 685 1023 791 partem
1072 651 1120 752 in
1165 643 1386 754 ditionem
1433 653 1619 797 redege-

138 832 278 898 runt:
328 836 443 940 quae
477 834 601 896 causa
639 791 726 896 fuit
755 794 995 896 multarum
1034 795 1372 916 calamitatum,
1411 831 1456 896 et
1491 802 1617 940 quasi

137 941 355 1084 contagio
395 940 757 1086 gravissimorum
804 935 1044 1042 bellorum.
1083 949 1208 1040 Nam
1246 937 1315 1038 his
1352 942 1614 1048 successibus

136 1083 357 1208 invitati,
394 1123 442 1188 ct
474 1085 671 1189 ubertate
707 1079 901 1226 regionis
933 1080 1068 1186 illecti
1101 1081 1492 1226 Carthaginenses,
1528 1129 1614 1192 ma·

134 1269 251 1374 gnas
287 1230 441 1362 copias
476 1271 580 1332 cum
612 1241 882 1372 Imperatore
920 1231 1141 1332 Amilcare
1176 1228 1230 1330 ad
1269 1227 1488 1370 reliquam
1523 1234 1613 1334 Hi-

134 1379 344 1517 spaniam
375 1373 680 1517 occupandam
708 1373 1028 1477 transmissere.
1065 1374 1153 1476 Cui
1183 1407 1283 1517 post
1299 1413 1364 1475 res
1398 1375 1615 1516 praeclare

135 1557 285 1663 gestas
332 1517 389 1621 ab
436 1519 647 1660 Hispanis
699 1513 933 1620 interfecto
974 1517 1195 1622 Asdrubal
1240 1519 1485 1635 successit,
1534 1523 1615 1665 qui

136 1702 313 1768 novam
342 1663 665 1807 Carthaginem
711 1663 759 1767 in
796 1663 945 1766 littore
981 1663 1119 1764 nostri
1158 1661 1289 1764 maris
1331 1663 1615 1789 aedificavit,

134 1811 216 1910 vel
243 1850 268 1910 a
300 1817 480 1911 Teucro
515 1809 774 1930 conditam,
813 1808 972 1909 deinde
1004 1807 1243 1949 collapsam
1274 1807 1490 1934 restituit.
1522 1813 1614 1913 Hic

133 1993 245 2054 cum
283 1992 463 2098 propter
484 1953 737 2094 Hispanum
766 1952 1009 2094 quemdam
1038 1954 1199 2083 injuste
1227 1990 1434 2054 necatum
1465 1949 1615 2059 fuisset

134 2093 197 2198 ab
232 2101 440 2243 Hispano
471 2137 598 2200 servo
629 2097 775 2198 ultore
811 2095 990 2196 domini
1021 2094 1242 2216 sublatus,
1276 2099 1474 2202 Annibal
1514 2101 1612 2203 mis·

133 2281 210 2344 sus
246 2280 312 2344 est
342 2239 576 2345 Amilcaris
607 2239 752 2360 filius,
773 2239 993 2340 maximus
1026 2237 1443 2381 Carthaginensium
1469 2257 1613 2384 Impe-

130 2422 297 2506 rator,
338 2387 419 2528 qui
454 2423 667 2527 magnam
708 2384 949 2523 Hispaniae
984 2417 1150 2522 partem
1194 2383 1406 2523 pacavit,
1441 2397 1614 2526 Sagun-

134 2565 240 2633 tum
277 2532 432 2632 urbem
470 2530 638 2630 sociam
678 2526 833 2669 populi
868 2525 1092 2644 Romani,
1129 2521 1216 2626 fide
1260 2563 1311 2628 ac
1343 2528 1503 2630 viruste
1539 2529 1612 2632 in·

135 2672 288 2776 clitam
333 2670 534 2796 excidit,
573 2671 818 2814 relictisque
859 2669 1081 2814 praesidiis
1118 2669 1309 2773 Galliam
1348 2707 1612 2813 permensus,

137 2817 434 2958 superatisque
472 2818 657 2961 Alpibus
695 2853 915 2960 magnum
946 2809 1181 2920 exercitum
1227 2816 1274 2916 in
1314 2816 1485 2918 Italiam
1525 2851 1612 2918 tra-

134 2959 294 3061 duxit.
341 2968 470 3064 Tune
505 3002 611 3066 vcro
649 2963 849 3065 Romani
880 2973 1052 3065 Gnaeus
1090 2998 1133 3066 et
1174 2960 1353 3064 Publius
1388 2959 1611 3102 Scipiones

135 3099 287 3208 fratres
324 3147 428 3210 cum
464 3106 650 3213 exercitu
684 3107 735 3208 in
772 3107 1039 3248 Hispaniam
1069 3138 1224 3208 contra
1264 3103 1476 3247 praesidia
1509 3117 1611 3206 Car·

135 3245 463 3392 rheginensium
511 3256 752 3358 miserunt.
789 3254 855 3354 Hi
889 3289 1115 3397 namque,
1163 3287 1216 3352 ut
1260 3249 1420 3350 Lucius
1461 3245 1611 3351 Florus

134 3429 349 3516 testatur,
394 3397 540 3539 prima
584 3399 709 3542 signa
760 3405 966 3502 Romana
1012 3436 1091 3540 pet
1135 3399 1405 3533 Pyrenaeum
1450 3399 1610 3538 jugum

133 3535 411 3661 intulemnt,
448 3542 530 3684 qui
565 3543 740 3687 magnis
785 3543 912 3646 rebus
954 3544 1083 3686 gestis
1124 3539 1171 3642 in
1211 3550 1414 3659 Poenos,
1448 3541 1608 3678 quibus

133 3691 308 3788 Hanno
348 3722 570 3830 praeerat,
608 3721 651 3791 et
698 3687 920 3791 Asdrubal
968 3683 1101 3792 frater
1136 3684 1407 3802 Annibahs,
1443 3681 1608 3782 Punica

133 3820 285 3934 fraude
312 3833 510 3974 primum
540 3831 761 3939 extenuati
800 3869 904 3934 sunt
941 3833 1069 3938 sociis
1102 3829 1283 3946 aversis,
1311 3826 1470 3928 deinde
1507 3863 1608 3965 pau*

132 3969 180 4071 lo
212 4011 318 4113 post
347 3974 588 4081 interemti.

205 4127 314 4216 XV.
390 4131 520 4227 Tunc
551 4165 656 4229 vcro
676 4128 824 4272 Scipio
861 4120 1005 4232 Publii
1041 4127 1178 4242 filius,
1219 4155 1331 4221 mox
1353 4111 1608 4235 Africanus,

134 4261 191 4362 ad
228 4268 516 4401 reparandum
560 4271 610 4370 in
657 4273 876 4414 Hispania
906 4273 1070 4374 bellum
1089 4267 1286 4384 missus,
1324 4302 1417 4364 non
1463 4261 1606 4363 solum

140 4401 555 4546 Carthaginensium
605 4417 813 4556 praesidia
849 4415 1045 4535 delevit,
1076 4410 1148 4514 sed
1185 4447 1397 4552 magnam
1435 4440 1606 4546 partem

140 4549 382 4688 Hispaniae
423 4553 471 4649 in
490 4569 803 4662 Romanorum
841 4562 1003 4702 partim
1037 4556 1280 4673 ditionem,
1310 4549 1472 4694 partim
1502 4547 1605 4648 ami·

138 4689 289 4791 citiam
324 4693 538 4796 traduxit.
577 4701 828 4804 Perdomari
866 4705 986 4806 enim
1024 4743 1051 4801 a
1085 4697 1306 4803 Romanis
1336 4731 1439 4797 aute
1464 4729 1604 4792 annos

139 4832 348 4942 ducentos
381 4839 567 4979 amplius
610 4883 704 4948 non
741 4848 917 4988 potuit.
954 4845 1130 4948 Etenim
1168 4882 1195 4940 a
1235 4841 1390 4983 primis
1432 4837 1609 4994 Scipio-

1150 4998 1235 5091 Ba
1527 5012 1603 5080 nr-
