4292 5984
557 406 717 480 XXX-IV.
1016 403 1518 481 SUMMARIUM.

537 528 668 618 dinalis
694 525 851 613 militum
882 519 1071 612 delectum
1107 527 1239 612 habet.
1290 524 1423 612 radino
1450 522 1564 612 factas
1591 524 1702 610 ¹licere
1733 549 1865 644 negat.

536 654 639 736 Tota
673 645 774 731 Italia
814 641 1025 759 praesertim
1055 645 1243 731 adoram
1350 644 1454 728 XIV.
1513 642 1687 730 Isabellae
1709 645 1876 760 Reginae
1894 677 1995 736 sum.

538 766 761 854 maritimam
790 760 1012 876 trepidatur.
1212 757 1224 773 '‘
1292 789 1354 844 ma
1375 791 1378 800 Α
1397 760 1618 846 auctoritate
1653 761 1819 867 tradita,
1843 787 1883 850 et
1921 770 1994 852 Ca-

597 885 695 969 V111.
754 877 988 964 Charadinus
1033 903 1161 964 autem
1204 879 1244 964 in
1292 876 1416 962 stellae
1444 904 1646 995 regnotum
1678 878 1994 974 administratione

363 1099 365 1102 g
436 1037 441 1042 ·
535 995 703 1090 Xfricam
729 1024 933 1085 conversus
948 1001 1140 1082 Tunetem
1167 995 1244 1110 pul-
1291 999 1461 1082 Taverae
1500 994 1688 1081 Cardinali
1727 1020 1768 1081 ct
1797 999 1994 1088 Comesta·

539 1149 583 1204 so
608 1122 770 1202 Hazeno
808 1119 913 1230 Rege
943 1141 1074 1228 capere
1111 1112 1243 1198 consti·
1292 1109 1355 1194 bili
1365 1113 1641 1218 commendata,
1650 1112 1992 1206 BarcinonemCao

419 1313 420 1318 Ν
537 1233 629 1321 tuit.
661 1231 866 1320 Praemissis
893 1232 1019 1346 itaque
1044 1231 1083 1315 in
1111 1229 1243 1315 urbem
1292 1255 1349 1313 sat
1388 1229 1603 1316 contendit.
1647 1229 1895 1341 Procerum,
1926 1240 1991 1352 qui

539 1350 676 1440 nuntiis
710 1350 758 1435 de
807 1347 937 1434 Rexeti
982 1346 1131 1460 tyranni
1167 1343 1244 1430 fra·
1292 1343 1474 1430 Carolum
1501 1348 1551 1431 ad
1591 1345 1731 1432 bellurn
1764 1345 1989 1465 sequanina,

538 1469 602 1556 tris
631 1467 836 1570 adventu,
860 1465 1039 1552 Bisertam
1085 1461 1176 1552 dolo
1206 1487 1246 1550 et
1293 1462 1434 1576 quique
1477 1462 1680 1580 grantitum
1709 1457 1875 1554 officitun
1917 1469 1990 1558 hoc

540 1586 721 1673 Goletam
749 1607 931 1700 occupat.
1293 1579 1332 1662 in
1361 1579 1462 1665 bello
1493 1602 1680 1692 praestant
1693 1606 1714 1685 ‚·
1731 1583 1902 1671 nomina.

581 1707 646 1788 IX.
698 1702 876 1790 Haterius
892 1759 904 1806 ,
921 1697 1155 1815 popularium
1170 1697 1246 1785 fide
1352 1697 1440 1783 XV.
1499 1698 1680 1783 Germani
1702 1721 1818 1816 atque
1838 1703 1990 1792 Italiin

538 1844 581 1906 et
606 1815 732 1906 officio
762 1815 897 1904 trram
934 1814 1164 1932 implorant,
1195 1817 1246 1903 ad
1294 1837 1448 1928 portum
1495 1819 1662 1921 Lunae,
1691 1839 1733 1902 et
1775 1817 1911 1908 deinde
1941 1823 1992 1910 ad

539 1937 737 2024 Nomades
765 1929 959 2050 confugit.
1007 1933 1138 2047 Legati
1168 1955 1245 2019 tre·
1295 1954 1449 2044 portum
1479 1932 1623 2019 Veteris
1656 1933 1822 2020 Civitatis
1860 1939 1994 2052 appel-

540 2054 663 2140 decim
690 2053 741 2140 ad
766 2056 950 2140 chenun
976 2078 1000 2134 a
1027 2050 1247 2136 Tunetensi·
1294 2048 1400 2133 lunt.
1442 2047 1757 2136 Proficiscentibus
1779 2079 1871 2138 cum
1915 2059 1994 2142 An·

540 2171 612 2258 bus
652 2170 786 2276 missi,
814 2164 1016 2256 Charadini
1057 2164 1155 2280 jussu
1195 2167 1247 2255 ad
1295 2165 1406 2252 dreae
1429 2166 1568 2252 Dotiae
1598 2167 1709 2253 classe
1738 2167 1876 2256 Paulus
1898 2175 1992 2260 Pon·

539 2314 657 2380 naves
688 2285 914 2378 retinentur.
1294 2279 1381 2370 tifex
1393 2285 1581 2370 Maximus
1608 2284 1704 2371 bene
1727 2310 1923 2397 precatur3
1938 2313 1992 2377 at·

359 2415 362 2418 ’
549 2507 553 2514 ,
615 2408 668 2492 Χ.
743 2404 850 2492 Dolo
881 2404 1036 2521 cognito
1067 2405 1246 2490 Hazenus
1294 2429 1371 2516 que
1398 2401 1484 2487 inde
1499 2399 1699 2515 Neapolim
1715 2462 1727 2507 ,
1745 2425 1828 2489 nnn
1851 2399 1898 2489 in‘
1914 2409 1991 2495 821.

539 2521 580 2609 in
602 2523 736 2608 urbem
762 2521 976 2617 revertitur.
1012 2520 1246 2608 Charadinus
1295 2517 1435 2604 diniam
1455 2519 1655 2637 navigant.

540 2637 748 2724 Tunetensi
776 2665 860 2732 arce
891 2637 1056 2752 potitur.
1085 2638 1247 2752 Oppida·
1352 2638 1458 2721 XVI.
1516 2635 1672 2752 Hispani
1713 2638 1844 2724 milites
1875 2643 1993 2728 Barci-
2137 2715 2138 2736 p

543 2782 684 2842 notum
706 2754 900 2842 consilium
924 2755 973 2842 de
987 2757 1093 2873 Rege
1117 2753 1249 2872 ingra-
1293 2781 1436 2840 nonem
1477 2782 1523 2840 ex
1563 2755 1712 2840 Malaca
1759 2755 1853 2842 urbe
1907 2787 1994 2844 con·

542 2872 634 2959 tiam
661 2871 865 2962 Chatadini
896 2871 1089 2958 necando.
1294 2869 1446 2976 fluunt,
1472 2870 1638 2988 itemque
1661 2874 1910 2989 Portugalliae
1935 2905 1995 2964 au·

601 2993 668 3074 XI.
701 2991 906 3076 Hazenus
937 2989 1071 3074 iterum
1095 2988 1246 3076 adNo·
1292 2987 1422 3074 xiliaris
1451 2988 1690 3076 etAndreae
1727 2990 1870 3078 Dotiae
1909 2993 1993 3080 clas
2137 3023 2138 3054 ¹

543 3109 672 3237 mades
710 3103 901 3223 confugit.
949 3110 1180 3240 Turratenses
1207 3135 1246 3192 se
1293 3135 1372 3192 ses.
1405 3107 1540 3239 Caesar
1555 3105 1685 3216 milites
1705 3105 1850 3239 imponi
1877 3109 1994 3220 jubet,
2137 3107 2138 3134 ¹

541 3223 1247 3456 l...

542 3484 593 3571 ge
620 3455 838 3545 habendum
866 3457 1105 3572 pronuntiat.
1292 3457 1477 3546 Monachi
1516 3458 1615 3574 justo
1646 3458 1772 3574 plures
1813 3460 1994 3578 recipiat*

602 3575 686 3660 XII.
745 3575 929 3660 Veterum
974 3574 1246 3692 Carthaginen—
1292 3600 1379 3664 tur.

543 3687 638 3776 sium
662 3690 759 3778 bella
789 3718 996 3810 eorumque
1022 3691 1122 3778 urbis
1150 3691 1244 3779 fata.
1338 3695 1463 3781 XVII.
1495 3695 1722 3783 Praetotiam
1752 3696 1880 3784 navim
1907 3725 1988 3784 con

602 3809 700 3894 XIII.
760 3805 941 3914 Carolus,
962 3809 1118 3926 cognito
1141 3810 1247 3924 Soly·
1291 3813 1467 3918 scendi,
1495 3837 1534 3898 et
1579 3842 1667 3900 cum
1705 3811 1816 3900 classe
1859 3816 1991 3929 quinto

543 3924 644 4007 mani
674 3949 715 4010 et
743 3925 946 4016 Chataclini
987 3925 1176 4032 consilio,
1206 3929 1247 4013 si·
1295 3928 1355 4013 die
1383 3928 1592 4015 Balearibus
1620 3930 1848 4044 majoribus,
1880 3931 1992 4018 unde·

542 4039 698 4154 mulque
725 4043 872 4130 Hazeni
907 4041 1019 4160 Regis
1061 4041 1247 4159 legatione
1293 4044 1393 4131 cimo
1424 4045 1627 4132 Sardiniam
1648 4047 1817 4164 appellit.
2137 4105 2138 4126 ÷

543 4180 762 4269 permotus,
798 4159 948 4244 classem
973 4184 1167 4276 comparat
1196 4160 1247 4249 ad
1370 4165 1509 4250 XVIII.
1583 4164 1648 4252 Ad
1680 4165 1812 4251 Uticae
1842 4189 1992 4278 portum

542 4300 631 4360 eum
675 4274 963 4361 restituendum.
1008 4277 1143 4364 Paulus
1172 4282 1245 4386 111,
1295 4306 1383 4366 cum
1408 4279 1611 4368 triremibus
1636 4282 1834 4396 pervenit3
1859 4307 1993 4368 ceteras
2137 4311 2138 4314 ‘

542 4389 788 4506 Potnagalliae
802 4391 1050 4507 Rex,aliique
1063 4395 1246 4508 Principes
1295 4425 1409 4486 naves
1444 4423 1695 4486 antevertens.
1745 4399 1853 4484 Vasti
1892 4401 1993 4483 Mar-
2137 4419 2138 4512 J

542 4504 738 4592 Christiani
754 4507 928 4596 auxilianti
943 4511 994 4596 ad
1015 4510 1153 4596 bellum
1169 4517 1243 4598 Tu·
1295 4514 1428 4601 chione
1478 4515 1693 4628 explorandi
1737 4517 1855 4633 gratia
1898 4543 1995 4630 prae·
2137 4619 2138 4622 p

541 4646 693 4710 netense
708 4623 943 4738 pollicentur.
972 4625 1016 4710 Id
1040 4627 1106 4711 sibi
1120 4627 1246 4712 Gallo·
1294 4630 1431 4733 misso,
1462 4633 1683 4748 duabusque
1727 4633 1875 4718 Gallicis
1921 4661 1996 4716 sca·
2137 4683 2138 4738 r

538 4765 626 4824 rum
637 4745 717 4828 Rex
747 4770 813 4856 per
841 4742 1004 4830 inducias
1033 4770 1121 4829 cum
1142 4741 1243 4830 Cha·
1293 4745 1374 4860 phis
1389 4749 1529 4864 captis,
1548 4778 1675 4836 carrum
1704 4747 1910 4865 praefectos
1933 4748 1993 4860 pri·

828 4915 974 4979 ⁴o
1889 4857 2138 4952 muffll
