4284 5982
533 429 537 438 ’
652 429 772 505 vrri
797 431 863 506 tr
887 395 1109 510 senos-it·
1163 431 1168 456 ⁷
1513 440 1594 512 cv.

145 561 316 678 pittatia
339 561 515 647 edendam
547 563 759 670 mandabo,
791 589 859 645 nec
883 569 967 670 ipse
983 567 1163 668 interim,
1192 565 1277 646 nisi
1287 561 1537 672 pitecissz'mis
1578 565 1618 652 ei

150 689 525 794 opportunissimis..
543 685 766 787 degendam
789 675 896 766 dabo.
929 680 1030 766 Cum
1061 680 1155 766 haec
1184 682 1234 766 ibi
1264 683 1461 796 scripsisset
1476 683 1611 798 Sepul-

148 803 280 906 veda,
312 801 527 903 nescimus,
553 824 623 881 cut
649 826 721 882 nec
744 798 948 884 Historiam
974 829 1081 884 suam
1105 799 1260 914 posteris
1285 804 1474 888 edendam
1501 832 1608 889 man·

148 919 284 1025 darit,
315 945 360 1002 ac
388 947 437 1003 ne
469 916 549 1032 ejus
578 913 736 1032 quidem
767 917 977 1006 meminerit
1007 916 1141 1004 insuo
1162 917 1423 1028 'testamento,
1454 920 1519 1006 ubi
1535 921 1606 1008 alia

148 1063 271 1152 opera
296 1059 477 1122 recenset.

243 1159 369 1239 Erunt
402 1149 585 1259 fortasse,
609 1151 748 1260 quibus
770 1152 931 1268 placeret
947 1216 960 1262 ,
974 1177 1021 1242 ut
1043 1155 1092 1241 de
1119 1153 1307 1241 Historiae
1332 1155 1440 1270 hujus
1467 1158 1606 1246 metito

148 1269 314 1388 longum
340 1299 552 1357 sermonem
579 1271 882 1376 institueremus,
909 1301 1071 1389 eamque
1096 1269 1350 1359 conferremus
1374 1304 1462 1360 cum
1492 1271 1600 1384 aliis,

149 1417 252 1504 quae
274 1391 324 1476 de
351 1390 461 1475 rebus
486 1388 597 1506 gestis
612 1390 739 1475 Caroli
755 1393 805 1478 V.
832 1389 965 1504 scripta
980 1413 1089 1495 sunt,
1106 1417 1193 1474 cum
1211 1393 1344 1477 nostris
1361 1451 1376 1498 ,
1394 1418 1476 1479 tum
1490 1421 1602 1510 supee

149 1506 310 1592 rioribus
324 1508 579 1621 temporibus:
609 1533 776 1594 ceterum
811 1508 861 1592 de
887 1506 929 1594 iis
959 1507 1049 1592 nihil
1074 1507 1113 1591 in
1143 1510 1347 1622 praesentia
1375 1511 1497 1597 dicere
1522 1544 1599 1627 op·

151 1649 363 1740 portunum
396 1625 597 1728 ducimus,
619 1624 772 1713 liberam
800 1623 886 1714 vitis
916 1623 1145 1712 doctioribus
1174 1627 1223 1713 de
1246 1627 1303 1714 his
1330 1627 1517 1742 judicandi
1548 1628 1588 1716 fa

153 1743 334 1830 critatem
354 1741 619 1858 relinquentes.
1087 1833 1089 1839 A

242 1860 428 1948 Absoluta
444 1859 573 1947 Caroli
595 1861 644 1944 V.
665 1859 851 1967 Historia,
868 1861 993 1948 statim
1011 1861 1161 1950 videtur
1186 1861 1401 1980 Sepulveda
1426 1863 1598 1952 animum

150 1978 369 2095 applicuisse
396 1979 447 2066 ad
464 2009 520 2065 res
532 1977 788 2092 Hupanomm
803 2005 924 2097 gestas
938 1977 987 2066 ad
1002 2009 1151 2076 novum
1164 1983 1309 2068 Orbem
1325 1981 1595 2097 Menicumque

150 2097 414 2200 enarrandas,
438 2125 487 2182 ne
502 2119 644 2211 partem
674 2097 773 2182 hanc
798 2098 974 2184 intumum
1000 2097 1234 2215 relinqueret.
1273 2102 1470 2195 Quoniam
1501 2130 1594 2187 vero

150 2243 240 2300 eam
254 2219 361 2300 Fern.
376 2217 576 2300 Gonsalus
593 2213 753 2300 Ovietus
767 2276 781 2322 ,
796 2217 854 2303 vir
873 2215 1037 2331 prudens
1062 2241 1102 2302 et
1128 2216 1311 2333 diligens,
1337 2217 1593 2331 ,copiosissimis

148 2331 456 2440 commentariis,
488 2335 553 2420 sed
585 2330 780 2446 Hispane,
813 2360 884 2448 pro
913 2361 1067 2418 munere
1110 2333 1177 2448 ipsi
1208 2333 1352 2450 publice
1390 2335 1592 2420 commisso

154 2475 371 2564 persecums
392 2446 540 2555 fueram
569 2448 655 2536 satis
680 2450 812 2536 habuit
839 2475 963 2536 noster
988 2450 1152 2536 maximis
1171 2475 1264 2537 tunc
1284 2451 1592 2564 occupationibus

151 2565 376 2682 impeditus,
391 2597 516 2656 retum
545 2568 841 2654 memorabilium
868 2597 1053 2654 summam
1077 2569 1298 2684 decerpere,
1312 2596 1427 2683 qnam
1441 2569 1528 2653 Vll.
1552 2567 1594 2654 li·

153 2685 228 2771 bris
247 2686 463 2801 complexus
477 2711 533 2772 est
548 2745 562 2790 ,
579 2685 712 2772 eadem
737 2685 807 2771 stili
831 2685 1039 2802 elegantia,
1059 2713 1159 2800 quae
1179 2688 1218 2771 in
1244 2685 1390 2801 reliquis
1415 2685 1592 2801 operibus

151 2801 350 2890 clucescit:
366 2803 470 2916 cujus
484 2803 621 2889 illustre
642 2803 854 2918 suppeditat
883 2803 1093 2917 exemplum
1110 2804 1266 2890 Cortesii
1280 2802 1414 2888 Oratio
1430 2835 1470 2918 p.
1494 2812 1590 2888 118.

243 2923 362 3007 Orsus
393 2947 449 3008 est
474 2951 581 3008 suam
604 2920 807 3007 Historiam
834 2921 1045 3034 Sepulveda
1073 2921 1123 3005 ab
1149 2950 1252 3006 anno
1276 2923 1338 3006 M.
1358 2923 1445 3005 CD.
1470 2923 1605 3006 XCll.'

155 3069 238 3154 quo
252 3039 463 3156 longissime
477 3041 528 3126 ad
552 3039 713 3155 ignotas,
728 3063 766 3124 et
783 3038 966 3124 inauditas
981 3061 1110 3154 gentes
1128 3062 1319 3152 terrasque
1338 3037 1590 3153 navigationis

155 3157 299 3244 initiim
321 3158 372 3241 ab
387 3156 561 3273 Hispanis
582 3153 724 3243 factum
739 3181 795 3242 cst
823 3156 919 3242 duce
932 3155 1208 3269 Christophoro
1222 3156 1404 3259 Colono,
1421 3155 1590 3270 Ligure,

154 3275 221 3390 qui
250 3276 419 3391 princeps
446 3301 653 3389 auctorque
684 3271 753 3359 brit
787 3273 882 3359 tanti
909 3269 1080 3360 facinoris
1094 3273 1356 3389 aggrediundi.
1384 3274 1520 3388 Operis
1546 3269 1589 3357 fi·

150 3391 233 3479 lum
262 3393 434 3510 perduxit
463 3393 514 3480 ad
542 3421 686 3478 annum
702 3392 764 3478 M.
779 3395 829 3475 D.
847 3389 952 3478 XXI.
981 3419 1063 3508 quo
1093 3388 1174 3477 finis
1203 3391 1395 3507 impositus
1428 3414 1484 3477 est
1502 3393 1587 3476 Me·

156 3511 289 3598 xicano
322 3511 435 3600 bello.

243 3629 448 3716 Praeterire
474 3629 551 3718 boc
581 3629 669 3716 loco
699 3657 779 3716 non
807 3657 1003 3744 possumus
1032 3623 1197 3716 Ονίετί1
1233 3627 1590 3714 commentariorum

154 3771 299 3860 partem
334 3748 523 3864 primam,
553 3777 654 3863 quae
686 3747 828 3864 Hispali
856 3749 978 3835 lucem
1004 3747 1098 3836 vidit
1121 3774 1226 3832 anno
1249 3749 1309 3832 M.
1341 3751 1393 3830 D.
1420 3739 1588 3828 XXXV.

152 3866 257 3980 apud
287 3867 401 3979 Joan.
432 3866 728 3984 Crombergcr,
767 3866 806 3950 in
828 3862 895 3952 fol.
930 3895 1012 3951 non
1053 3867 1182 3952 omnia
1215 3861 1413 3977 complecti
1445 3921 1458 3965 ‚
1490 3888 1590 3976 quae

159 4011 182 4065 a
211 3983 457 4099 &pulveda,
485 4008 633 4071 servato
664 4008 881 4098 temporum
912 3985 1072 4089 ordine,
1094 3983 1330 4080 traduntur,
1359 3999 1591 4092 quapropter

150 4127 243 4186 wettrn
271 4100 429 4215 plurima
455 4101 701 4188 existimamus
723 4129 770 4187 est
792 4101 974 4188 Fetnandi
990 4100 1148 4186 Cottesii
1169 4096 1328 4210 epistolis
1355 4095 1592 4210 exscripsisse,

154 4242 203 4302 ut
235 4243 438 4334 utrumque
465 4248 565 4334 opus
595 4219 688 4303 inter
725 4247 763 4303 se
786 4218 1019 4332 comparanti
1048 4214 1267 4331 apparebit:
1303 4213 1368 4300 nisi
1395 4213 1590 4318 dicamus,

154 4331 442 4536 Septtlvmaw
463 4333 752 4423 commentarios
780 4335 946 4452 integros
970 4334 1228 4452 perlustrasse,
1257 4355 1372 4448 atque
1407 4331 1592 4533 indehpua

248 4482 318 4542 om.
334 4455 366 4541 i.
1046 4454 1087 4538 0
1548 4477 1598 4534 u·

194 4617 207 4656 r
250 4599 373 4660 Praeter
393 4605 515 4677 primam
534 4602 612 4661 bate
632 4613 744 4678 partem
764 4601 855 4660 edidit
868 4611 901 4664 et,
914 4599 1021 4659 librum
1033 4599 1102 4658 XX.
1115 4597 1255 4670 Ovietus,
1269 4613 1304 4656 ex
1323 4613 1379 4668 quo
1399 4595 1513 4651 initium
1533 4593 1595 4649 dtr-

20 4685 22 4756 ζ
153 4677 194 4733 xit
211 4683 355 4740 emendae
377 4686 466 4756 partis
484 4723 495 4756 ,
515 4701 600 4756 quam
619 4698 716 4742 morte
735 4697 909 4758 praeventus
929 4681 1078 4739 absolvere
1109 4696 1168 4736 non
1188 4679 1292 4752 potuit.
1321 4677 1430 4734 Lucem
1453 4672 1526 4732 vidit
1546 4673 1595 4732 hie

155 4757 226 4816 liber
243 4761 411 4820 vallisoleti
434 4763 509 4838 apud
528 4761 714 4820 Franciscum
735 4763 905 4820 Fernandee
926 4761 961 4818 de
975 4759 1112 4819 Cordova
1132 4775 1210 4814 anno
1224 4769 1305 4831 1530.
1324 4748 1376 4812 fol.

195 4851 213 4893 a
256 4839 378 4917 Scripsit
394 4839 518 4904 Ovietns
536 4843 573 4900 L.
600 4843 710 4916 libros,
726 4844 776 4915 qui
793 4844 841 4899 ubi
861 4847 1005 4912 laterent,
1027 4837 1172 4912 ignoravit
1185 4835 1252 4893 Nlc.
1273 4835 1440 4908 Antonius,
1464 4845 1495 4891 at
1509 4845 1598 4891 asser·

159 4917 220 4973 vari
249 4935 349 4980 omnes
365 4923 470 4980 scimus
491 4923 523 4980 ln
546 4926 655 4981 selecta
675 4924 852 4980 bibliotheca
871 4917 977 4978 sodalis
991 4918 1081 4976 nostri
1095 4915 1274 4973 Marchionie
1287 4914 1506 4985 Trurillorum,
1521 4921 1601 4986 prae·-
1621 4964 1626 4971 .

160 5007 204 5054 m
218 4999 305 5094 Μ
321 5019 372 5062 ,a
393 5020 412 5063 ὃ
430 5003 546 5065 χχχι,
566 5003 603 5065 gd
628 5003 777 5066 xxxvl.
796 5001 845 5078 qui
861 4997 939 5061 forte
956 4996 1135 5077 negligentia
1156 4993 1300 5076 deperditi
1314 4992 1390 5054 illati
1408 5007 1476 5054 suut
1498 4990 1606 5129 inmiti:
