4298 5980
582 462 666 559 192
971 449 1054 536 Du
1093 449 1294 535 REBUS
1341 445 1562 534 Gustus

532 609 761 716 Gallorum
796 600 936 750 copiis
980 599 1386 747 progrediendum,
1429 639 1486 700 ne
1527 593 1646 738 Regi
1688 593 1831 706 alieno
1876 597 1998 751 peri.

467 803 469 808 ·
535 757 635 860 culo
671 749 863 869 fiuendi,
894 789 938 851 et
963 790 1005 848 se
1037 749 1084 847 in
1112 785 1351 848 commune
1378 743 1545 846 malum
1580 739 1719 844 Italici
1755 740 1860 852 belli
1895 789 1999 892 spe<

537 935 750 1002 cratorem
786 891 1022 1032 praebendi
1064 890 1378 1007 occasionem,
1423 882 1763 1026 facultatemque
1805 890 1993 1005 darenta

537 1083 631 1146 rem
666 1034 822 1138 frustra
857 1029 971 1156 fore,
1002 1036 1038 1135 si
1075 1030 1318 1138 minoribus
1355 1028 1541 1150 viribus,
1575 1067 1875 1174 apparatuque
1911 1076 1997 1138 sus.

539 1187 780 1325 ciperetur.
817 1181 899 1280 Sed
935 1178 1063 1310 hujus
1100 1177 1315 1295 monitis,
1350 1174 1609 1314 cunctisque
1650 1177 1842 1276 consiliis
1886 1182 1989 1282 ratio

534 1323 825 1429 subveniendi
845 1325 1066 1424 Francisto
1103 1317 1308 1440 Sfortiae,
1343 1354 1474 1459 atque
1510 1317 1615 1418 arcis
1648 1319 1990 1426 Mediolanensis

396 1477 398 1484 ’
540 1470 770 1574 obsidione
806 1465 1037 1568 solvendae
1075 1465 1223 1608 potior
1258 1463 1379 1582 visa,
1416 1460 1582 1603 quippe
1619 1500 1694 1560 arx
1723 1463 1874 1568 ltaliae
1900 1507 1990 1570 mu⁴

539 1615 778 1732 tritissima,
815 1609 1176 1754 firmissimaque,
1212 1604 1248 1708 si
1282 1605 1329 1708 in
1363 1645 1515 1708 manus
1554 1605 1747 1706 hostium
1783 1613 1991 1749 pervenis.

537 1795 630 1879 set,
675 1755 915 1896 plurimum
955 1757 1152 1897 ipsorum
1194 1750 1375 1891 inceptis
1417 1785 1547 1890 atque
1594 1747 1825 1852 conatibus
1866 1753 1988 1858 obfu-

537 1937 633 2004 tura
658 1898 913 2000 videbatur.
943 1899 1184 2001 Franciscus
1216 1895 1350 2034 igitur
1389 1893 1535 1995 Maria
1566 1893 1836 1998 Urbinatum
1865 1911 1989 2019 Dux,

538 2046 619 2187 qui
652 2043 790 2184 copiis
819 2053 1095 2144 Venetorum
1129 2073 1343 2179 praeerat,
1370 2073 1412 2135 et
1432 2043 1627 2173 Joannes
1657 2037 1855 2142 Medices
1884 2050 1989 2146 Pon.

537 2187 698 2292 tiliciae
732 2223 884 2288 manus
921 2180 1187 2326 praefectus,
1224 2179 1462 2284 exercitum
1492 2179 1739 2300 inducere,
1785 2217 1830 2284 er
1864 2195 1986 2286 Fran-

538 2332 656 2436 cisco
699 2325 878 2438 Sfortiae
921 2329 1069 2475 primo
1118 2322 1300 2473 quoque
1353 2361 1552 2474 tempore
1598 2321 1845 2432 subsidium
1884 2323 1986 2436 ferre

538 2514 668 2608 Jussr.

624 2625 790 2720 XXVI.
884 2619 966 2718 Sed
1000 2619 1205 2720 Clemens
1241 2613 1470 2737 Pontifex,
1508 2654 1562 2718 ne
1599 2613 1766 2722 bellum
1800 2655 1889 2722 non
1922 2615 1985 2721 in·-

539 2759 729 2879 dixisse,
765 2792 839 2860 aut
873 2759 963 2858 sine
1005 2763 1127 2892 justis
1174 2761 1308 2862 causis
1350 2761 1577 2903 suscepisse
1624 2762 1876 2882 videretur,
1916 2801 1986 2864 co-

539 2903 642 3006 dem
679 2938 877 3042 tempote
912 2904 966 3004 ad
1001 2906 1212 3007 Carolum
1248 2904 1479 3047 epistolam
1513 2905 1683 3024 mittit,
1719 2905 1768 3007 in
1803 2945 1892 3048 qua
1926 2902 1987 3006 sui

538 3043 712 3148 consilii
748 3046 965 3146 rationem
1001 3049 1216 3188 exponit,
1252 3049 1391 3151 multa
1427 3090 1502 3150 sua
1537 3051 1586 3150 in
1621 3049 1831 3150 Carolum
1866 3048 1986 3152 meri·

537 3225 615 3307 ta,
650 3183 883 3328 officiaque
924 3191 1144 3292 amicitiae
1187 3227 1542 3311 commemorat,
1585 3191 1763 3322 injurias
1804 3187 1887 3293 sibi
1927 3185 1983 3290 ab
2130 3267 2131 3298 t

537 3371 623 3454 eo,
658 3330 879 3471 ipsiusque
921 3332 1103 3436 ducibus
1144 3370 1189 3437 et
1224 3333 1438 3436 militibus
1473 3333 1645 3452 illatas,
1682 3327 1855 3436 foedera
1890 3331 1986 3436 vio

535 3472 622 3578 lata
656 3475 906 3621 proponita
950 3515 1166 3617 praeterea
1211 3477 1345 3580 totius
1380 3477 1525 3579 Italiae
1566 3488 1775 3618 Regnum
1818 3472 1987 3580 affecta·

534 3651 666 3737 tum,
715 3655 758 3724 et
799 3615 1020 3756 publicam
1060 3619 1415 3724 Christianorum
1461 3658 1613 3761 pacem
1654 3615 1985 3758 perturbaturus

534 3759 748 3901 aquibus
777 3759 870 3908 ipse
906 3762 1103 3896 injuriis,
1140 3764 1395 3902 injustisque
1430 3760 1662 3868 conatibus
1698 3799 1748 3868 ut
1775 3761 1985 3870 Carolurn

534 3940 779 4024 averteret,
810 3905 1027 4044 quoniam
1052 3901 1209 4010 frustra
1234 3902 1433 4044 precibus
1467 3906 1649 4014 adnixus,
1673 3939 1800 4025 esset,
1820 3945 1902 4012 nec
1921 3905 1985 4008 ad·
2129 4025 2130 4042 p

535 4041 858 4156 hortationibus
891 4082 934 4154 et
964 4047 1147 4154 monitis
1192 4048 1436 4188 quidquam
1476 4044 1762 4186 profecisset,
1806 4087 1986 4154 necessa·

533 4187 601 4294 tio
625 4230 669 4296 se
693 4190 750 4298 ad
776 4227 898 4296 arma
927 4191 1153 4332 compellit
1179 4231 1290 4330 quae
1319 4190 1409 4296 sola
1434 4191 1542 4300 tatio
1568 4188 1856 4302 intolerabiles
1882 4192 1985 4322 inju·

533 4330 617 4431 rias
653 4375 679 4438 a
715 4375 758 4436 se
795 4368 836 4438 et
870 4331 990 4438 Italia
1027 4331 1311 4478 propulsandi
1345 4371 1604 4476 superesset:
1651 4335 1864 4475 quoniam
1902 4333 1982 4473 igi-

533 4505 606 4580 tur
643 4472 924 4582 invitissimus
960 4479 1017 4581 ad
1050 4517 1172 4586 arma
1209 4478 1494 4616 procederet,
1531 4480 1691 4586 iterum
1733 4513 1864 4619 atque
1899 4477 1981 4586 ire-

532 4649 631 4716 rum
667 4651 855 4758 rogare,
897 4654 947 4720 ac
991 4656 1069 4763 per
1114 4632 1263 4727 Deum
1305 4621 1595 4728 immortalem
1639 4621 1881 4736 obtestari,
1929 4653 1986 4724 ut

533 4753 867 4881 intutoderatis,
913 4797 1008 4870 nort
1051 4797 1144 4872 tarn
1185 4761 1298 4896 suis,
1341 4801 1477 4910 quam
1521 4805 1701 4876 suorum
1736 4761 1987 5016 cupiditpti
2126 4800 2127 4827 ¹

1939 4943 1987 5013 us
