<?xml version="1.0" encoding="UTF-8"?>
<!DOCTYPE html PUBLIC "-//W3C//DTD XHTML 1.0 Transitional//EN"
    "http://www.w3.org/TR/xhtml1/DTD/xhtml1-transitional.dtd">
<html xmlns="http://www.w3.org/1999/xhtml" xml:lang="en" lang="en">
 <head>
  <title>
</title>
<meta http-equiv="Content-Type" content="text/html;charset=utf-8" />
  <meta name='ocr-system' content='tesseract 3.04.00' />
  <meta name='ocr-capabilities' content='ocr_page ocr_carea ocr_par ocr_line ocrx_word'/>
</head>
<body>
  <div class='ocr_page' id='page_1' title='image "./joannisgenesiis02sepgoog_0249.png"; bbox 0 0 4292 5984; ppageno 0'>
   <div class='ocr_carea' id='block_1_1' title="bbox 629 497 1603 604">
    <p class='ocr_par' dir='ltr' id='par_1_1' title="bbox 629 497 1603 604">
     <span class='ocr_line' id='line_1_1' title="bbox 629 497 1603 604; baseline 0.002 -26"><span class='ocrx_word' id='word_1_1' title='bbox 629 497 875 580; x_wconf 82' lang='lat' dir='ltr'>canott</span> <span class='ocrx_word' id='word_1_2' title='bbox 920 501 972 578; x_wconf 88' lang='lat' dir='ltr'>v.</span> <span class='ocrx_word' id='word_1_3' title='bbox 1018 501 1140 578; x_wconf 79' lang='lat' dir='ltr'>crs.</span> <span class='ocrx_word' id='word_1_4' title='bbox 1180 503 1215 578; x_wconf 93' lang='lat'>1.</span> <span class='ocrx_word' id='word_1_5' title='bbox 1381 550 1394 566; x_wconf 84' lang='lat'>..</span> <span class='ocrx_word' id='word_1_6' title='bbox 1493 579 1495 586; x_wconf 81' lang='grc'>,</span> <span class='ocrx_word' id='word_1_7' title='bbox 1577 519 1603 604; x_wconf 71' lang='lat'>5</span> 
     </span>
    </p>
   </div>
   <div class='ocr_carea' id='block_1_2' title="bbox 129 647 1653 4827">
    <p class='ocr_par' dir='ltr' id='par_1_2' title="bbox 129 647 1653 4827">
     <span class='ocr_line' id='line_1_2' title="bbox 167 647 1647 798; baseline -0.002 -37"><span class='ocrx_word' id='word_1_8' title='bbox 167 647 343 782; x_wconf 31' lang='lat' dir='ltr'>&#39;nonam</span> <span class='ocrx_word' id='word_1_9' title='bbox 370 652 649 758; x_wconf 80' lang='lat' dir='ltr'>invasionem</span> <span class='ocrx_word' id='word_1_10' title='bbox 677 649 820 754; x_wconf 87' lang='lat' dir='ltr'>fonna</span> <span class='ocrx_word' id='word_1_11' title='bbox 859 653 1042 754; x_wconf 85' lang='lat' dir='ltr'><strong>subinde</strong></span> <span class='ocrx_word' id='word_1_12' title='bbox 1079 689 1250 754; x_wconf 87' lang='lat' dir='ltr'>mutata</span> <span class='ocrx_word' id='word_1_13' title='bbox 1283 690 1346 755; x_wconf 89' lang='lat' dir='ltr'>est</span> <span class='ocrx_word' id='word_1_14' title='bbox 1386 650 1647 798; x_wconf 85' lang='lat' dir='ltr'>regionum,</span> 
     </span>
     <span class='ocr_line' id='line_1_3' title="bbox 175 797 1649 946; baseline -0.001 -42"><span class='ocrx_word' id='word_1_15' title='bbox 175 843 386 946; x_wconf 91' lang='lat' dir='ltr'>novaque</span> <span class='ocrx_word' id='word_1_16' title='bbox 415 800 482 901; x_wconf 89' lang='lat' dir='ltr'>his</span> <span class='ocrx_word' id='word_1_17' title='bbox 513 799 698 900; x_wconf 87' lang='lat' dir='ltr'>nomina</span> <span class='ocrx_word' id='word_1_18' title='bbox 729 834 772 897; x_wconf 91' lang='lat' dir='ltr'>et</span> <span class='ocrx_word' id='word_1_19' title='bbox 813 797 1028 938; x_wconf 88' lang='lat' dir='ltr'>plerisque</span> <span class='ocrx_word' id='word_1_20' title='bbox 1067 797 1243 940; x_wconf 89' lang='lat' dir='ltr'>populis</span> <span class='ocrx_word' id='word_1_21' title='bbox 1274 837 1407 942; x_wconf 88' lang='lat' dir='ltr'>atque</span> <span class='ocrx_word' id='word_1_22' title='bbox 1447 800 1649 903; x_wconf 89' lang='lat' dir='ltr'>flumini-</span> 
     </span>
     <span class='ocr_line' id='line_1_4' title="bbox 174 941 1650 1089; baseline 0 -41"><span class='ocrx_word' id='word_1_23' title='bbox 174 945 258 1048; x_wconf 88' lang='lat' dir='ltr'>bus</span> <span class='ocrx_word' id='word_1_24' title='bbox 299 951 417 1049; x_wconf 86' lang='lat' dir='ltr'>data.</span> <span class='ocrx_word' id='word_1_25' title='bbox 474 944 555 1046; x_wconf 85' lang='lat' dir='ltr'>Sed</span> <span class='ocrx_word' id='word_1_26' title='bbox 594 941 674 1043; x_wconf 87' lang='lat' dir='ltr'>hac</span> <span class='ocrx_word' id='word_1_27' title='bbox 706 941 925 1041; x_wconf 88' lang='lat' dir='ltr'>memoria</span> <span class='ocrx_word' id='word_1_28' title='bbox 956 942 1001 1040; x_wconf 92' lang='lat' dir='ltr'>in</span> <span class='ocrx_word' id='word_1_29' title='bbox 1038 977 1231 1082; x_wconf 92' lang='lat' dir='ltr'>quatuor</span> <span class='ocrx_word' id='word_1_30' title='bbox 1266 945 1455 1044; x_wconf 86' lang='lat' dir='ltr'>maxima</span> <span class='ocrx_word' id='word_1_31' title='bbox 1490 958 1650 1089; x_wconf 88' lang='lat' dir='ltr'>Regna</span> 
     </span>
     <span class='ocr_line' id='line_1_5' title="bbox 173 1086 1650 1230; baseline 0.002 -40"><span class='ocrx_word' id='word_1_32' title='bbox 173 1089 273 1190; x_wconf 90' lang='lat' dir='ltr'>tota</span> <span class='ocrx_word' id='word_1_33' title='bbox 313 1087 534 1230; x_wconf 73' lang='lat' dir='ltr'>Hispania</span> <span class='ocrx_word' id='word_1_34' title='bbox 554 1086 719 1215; x_wconf 51' lang='lat' dir='ltr'>[divisa</span> <span class='ocrx_word' id='word_1_35' title='bbox 752 1123 846 1206; x_wconf 89' lang='lat' dir='ltr'>cst,</span> <span class='ocrx_word' id='word_1_36' title='bbox 883 1123 1077 1224; x_wconf 91' lang='lat' dir='ltr'>quorum</span> <span class='ocrx_word' id='word_1_37' title='bbox 1127 1086 1340 1187; x_wconf 88' lang='lat' dir='ltr'>Castellae&#39;</span> <span class='ocrx_word' id='word_1_38' title='bbox 1397 1089 1540 1228; x_wconf 91' lang='lat' dir='ltr'>prima</span> <span class='ocrx_word' id='word_1_39' title='bbox 1588 1128 1650 1193; x_wconf 90' lang='lat' dir='ltr'>est</span> 
     </span>
     <span class='ocr_line' id='line_1_6' title="bbox 172 1229 1650 1376; baseline 0.002 -41"><span class='ocrx_word' id='word_1_40' title='bbox 172 1235 385 1376; x_wconf 83' lang='lat' dir='ltr'>dignitas·</span> <span class='ocrx_word' id='word_1_41' title='bbox 409 1229 772 1371; x_wconf 89' lang='lat' dir='ltr'>etmagnitudo,</span> <span class='ocrx_word' id='word_1_42' title='bbox 813 1229 1016 1369; x_wconf 80' lang='lat' dir='ltr'>proiima</span> <span class='ocrx_word' id='word_1_43' title='bbox 1051 1230 1303 1372; x_wconf 88' lang='lat' dir='ltr'>Aragoniae</span> <span class='ocrx_word' id='word_1_44' title='bbox 1315 1308 1331 1351; x_wconf 90' lang='lat'>,</span> <span class='ocrx_word' id='word_1_45' title='bbox 1363 1233 1523 1334; x_wconf 90' lang='lat' dir='ltr'>deinde</span> <span class='ocrx_word' id='word_1_46' title='bbox 1552 1242 1650 1338; x_wconf 77' lang='lat' dir='ltr'>Por-</span> 
     </span>
     <span class='ocr_line' id='line_1_7' title="bbox 174 1371 1651 1520; baseline 0.001 -42"><span class='ocrx_word' id='word_1_47' title='bbox 174 1377 412 1520; x_wconf 88' lang='lat' dir='ltr'>tugalliae,</span> <span class='ocrx_word' id='word_1_48' title='bbox 447 1383 645 1474; x_wconf 86' lang='lat' dir='ltr'>Navarra</span> <span class='ocrx_word' id='word_1_49' title='bbox 684 1371 804 1472; x_wconf 88' lang='lat' dir='ltr'>enim</span> <span class='ocrx_word' id='word_1_50' title='bbox 848 1408 1052 1473; x_wconf 90' lang='lat' dir='ltr'>nectam</span> <span class='ocrx_word' id='word_1_51' title='bbox 1088 1411 1250 1516; x_wconf 86' lang='lat' dir='ltr'>magna</span> <span class='ocrx_word' id='word_1_52' title='bbox 1289 1411 1383 1495; x_wconf 91' lang='lat' dir='ltr'>est,</span> <span class='ocrx_word' id='word_1_53' title='bbox 1425 1416 1508 1476; x_wconf 89' lang='lat' dir='ltr'>nec</span> <span class='ocrx_word' id='word_1_54' title='bbox 1557 1413 1651 1482; x_wconf 86' lang='lat' dir='ltr'>tarn</span> 
     </span>
     <span class='ocr_line' id='line_1_8' title="bbox 172 1511 1651 1662; baseline 0.003 -42"><span class='ocrx_word' id='word_1_55' title='bbox 172 1511 403 1661; x_wconf 78' lang='lat' dir='ltr'>opulenta.</span> <span class='ocrx_word' id='word_1_56' title='bbox 447 1529 612 1620; x_wconf 87' lang='lat' dir='ltr'>Rursus</span> <span class='ocrx_word' id='word_1_57' title='bbox 647 1513 860 1618; x_wconf 88' lang='lat' dir='ltr'>Castellae</span> <span class='ocrx_word' id='word_1_58' title='bbox 889 1515 1029 1618; x_wconf 91' lang='lat' dir='ltr'>multa</span> <span class='ocrx_word' id='word_1_59' title='bbox 1060 1529 1216 1658; x_wconf 85' lang='lat' dir='ltr'>Regna</span> <span class='ocrx_word' id='word_1_60' title='bbox 1255 1553 1298 1618; x_wconf 92' lang='lat' dir='ltr'>et</span> <span class='ocrx_word' id='word_1_61' title='bbox 1332 1517 1534 1662; x_wconf 85' lang='lat' dir='ltr'>regiones</span> <span class='ocrx_word' id='word_1_62' title='bbox 1564 1562 1651 1624; x_wconf 92' lang='lat' dir='ltr'>nu-</span> 
     </span>
     <span class='ocr_line' id='line_1_9' title="bbox 173 1659 1650 1805; baseline 0.003 -40"><span class='ocrx_word' id='word_1_63' title='bbox 173 1699 433 1766; x_wconf 83' lang='lat' dir='ltr'>merantur:</span> <span class='ocrx_word' id='word_1_64' title='bbox 470 1673 682 1804; x_wconf 86' lang='lat' dir='ltr'>Regnum</span> <span class='ocrx_word' id='word_1_65' title='bbox 720 1659 880 1762; x_wconf 87' lang='lat' dir='ltr'>vetcris</span> <span class='ocrx_word' id='word_1_66' title='bbox 917 1660 1161 1781; x_wconf 90' lang='lat' dir='ltr'>Castellae,</span> <span class='ocrx_word' id='word_1_67' title='bbox 1195 1662 1243 1763; x_wconf 92' lang='lat' dir='ltr'>in</span> <span class='ocrx_word' id='word_1_68' title='bbox 1275 1703 1363 1804; x_wconf 90' lang='lat' dir='ltr'>qua</span> <span class='ocrx_word' id='word_1_69' title='bbox 1401 1666 1650 1805; x_wconf 83' lang='lat' dir='ltr'>proximam</span> 
     </span>
     <span class='ocr_line' id='line_1_10' title="bbox 176 1807 1649 1950; baseline 0.001 -39"><span class='ocrx_word' id='word_1_70' title='bbox 176 1809 439 1912; x_wconf 80' lang='lat' dir='ltr'>Cantabriae</span> <span class='ocrx_word' id='word_1_71' title='bbox 473 1807 705 1948; x_wconf 86' lang='lat' dir='ltr'>regionem</span> <span class='ocrx_word' id='word_1_72' title='bbox 743 1816 981 1947; x_wconf 88' lang='lat' dir='ltr'>Burgenses</span> <span class='ocrx_word' id='word_1_73' title='bbox 1029 1840 1216 1924; x_wconf 91' lang='lat' dir='ltr'>tenent,</span> <span class='ocrx_word' id='word_1_74' title='bbox 1255 1846 1368 1947; x_wconf 90' lang='lat' dir='ltr'>quae</span> <span class='ocrx_word' id='word_1_75' title='bbox 1406 1809 1532 1950; x_wconf 90' lang='lat' dir='ltr'>regio</span> <span class='ocrx_word' id='word_1_76' title='bbox 1568 1850 1649 1912; x_wconf 90' lang='lat' dir='ltr'>an-</span> 
     </span>
     <span class='ocr_line' id='line_1_11' title="bbox 176 1947 1649 2095; baseline 0.004 -43"><span class='ocrx_word' id='word_1_77' title='bbox 176 1952 365 2095; x_wconf 91' lang='lat' dir='ltr'>tiquitus</span> <span class='ocrx_word' id='word_1_78' title='bbox 398 1956 607 2084; x_wconf 82' lang='lat' dir='ltr'>Musburgi</span> <span class='ocrx_word' id='word_1_79' title='bbox 648 1947 901 2054; x_wconf 74' lang='lat' dir='ltr'>dicebamrs</span> <span class='ocrx_word' id='word_1_80' title='bbox 940 1984 983 2046; x_wconf 91' lang='lat' dir='ltr'>et</span> <span class='ocrx_word' id='word_1_81' title='bbox 1023 1947 1138 2049; x_wconf 91' lang='lat' dir='ltr'>inter</span> <span class='ocrx_word' id='word_1_82' title='bbox 1165 1949 1408 2056; x_wconf 85' lang='lat' dir='ltr'>Idubedam</span> <span class='ocrx_word' id='word_1_83' title='bbox 1445 1991 1649 2058; x_wconf 90' lang='lat' dir='ltr'>montem</span> 
     </span>
     <span class='ocr_line' id='line_1_12' title="bbox 129 2085 1648 2240; baseline 0.001 -43"><span class='ocrx_word' id='word_1_84' title='bbox 129 2169 132 2176; x_wconf 91' lang='lat'>-</span> <span class='ocrx_word' id='word_1_85' title='bbox 174 2133 222 2197; x_wconf 94' lang='lat' dir='ltr'>et</span> <span class='ocrx_word' id='word_1_86' title='bbox 255 2109 432 2197; x_wconf 86' lang='lat' dir='ltr'>Iberum</span> <span class='ocrx_word' id='word_1_87' title='bbox 463 2131 641 2194; x_wconf 89' lang='lat' dir='ltr'>amnem</span> <span class='ocrx_word' id='word_1_88' title='bbox 661 2093 802 2228; x_wconf 58' lang='lat' dir='ltr'>lliagia</span> <span class='ocrx_word' id='word_1_89' title='bbox 833 2085 984 2192; x_wconf 88' lang='lat' dir='ltr'>fertilis</span> <span class='ocrx_word' id='word_1_90' title='bbox 1013 2126 1057 2194; x_wconf 86' lang='lat' dir='ltr'>ct</span> <span class='ocrx_word' id='word_1_91' title='bbox 1094 2132 1280 2196; x_wconf 88' lang='lat' dir='ltr'>amoena</span> <span class='ocrx_word' id='word_1_92' title='bbox 1314 2095 1463 2237; x_wconf 88' lang='lat' dir='ltr'>regi0,</span> <span class='ocrx_word' id='word_1_93' title='bbox 1490 2098 1648 2240; x_wconf 90' lang='lat' dir='ltr'>inqua</span> 
     </span>
     <span class='ocr_line' id='line_1_13' title="bbox 175 2234 1648 2379; baseline -0.001 -37"><span class='ocrx_word' id='word_1_94' title='bbox 175 2243 433 2379; x_wconf 82' lang='lat' dir='ltr'>Najaraest</span> <span class='ocrx_word' id='word_1_95' title='bbox 466 2275 510 2337; x_wconf 93' lang='lat' dir='ltr'>ct</span> <span class='ocrx_word' id='word_1_96' title='bbox 546 2243 836 2372; x_wconf 78' lang='lat' dir='ltr'>Lagrogninm,</span> <span class='ocrx_word' id='word_1_97' title='bbox 864 2234 1032 2376; x_wconf 87' lang='lat' dir='ltr'>oppida</span> <span class='ocrx_word' id='word_1_98' title='bbox 1065 2234 1263 2355; x_wconf 90' lang='lat' dir='ltr'>nobilia,</span> <span class='ocrx_word' id='word_1_99' title='bbox 1302 2241 1474 2340; x_wconf 83' lang='lat' dir='ltr'>Tritium</span> <span class='ocrx_word' id='word_1_100' title='bbox 1502 2242 1648 2361; x_wconf 89' lang='lat' dir='ltr'>olim,</span> 
     </span>
     <span class='ocr_line' id='line_1_14' title="bbox 176 2378 1646 2522; baseline 0 -38"><span class='ocrx_word' id='word_1_101' title='bbox 176 2420 226 2484; x_wconf 90' lang='lat' dir='ltr'>et</span> <span class='ocrx_word' id='word_1_102' title='bbox 258 2385 376 2486; x_wconf 82' lang='lat' dir='ltr'>Varia</span> <span class='ocrx_word' id='word_1_103' title='bbox 420 2415 706 2522; x_wconf 88' lang='lat' dir='ltr'>nuncupata,</span> <span class='ocrx_word' id='word_1_104' title='bbox 745 2415 820 2479; x_wconf 92' lang='lat' dir='ltr'>aut</span> <span class='ocrx_word' id='word_1_105' title='bbox 862 2378 910 2478; x_wconf 90' lang='lat' dir='ltr'>in</span> <span class='ocrx_word' id='word_1_106' title='bbox 945 2381 1155 2517; x_wconf 85' lang='lat' dir='ltr'>proximo</span> <span class='ocrx_word' id='word_1_107' title='bbox 1196 2379 1312 2498; x_wconf 87' lang='lat' dir='ltr'>sita,</span> <span class='ocrx_word' id='word_1_108' title='bbox 1359 2417 1410 2479; x_wconf 92' lang='lat' dir='ltr'>ut</span> <span class='ocrx_word' id='word_1_109' title='bbox 1448 2382 1646 2484; x_wconf 88' lang='lat' dir='ltr'>indicant</span> 
     </span>
     <span class='ocr_line' id='line_1_15' title="bbox 174 2521 1643 2629; baseline -0.001 0"><span class='ocrx_word' id='word_1_110' title='bbox 174 2527 268 2629; x_wconf 82' lang='lat' dir='ltr'>vici</span> <span class='ocrx_word' id='word_1_111' title='bbox 303 2527 408 2628; x_wconf 87' lang='lat' dir='ltr'>baec</span> <span class='ocrx_word' id='word_1_112' title='bbox 443 2562 590 2627; x_wconf 89' lang='lat' dir='ltr'>vetera</span> <span class='ocrx_word' id='word_1_113' title='bbox 620 2521 835 2626; x_wconf 87' lang='lat' dir='ltr'>vocabula</span> <span class='ocrx_word' id='word_1_114' title='bbox 874 2522 1135 2624; x_wconf 85' lang='lat' dir='ltr'>retinentes.</span> <span class='ocrx_word' id='word_1_115' title='bbox 1175 2531 1230 2624; x_wconf 89' lang='lat' dir='ltr'>Et</span> <span class='ocrx_word' id='word_1_116' title='bbox 1266 2563 1317 2622; x_wconf 88' lang='lat' dir='ltr'>ex</span> <span class='ocrx_word' id='word_1_117' title='bbox 1350 2523 1481 2624; x_wconf 89' lang='lat' dir='ltr'>altera</span> <span class='ocrx_word' id='word_1_118' title='bbox 1513 2564 1643 2629; x_wconf 85' lang='lat' dir='ltr'>mon-</span> 
     </span>
     <span class='ocr_line' id='line_1_16' title="bbox 176 2667 1645 2812; baseline -0.003 -37"><span class='ocrx_word' id='word_1_119' title='bbox 176 2673 234 2775; x_wconf 90' lang='lat' dir='ltr'>tis</span> <span class='ocrx_word' id='word_1_120' title='bbox 261 2707 381 2812; x_wconf 90' lang='lat' dir='ltr'>parte</span> <span class='ocrx_word' id='word_1_121' title='bbox 413 2669 682 2789; x_wconf 86' lang='lat' dir='ltr'>Celtiberia,</span> <span class='ocrx_word' id='word_1_122' title='bbox 714 2667 953 2809; x_wconf 86' lang='lat' dir='ltr'>inaequalis</span> <span class='ocrx_word' id='word_1_123' title='bbox 981 2667 1107 2811; x_wconf 90' lang='lat' dir='ltr'>regio</span> <span class='ocrx_word' id='word_1_124' title='bbox 1140 2704 1182 2768; x_wconf 91' lang='lat' dir='ltr'>et</span> <span class='ocrx_word' id='word_1_125' title='bbox 1203 2669 1287 2768; x_wconf 91' lang='lat' dir='ltr'>late</span> <span class='ocrx_word' id='word_1_126' title='bbox 1319 2703 1502 2811; x_wconf 86' lang='lat' dir='ltr'>patens,</span> <span class='ocrx_word' id='word_1_127' title='bbox 1530 2711 1645 2812; x_wconf 90' lang='lat' dir='ltr'>quae</span> 
     </span>
     <span class='ocr_line' id='line_1_17' title="bbox 178 2812 1648 2958; baseline -0.001 -42"><span class='ocrx_word' id='word_1_128' title='bbox 178 2851 347 2958; x_wconf 90' lang='lat' dir='ltr'>praeter</span> <span class='ocrx_word' id='word_1_129' title='bbox 376 2815 627 2918; x_wconf 85' lang='lat' dir='ltr'>obscuriora</span> <span class='ocrx_word' id='word_1_130' title='bbox 666 2815 803 2914; x_wconf 89' lang='lat' dir='ltr'>multa</span> <span class='ocrx_word' id='word_1_131' title='bbox 841 2812 1022 2932; x_wconf 91' lang='lat' dir='ltr'>Durio,</span> <span class='ocrx_word' id='word_1_132' title='bbox 1055 2819 1215 2955; x_wconf 86' lang='lat' dir='ltr'>Tago,</span> <span class='ocrx_word' id='word_1_133' title='bbox 1254 2850 1388 2954; x_wconf 90' lang='lat' dir='ltr'>atque</span> <span class='ocrx_word' id='word_1_134' title='bbox 1430 2828 1648 2936; x_wconf 88' lang='lat' dir='ltr'>Sucrone,</span> 
     </span>
     <span class='ocr_line' id='line_1_18' title="bbox 179 2955 1649 3098; baseline 0 -38"><span class='ocrx_word' id='word_1_135' title='bbox 179 2957 403 3064; x_wconf 91' lang='lat' dir='ltr'>nobilibus</span> <span class='ocrx_word' id='word_1_136' title='bbox 435 2956 692 3062; x_wconf 89' lang='lat' dir='ltr'>fluminibus</span> <span class='ocrx_word' id='word_1_137' title='bbox 727 2955 895 3061; x_wconf 83' lang='lat' dir='ltr'>ibidem</span> <span class='ocrx_word' id='word_1_138' title='bbox 935 2956 1041 3058; x_wconf 91' lang='lat' dir='ltr'>ortis</span> <span class='ocrx_word' id='word_1_139' title='bbox 1074 2957 1280 3065; x_wconf 79' lang='lat' dir='ltr'>alluitur3</span> <span class='ocrx_word' id='word_1_140' title='bbox 1322 2959 1374 3057; x_wconf 93' lang='lat' dir='ltr'>in</span> <span class='ocrx_word' id='word_1_141' title='bbox 1419 2999 1509 3098; x_wconf 89' lang='lat' dir='ltr'>qua</span> <span class='ocrx_word' id='word_1_142' title='bbox 1549 2993 1649 3060; x_wconf 90' lang='lat' dir='ltr'>sunt</span> 
     </span>
     <span class='ocr_line' id='line_1_19' title="bbox 177 3100 1648 3244; baseline -0.003 -40"><span class='ocrx_word' id='word_1_143' title='bbox 177 3101 419 3205; x_wconf 87' lang='lat' dir='ltr'>celebriora</span> <span class='ocrx_word' id='word_1_144' title='bbox 453 3103 622 3244; x_wconf 87' lang='lat' dir='ltr'>oppida</span> <span class='ocrx_word' id='word_1_145' title='bbox 655 3109 802 3222; x_wconf 84' lang='lat' dir='ltr'>Suria,</span> <span class='ocrx_word' id='word_1_146' title='bbox 838 3143 931 3203; x_wconf 94' lang='lat' dir='ltr'>non</span> <span class='ocrx_word' id='word_1_147' title='bbox 967 3102 1102 3244; x_wconf 89' lang='lat' dir='ltr'>longe</span> <span class='ocrx_word' id='word_1_148' title='bbox 1142 3143 1167 3202; x_wconf 88' lang='lat' dir='ltr'>a</span> <span class='ocrx_word' id='word_1_149' title='bbox 1199 3100 1471 3203; x_wconf 87' lang='lat' dir='ltr'>Numantiae</span> <span class='ocrx_word' id='word_1_150' title='bbox 1509 3103 1648 3204; x_wconf 87' lang='lat' dir='ltr'>vesti-.</span> 
     </span>
     <span class='ocr_line' id='line_1_20' title="bbox 177 3243 1649 3391; baseline -0.001 -42"><span class='ocrx_word' id='word_1_151' title='bbox 177 3248 263 3391; x_wconf 86' lang='lat' dir='ltr'>giis</span> <span class='ocrx_word' id='word_1_152' title='bbox 296 3289 345 3352; x_wconf 91' lang='lat' dir='ltr'>ac</span> <span class='ocrx_word' id='word_1_153' title='bbox 379 3243 575 3350; x_wconf 87' lang='lat' dir='ltr'>fontibus</span> <span class='ocrx_word' id='word_1_154' title='bbox 614 3246 775 3364; x_wconf 86' lang='lat' dir='ltr'>Dutii,</span> <span class='ocrx_word' id='word_1_155' title='bbox 803 3252 1093 3371; x_wconf 64' lang='lat' dir='ltr'>Almazaaam,</span> <span class='ocrx_word' id='word_1_156' title='bbox 1124 3253 1346 3384; x_wconf 82' lang='lat' dir='ltr'>Saguntia,</span> <span class='ocrx_word' id='word_1_157' title='bbox 1380 3281 1424 3346; x_wconf 90' lang='lat' dir='ltr'>et</span> <span class='ocrx_word' id='word_1_158' title='bbox 1452 3252 1649 3373; x_wconf 70' lang='lat' dir='ltr'>Methym·</span> 
     </span>
     <span class='ocr_line' id='line_1_21' title="bbox 179 3391 1646 3533; baseline -0.001 -39"><span class='ocrx_word' id='word_1_159' title='bbox 179 3397 371 3513; x_wconf 82' lang='lat' dir='ltr'>naselim,</span> <span class='ocrx_word' id='word_1_160' title='bbox 406 3431 489 3533; x_wconf 91' lang='lat' dir='ltr'>pro</span> <span class='ocrx_word' id='word_1_161' title='bbox 523 3397 711 3511; x_wconf 84' lang='lat' dir='ltr'>Salonis,</span> <span class='ocrx_word' id='word_1_162' title='bbox 744 3426 794 3492; x_wconf 93' lang='lat' dir='ltr'>ut</span> <span class='ocrx_word' id='word_1_163' title='bbox 824 3391 1042 3531; x_wconf 88' lang='lat' dir='ltr'>suspicor,</span> <span class='ocrx_word' id='word_1_164' title='bbox 1070 3431 1096 3490; x_wconf 89' lang='lat' dir='ltr'>a</span> <span class='ocrx_word' id='word_1_165' title='bbox 1122 3391 1277 3500; x_wconf 87' lang='lat' dir='ltr'>nostris</span> <span class='ocrx_word' id='word_1_166' title='bbox 1312 3391 1545 3494; x_wconf 89' lang='lat' dir='ltr'>Historicis</span> <span class='ocrx_word' id='word_1_167' title='bbox 1575 3431 1646 3492; x_wconf 90' lang='lat' dir='ltr'>co·</span> 
     </span>
     <span class='ocr_line' id='line_1_22' title="bbox 184 3530 1647 3676; baseline 0.005 -42"><span class='ocrx_word' id='word_1_168' title='bbox 184 3537 485 3676; x_wconf 87' lang='lat' dir='ltr'>gnominata,</span> <span class='ocrx_word' id='word_1_169' title='bbox 538 3570 600 3636; x_wconf 84' lang='lat' dir='ltr'>cst</span> <span class='ocrx_word' id='word_1_170' title='bbox 646 3534 768 3636; x_wconf 90' lang='lat' dir='ltr'>enim</span> <span class='ocrx_word' id='word_1_171' title='bbox 806 3532 936 3667; x_wconf 87' lang='lat' dir='ltr'>hujus</span> <span class='ocrx_word' id='word_1_172' title='bbox 978 3534 1172 3635; x_wconf 85' lang='lat' dir='ltr'>fluminis</span> <span class='ocrx_word' id='word_1_173' title='bbox 1214 3530 1413 3640; x_wconf 88' lang='lat' dir='ltr'>fontibus</span> <span class='ocrx_word' id='word_1_174' title='bbox 1463 3535 1647 3642; x_wconf 72' lang='lat' dir='ltr'>vicinat</span> 
     </span>
     <span class='ocr_line' id='line_1_23' title="bbox 179 3677 1646 3822; baseline -0.003 -44"><span class='ocrx_word' id='word_1_175' title='bbox 179 3677 380 3822; x_wconf 86' lang='lat' dir='ltr'>itemque</span> <span class='ocrx_word' id='word_1_176' title='bbox 398 3683 550 3780; x_wconf 81' lang='lat' dir='ltr'>Melina</span> <span class='ocrx_word' id='word_1_177' title='bbox 563 3755 578 3798; x_wconf 93' lang='lat'>,</span> <span class='ocrx_word' id='word_1_178' title='bbox 612 3715 656 3780; x_wconf 91' lang='lat' dir='ltr'>et</span> <span class='ocrx_word' id='word_1_179' title='bbox 677 3718 816 3821; x_wconf 87' lang='lat' dir='ltr'>prope</span> <span class='ocrx_word' id='word_1_180' title='bbox 850 3716 1042 3780; x_wconf 86' lang='lat' dir='ltr'>veterem</span> <span class='ocrx_word' id='word_1_181' title='bbox 1070 3679 1292 3783; x_wconf 90' lang='lat' dir='ltr'>Valeriam</span> <span class='ocrx_word' id='word_1_182' title='bbox 1325 3683 1490 3781; x_wconf 80' lang='lat' dir='ltr'>Concha.</span> <span class='ocrx_word' id='word_1_183' title='bbox 1520 3687 1646 3778; x_wconf 89' lang='lat' dir='ltr'>Prae·</span> 
     </span>
     <span class='ocr_line' id='line_1_24' title="bbox 181 3822 1647 3966; baseline -0.002 -44"><span class='ocrx_word' id='word_1_184' title='bbox 181 3857 298 3924; x_wconf 89' lang='lat' dir='ltr'>terea</span> <span class='ocrx_word' id='word_1_185' title='bbox 329 3825 376 3924; x_wconf 94' lang='lat' dir='ltr'>in</span> <span class='ocrx_word' id='word_1_186' title='bbox 409 3823 618 3926; x_wconf 83' lang='lat' dir='ltr'>Castellae</span> <span class='ocrx_word' id='word_1_187' title='bbox 650 3822 813 3927; x_wconf 88' lang='lat' dir='ltr'>finibus</span> <span class='ocrx_word' id='word_1_188' title='bbox 851 3860 915 3925; x_wconf 90' lang='lat' dir='ltr'>est</span> <span class='ocrx_word' id='word_1_189' title='bbox 949 3823 1211 3930; x_wconf 86' lang='lat' dir='ltr'>Celtiberiae</span> <span class='ocrx_word' id='word_1_190' title='bbox 1247 3864 1375 3966; x_wconf 86' lang='lat' dir='ltr'>pars,</span> <span class='ocrx_word' id='word_1_191' title='bbox 1412 3857 1455 3919; x_wconf 90' lang='lat' dir='ltr'>et</span> <span class='ocrx_word' id='word_1_192' title='bbox 1475 3825 1647 3920; x_wconf 86' lang='lat' dir='ltr'>Areva-</span> 
     </span>
     <span class='ocr_line' id='line_1_25' title="bbox 181 3963 1648 4114; baseline -0.001 -49"><span class='ocrx_word' id='word_1_193' title='bbox 181 4005 341 4068; x_wconf 88' lang='lat' dir='ltr'>comm</span> <span class='ocrx_word' id='word_1_194' title='bbox 379 3969 535 4112; x_wconf 87' lang='lat' dir='ltr'>regi0,</span> <span class='ocrx_word' id='word_1_195' title='bbox 576 4009 688 4112; x_wconf 88' lang='lat' dir='ltr'>quae</span> <span class='ocrx_word' id='word_1_196' title='bbox 722 4014 751 4072; x_wconf 87' lang='lat' dir='ltr'>a</span> <span class='ocrx_word' id='word_1_197' title='bbox 788 3970 995 4114; x_wconf 85' lang='lat' dir='ltr'>Saguntia</span> <span class='ocrx_word' id='word_1_198' title='bbox 1039 4005 1082 4068; x_wconf 87' lang='lat' dir='ltr'>et</span> <span class='ocrx_word' id='word_1_199' title='bbox 1124 3969 1277 4066; x_wconf 88' lang='lat' dir='ltr'>Uxama</span> <span class='ocrx_word' id='word_1_200' title='bbox 1308 3967 1428 4065; x_wconf 89' lang='lat' dir='ltr'>inter</span> <span class='ocrx_word' id='word_1_201' title='bbox 1466 3963 1648 4066; x_wconf 86' lang='lat' dir='ltr'>Burium</span> 
     </span>
     <span class='ocr_line' id='line_1_26' title="bbox 183 4108 1650 4258; baseline 0.001 -52"><span class='ocrx_word' id='word_1_202' title='bbox 183 4140 230 4207; x_wconf 91' lang='lat' dir='ltr'>et</span> <span class='ocrx_word' id='word_1_203' title='bbox 261 4113 517 4253; x_wconf 87' lang='lat' dir='ltr'>Orospedae</span> <span class='ocrx_word' id='word_1_204' title='bbox 551 4125 688 4256; x_wconf 87' lang='lat' dir='ltr'>juga,</span> <span class='ocrx_word' id='word_1_205' title='bbox 724 4115 884 4258; x_wconf 89' lang='lat' dir='ltr'>quibus</span> <span class='ocrx_word' id='word_1_206' title='bbox 923 4157 949 4216; x_wconf 89' lang='lat' dir='ltr'>a</span> <span class='ocrx_word' id='word_1_207' title='bbox 980 4108 1236 4252; x_wconf 81' lang='lat' dir='ltr'>Carpetania</span> <span class='ocrx_word' id='word_1_208' title='bbox 1281 4108 1538 4231; x_wconf 90' lang='lat' dir='ltr'>dirimitur,</span> <span class='ocrx_word' id='word_1_209' title='bbox 1576 4147 1650 4208; x_wconf 83' lang='lat' dir='ltr'>us-</span> 
     </span>
     <span class='ocr_line' id='line_1_27' title="bbox 174 4252 1651 4396; baseline 0.001 -47"><span class='ocrx_word' id='word_1_210' title='bbox 174 4291 272 4392; x_wconf 86' lang='lat' dir='ltr'>que</span> <span class='ocrx_word' id='word_1_211' title='bbox 300 4263 508 4390; x_wconf 69' lang='lat' dir='ltr'>Segouiam</span> <span class='ocrx_word' id='word_1_212' title='bbox 545 4293 589 4356; x_wconf 89' lang='lat' dir='ltr'>et</span> <span class='ocrx_word' id='word_1_213' title='bbox 629 4266 844 4358; x_wconf 73' lang='lat' dir='ltr'>Aretalnm</span> <span class='ocrx_word' id='word_1_214' title='bbox 880 4255 1135 4396; x_wconf 90' lang='lat' dir='ltr'>oppidum,</span> <span class='ocrx_word' id='word_1_215' title='bbox 1182 4255 1307 4394; x_wconf 91' lang='lat' dir='ltr'>quod</span> <span class='ocrx_word' id='word_1_216' title='bbox 1341 4252 1535 4396; x_wconf 87' lang='lat' dir='ltr'>regionis</span> <span class='ocrx_word' id='word_1_217' title='bbox 1569 4289 1651 4352; x_wconf 78' lang='lat' dir='ltr'>vo-</span> 
     </span>
     <span class='ocr_line' id='line_1_28' title="bbox 179 4392 1652 4537; baseline 0.003 -45"><span class='ocrx_word' id='word_1_218' title='bbox 179 4392 388 4495; x_wconf 87' lang='lat' dir='ltr'>cabulum</span> <span class='ocrx_word' id='word_1_219' title='bbox 443 4400 638 4515; x_wconf 87' lang='lat' dir='ltr'>retinet,</span> <span class='ocrx_word' id='word_1_220' title='bbox 688 4405 1023 4534; x_wconf 75' lang='lat' dir='ltr'>Methymnaanqur</span> <span class='ocrx_word' id='word_1_221' title='bbox 1070 4403 1364 4531; x_wconf 80' lang='lat' dir='ltr'>Campestrtm,</span> <span class='ocrx_word' id='word_1_222' title='bbox 1402 4395 1652 4537; x_wconf 90' lang='lat' dir='ltr'>emporium</span> 
     </span>
     <span class='ocr_line' id='line_1_29' title="bbox 181 4537 1650 4676; baseline 0.002 -38"><span class='ocrx_word' id='word_1_223' title='bbox 181 4537 425 4676; x_wconf 88' lang='lat' dir='ltr'>Hispaniae</span> <span class='ocrx_word' id='word_1_224' title='bbox 462 4539 833 4648; x_wconf 75' lang='lat' dir='ltr'>celeberrimums</span> <span class='ocrx_word' id='word_1_225' title='bbox 867 4577 911 4640; x_wconf 89' lang='lat' dir='ltr'>et</span> <span class='ocrx_word' id='word_1_226' title='bbox 950 4582 1002 4641; x_wconf 89' lang='lat' dir='ltr'>ex</span> <span class='ocrx_word' id='word_1_227' title='bbox 1030 4540 1168 4640; x_wconf 88' lang='lat' dir='ltr'>altero</span> <span class='ocrx_word' id='word_1_228' title='bbox 1201 4541 1332 4643; x_wconf 90' lang='lat' dir='ltr'>Durii</span> <span class='ocrx_word' id='word_1_229' title='bbox 1363 4540 1494 4642; x_wconf 89' lang='lat' dir='ltr'>latete</span> <span class='ocrx_word' id='word_1_230' title='bbox 1530 4551 1650 4642; x_wconf 86' lang='lat' dir='ltr'>Vac-</span> 
     </span>
     <span class='ocr_line' id='line_1_30' title="bbox 182 4684 1653 4827; baseline 0.002 -47"><span class='ocrx_word' id='word_1_231' title='bbox 182 4719 388 4781; x_wconf 83' lang='lat' dir='ltr'>catorum</span> <span class='ocrx_word' id='word_1_232' title='bbox 419 4684 577 4801; x_wconf 90' lang='lat' dir='ltr'>nati0,</span> <span class='ocrx_word' id='word_1_233' title='bbox 616 4693 739 4814; x_wconf 88' lang='lat' dir='ltr'>cujus</span> <span class='ocrx_word' id='word_1_234' title='bbox 771 4721 834 4784; x_wconf 90' lang='lat' dir='ltr'>est</span> <span class='ocrx_word' id='word_1_235' title='bbox 868 4687 1072 4784; x_wconf 73' lang='lat' dir='ltr'>Pallantia</span> <span class='ocrx_word' id='word_1_236' title='bbox 1085 4760 1101 4803; x_wconf 99' lang='lat'>,</span> <span class='ocrx_word' id='word_1_237' title='bbox 1145 4685 1416 4805; x_wconf 81' lang='lat' dir='ltr'>Valdalitam,</span> <span class='ocrx_word' id='word_1_238' title='bbox 1455 4684 1653 4827; x_wconf 89' lang='lat' dir='ltr'>Regium</span> 
     </span>
    </p>
   </div>
   <div class='ocr_carea' id='block_1_3' title="bbox 183 4817 1653 5072">
    <p class='ocr_par' dir='ltr' id='par_1_3' title="bbox 183 4817 1653 5072">
     <span class='ocr_line' id='line_1_31' title="bbox 183 4817 1653 4969; baseline 0.003 -48"><span class='ocrx_word' id='word_1_239' title='bbox 183 4817 404 4965; x_wconf 87' lang='lat' dir='ltr'>oppidum</span> <span class='ocrx_word' id='word_1_240' title='bbox 443 4827 501 4928; x_wconf 88' lang='lat' dir='ltr'>ad</span> <span class='ocrx_word' id='word_1_241' title='bbox 542 4823 837 4929; x_wconf 87' lang='lat' dir='ltr'>confluentem</span> <span class='ocrx_word' id='word_1_242' title='bbox 884 4831 1104 4928; x_wconf 72' lang='lat' dir='ltr'>Pisoracam</span> <span class='ocrx_word' id='word_1_243' title='bbox 1149 4863 1193 4926; x_wconf 91' lang='lat' dir='ltr'>et</span> <span class='ocrx_word' id='word_1_244' title='bbox 1239 4833 1480 4966; x_wconf 76' lang='lat' dir='ltr'>Squeaam,</span> <span class='ocrx_word' id='word_1_245' title='bbox 1526 4826 1653 4969; x_wconf 90' lang='lat' dir='ltr'>quod</span> 
     </span>
     <span class='ocr_line' id='line_1_32' title="bbox 1535 4975 1650 5072; baseline 0 -2"><span class='ocrx_word' id='word_1_246' title='bbox 1535 4975 1650 5072; x_wconf 63' lang='lat' dir='ltr'>Pin-</span> 
     </span>
    </p>
   </div>
   <div class='ocr_carea' id='block_1_4' title="bbox 0 0 2158 5984">
    <p class='ocr_par' dir='ltr' id='par_1_4' title="bbox 0 0 2158 5984">
     <span class='ocr_line' id='line_1_33' title="bbox 0 0 2158 5984; baseline 0 0"><span class='ocrx_word' id='word_1_247' title='bbox 0 0 2158 5984; x_wconf 95' lang='lat' dir='ltr'> </span> 
     </span>
    </p>
   </div>
  </div>
 </body>
</html>
