4294 5984
655 457 896 540 cauom
937 457 990 539 v
1040 435 1683 540 Lru.v.16.1
1728 557 1732 564 ,

263 609 580 780 „aequissimo
616 613 765 716 animo
802 615 1062 735 tolerantes,
1098 652 1178 715 vos
1215 613 1276 715 ita
1282 651 1461 780 gerere
1483 620 1725 722 'consuevi-

252 763 413 884 ‚,stis,
449 798 499 862 ut
536 756 653 860 bello
688 755 818 861 vobis
862 757 974 860 nihil
1018 759 1160 923 magis
1204 760 1395 926 petitum
1437 803 1523 862 esse
1571 764 1723 864 videa-

257 981 296 1027 „
310 941 408 1028 tur,
445 943 581 1045 quarn
614 903 791 1048 gloria,
826 941 871 1005 et
907 943 1009 1004 veta
1050 904 1204 1004 insitae
1246 907 1449 1024 virtutis,
1491 949 1541 1008 ac
1587 907 1720 1008 tobo-

257 1128 294 1171 „
311 1050 403 1169 ris,
439 1048 631 1192 fideique
666 1050 787 1157 laus3
824 1089 960 1211 quam
996 1047 1057 1148 sic
1092 1049 1191 1149 estis
1228 1048 1350 1150 claris
1384 1050 1513 1148 'editis
1555 1047 1722 1152 facino-

256 1192 429 1314 „ribus
465 1194 675 1314 assecuti,
712 1228 762 1295 ut
798 1193 1098 1335 Hispanorum
1134 1231 1329 1311 nomen,
1355 1192 1674 1354 bellicaque
1633 1234 1721 1297 vrr-

256 1413 294 1457 „
310 1371 378 1438 tus
414 1371 458 1439 et
493 1336 628 1455 fides,
664 1335 791 1434 etin
826 1337 949 1436 malis
984 1378 1033 1438 ac
1069 1332 1456 1438 difficultatibus
1445 1339 1635 1438 rnvictus
1675 1380 1722 1439 a-

255 1557 294 1601 „
311 1482 456 1581 nimus
498 1519 576 1620 per
617 1514 766 1580 totum
809 1476 965 1579 orbem
1015 1519 1119 1582 cum
1159 1481 1354 1582 maxima
1405 1518 1544 1583 vestra
1596 1481 1720 1624 laude

258 1701 294 1744 „
310 1623 475 1766 plen0,
511 1658 561 1725 ut
595 1631 752 1755 ajunt,
789 1660 866 1722 ore
901 1623 1165 1726 celebretur.
1202 1634 1365 1768 Neque
1398 1665 1505 1727 vero
1542 1623 1615 1726 hic
1651 1664 1719 1728 at-

257 1768 423 1887 „tinet
457 1765 734 1871 celeberrima
767 1767 1151 1870 Numantinorum
1184 1807 1228 1869 et
1267 1771 1610 1912 Saguntinorum
1648 1814 1719 1874 ex

256 1911 481 2052 ,‚empla,
518 1948 562 2013 et
596 1951 708 2052 quae
742 1912 919 2014 Viriato
955 1951 998 2012 et
1034 1913 1223 2014 Sertorio
1266 1914 1376 2014 duce
1418 1952 1539 2056 gesta
1584 1953 1717 2047 sunt,

255 2093 533 2197 „ceteraque
574 2092 717 2153 omms
758 2055 903 2154 aetatis
947 2056 1174 2172 maxima,
1193 2055 1409 2215 'claraque
1453 2060 1718 2160 documenta

253 2239 361 2326 „ex
401 2233 615 2300 vetustate
659 2197 844 2338 repetita
892 2197 939 2297 in
985 2196 1289 2300 testimonium
1330 2239 1717 2324 commemorare,

255 2381 412 2461 „cum
446 2341 584 2442 multa
618 2339 836 2442 veteribus
871 2339 987 2462 illis,
1023 2379 1066 2444 et
1102 2337 1437 2442 celebratissimis
1472 2347 1590 2483 paria
1637 2387 1717 2444 ve-

254 2520 393 2605 „stra
427 2482 619 2586 facinora
653 2521 766 2584 aetas
802 2522 950 2585 nostra
984 2486 1170 2594 videtitt
1206 2523 1402 2624 quorum
1438 2523 1501 2586 est
1538 2487 1585 2588 in
1629 2489 1718 2628 pri-

255 2705 290 2747 „
308 2627 391 2726 mis
425 2627 762 2768 locupletissima
795 2629 912 2728 testis
946 2628 1145 2748 Italia,'
1133 2667 1181 2729 m
1217 2667 1305 2769 qua
1340 2666 1439 2729 tum
1475 2628 1523 2728 in
1552 2641 1716 2791 Regno

256 2845 292 2888 „
307 2773 633 2933 Neapolitano,
670 2775 777 2874 duce
813 2771 1007 2872 Gonsalo
1052 2811 1255 2914 magno,
1298 2805 1394 2874 tum
1436 2773 1484 2873 in
1526 2811 1718 2878 crrcum-

256 2987 291 3036 „
307 2913 486 3054 padanis
530 2916 781 3078 regionibus
831 2911 1089 3016 difficillima
1127 2915 1238 3016 bella
1272 2955 1396 3057 saepe
1432 2917 1525 3017 sine
1560 2918 1718 3058 stipen

258 3134 292 3179 „
309 3057 434 3178 dio,
478 3094 522 3158 et
563 3060 805 3200 parcissime
850 3096 1104 3160 commeatu
1146 3095 1403 3221 suppetente
1443 3057 1717 3183 confecistis,

257 3279 290 3322 „
308 3237 352 3300 et
386 3203 514 3343 pauci
548 3241 652 3304 cum
688 3203 821 3345 longe
857 3205 1100 3335 majoribus
1137 3205 1276 3344 copiis
1310 3203 1469 3344 praelia
1506 3207 1718 3306 secundis

257 3343 413 3466 „sima
447 3341 640 3455 fecistis,
675 3385 869 3490 quorum
911 3389 1014 3452 curn
1056 3348 1238 3448 aliarum
1279 3349 1514 3450 nationum
1556 3348 1716 3451 milites

257 3492 444 3610 „socios
479 3491 700 3591 interdum
734 3489 998 3612 habueritis,
1039 3491 1203 3594 idcirco
1240 3528 1387 3596 tamen
1396 3494 1598 3596 laudem
1635 3533 1716 3594 vo-

258 3704 290 3753 „
307 3629 371 3732 bis
420 3634 744 3774 potissimum,
795 3671 837 3734 et
887 3570 1145 3778 pletirmque
1198 3636 1342 3760 solis,
1389 3633 1510 3740 fama
1563 3636 1715 3738 horni-

256 3816 413 3900 „num
448 3777 683 3900 attribuit,
719 3779 936 3921 quoniam
972 3781 1101 3883 ceteri
1137 3819 1368 3899 externos,
1405 3818 1449 3879 et
1490 3819 1714 3880 mercena-

258 3920 392 4040 „rios
423 3922 620 4024 milites
608 3924 868 4046 imitantur,
902 3964 980 4026 vos
1008 3961 1059 4026 ut
1088 3925 1204 4027 cives
1234 3921 1494 4043 fortissimi,
1528 3959 1571 4023 et
1602 3964 1714 4087 quo-

258 4100 405 4184 „rum
447 4105 541 4185 res,
586 4105 630 4168 et
675 4069 912 4208 imperium
956 4070 1303 4204 existimatioque
1348 4101 1539 4208 agatur,
1579 4069 1717 4208 Regis

261 4280 292 4328 „
307 4205 469 4326 vestri,
506 4248 643 4349 quern
679 4208 925 4312 fidelissime
962 4209 1362 4372 studiosissimeque
1404 4210 1581 4330 colitis,
1622 4208 1715 4309 bel

256 4348 349 4474 „la
387 4389 534 4510 gerere
571 4353 880 4454 consuevistis.
911 4367 1036 4454 Haec
1071 4393 1173 4453 turn
1210 4391 1271 4454 rta
1306 4355 1426 4474 sint,
1462 4355 1544 4457 viti
1580 4348 1715 4454 fortis-

256 4571 289 4616 „
305 4493 425 4613 simr,
461 4535 554 4596 non
591 4497 780 4638 rogandi
814 4493 928 4596 mihi
963 4539 1050 4626 esse
1087 4497 1323 4620 videmini,
1361 4541 1416 4602 ne
1452 4495 1556 4600 ab
1545 4497 1717 4600 anstitu

258 4710 291 4756 „
305 4673 354 4736 to
396 4675 440 4736 et
484 4643 796 4746 consuetudine
838 4678 978 4746 vestra
1024 4642 1282 4768 discedatis,
1330 4645 1405 4745 sed
1448 4641 1720 4744 admonendi

255 4857 290 4900 „
304 4781 532 5032 dgmtaxat
565 4787 715 4892 Caroli
740 4787 946 4892 Caesaris
959 4789 1093 4896 vestri
1127 4788 1358 4930 nostrique
1384 4786 1518 4934 Regis
1552 4805 1597 4892 e't
1635 4799 1721 4888 Im

374 4966 429 5042 lm
473 4940 500 5028 l
1228 4938 1275 5032 X
1598 5005 1627 5050 „
1642 4964 1719 5071 pe«.
