4292 5984
642 505 879 594 cAROLI
914 505 967 596 V.
1012 511 1133 594 LIB.
1176 516 1210 592 1.
1530 521 1586 610 35

157 699 315 806 pacem
341 705 367 767 a
391 662 548 770 nostris
572 666 855 808 petiverunt,
882 703 964 768 nec
990 667 1106 807 prius
1125 667 1420 808 impetrarunt
1433 745 1449 789 ,
1488 709 1625 810 quam
1710 805 1712 808 v

154 810 377 911 chricus
412 819 536 944 jure,
573 811 699 952 quod
734 808 866 917 armis
901 850 946 910 se
981 812 1188 953 prosequi
1231 810 1452 945 jactabat,
1496 815 1622 916 dece-

157 950 309 1055 deret.
433 1021 437 1027 ·
1154 1033 1157 1040 .

211 1104 442 1200 XXXVII.
501 1105 606 1198 Post
641 1095 748 1196 haec
784 1087 989 1198 Alfonsus
1027 1106 1204 1220 Sextus,
1242 1094 1370 1229 hujus
1407 1103 1623 1203 Fernandi

155 1234 303 1358 filius,
341 1240 422 1383 qui
449 1241 663 1342 Toletum
701 1273 744 1338 et
778 1237 887 1339 irem
910 1239 1051 1341 multa
1081 1241 1249 1384 oppida
1282 1243 1329 1342 in
1357 1246 1623 1385 Carpetania

152 1385 356 1523 recepit,
393 1384 623 1482 Tarasiam
659 1379 850 1484 notham
887 1381 1026 1484 filiam
1069 1386 1270 1486 Hentico
1307 1386 1622 1528 Lotharingiae

157 1505 367 1624 Comiti⁶
386 1525 434 1626 in
479 1526 819 1628 matrimonium
869 1525 1145 1650 collocavit,
1190 1529 1396 1671 dotisque
1440 1533 1621 1634 nomine

155 1668 475 1812 Portugalliam
513 1710 616 1771 cum
660 1670 791 1771 ritulo
836 1670 1086 1771 Comitatus
1139 1673 1364 1774 attribuit.
1409 1688 1622 1779 Ceterum

155 1806 393 1934 Alfonsus,
428 1811 555 1948 hujus
585 1814 772 1916 Henrici
816 1810 958 1934 filius,
1003 1817 1238 1918 demortuo
1279 1855 1402 1958 patre
1446 1831 1621 1922 Ducem

158 1993 204 2056 se
239 1959 534 2101 portugalliae
579 1957 860 2076 nominavit,
903 1958 1113 2098 idemque
1157 2001 1261 2061 cum
1305 2002 1430 2063 suam
1481 1964 1621 2064 ditio-

156 2136 262 2200 nem
299 2138 434 2243 atque
469 2100 575 2203 fines
610 2102 813 2218 auxisset,
841 2100 978 2238 Regis
1014 2101 1194 2202 titulum
1228 2109 1414 2212 sumsits
1451 2107 1525 2206 sed
1560 2108 1620 2208 ita

156 2277 209 2342 ut
247 2245 341 2384 ipse
378 2245 600 2387 ceterique
635 2241 926 2384 Portugalliae
961 2254 1103 2384 Reges
1146 2245 1195 2344 in
1237 2248 1484 2347 clientelam
1531 2261 1621 2352 Re-

158 2385 228 2526 gis
253 2388 464 2488 Castellae
489 2422 715 2487 manerent
738 2425 874 2526 usque
903 2387 958 2484 ad
988 2379 1225 2487 Alfonsum
1259 2389 1497 2490 Decimum
1533 2429 1620 2490 no·
1676 2495 1681 2506 ,

157 2562 332 2649 strum,
369 2532 449 2672 qui
484 2524 673 2630 Alfonso
709 2527 869 2628 Tertio
904 2529 1194 2671 Portugalliae
1235 2531 1386 2673 Regi,
1428 2534 1528 2632 data
1570 2534 1620 2634 irr
1734 2553 1735 2556 ‘

159 2671 502 2775 matrimonium
538 2673 729 2778 Beatrice
762 2669 904 2772 notha
938 2670 1044 2792 filia,
1073 2680 1142 2805 jus
1177 2674 1401 2775 clientelae
1436 2676 1617 2777 remisit.

231 2826 483 2930 XXXVIII.
555 2817 693 2959 Igitur
727 2815 1019 2958 Portugalliae
1052 2829 1287 2960 Regnum,
1323 2859 1416 2962 quo
1453 2855 1621 2962 tempo

161 2995 208 3057 re
243 2961 453 3082 diximus,
490 2961 783 3063 constitutum
818 2998 987 3102 semper
1020 2961 1079 3061 ad
1114 2960 1202 3062 hoc
1236 2964 1331 3066 aevi
1366 3003 1561 3064 seorsum
1596 3005 1622 3064 a

159 3100 328 3247 reliqua
351 3106 567 3250 Hispania
602 3145 731 3208 suum
755 3114 928 3248 Regem
963 3102 1151 3227 habuit,
1186 3145 1291 3206 curn
1326 3106 1487 3249 Legio,
1526 3115 1622 3206 Na-

160 3283 286 3349 varra
318 3285 362 3348 et
389 3252 620 3395 Aragonia
646 3260 739 3385 jam
775 3250 861 3350 suis
885 3246 1087 3392 Regibus
1122 3249 1384 3394 separatim,
1420 3259 1512 3382 jam
1540 3248 1622 3350 uni

158 3391 279 3536 Regi
312 3395 521 3496 Castellae
556 3395 799 3536 patuerint:
838 3393 964 3534 quod
1000 3393 1158 3496 accidit
1183 3396 1408 3496 Femando
1445 3394 1620 3518 Quinto

164 3575 412 3678 regnante:
462 3537 534 3640 hic
580 3538 704 3639 enim
747 3537 919 3673 Joanni
960 3538 1072 3678 patri
1111 3533 1159 3640 in
1199 3541 1507 3683 Aragoniam,
1549 3534 1623 3634 cui

162 3695 329 3824 Regno
364 3682 537 3805 Sicilia,
574 3681 683 3784 item
710 3682 907 3783 Sardinia
941 3715 984 3780 et
1017 3684 1239 3805 Baleares,
1275 3724 1327 3783 ac
1361 3677 1448 3785 fere
1484 3677 1625 3780 nostri

160 3827 292 3928 matis
328 3827 520 3969 reliquae
557 3826 796 3970 Hispaniae
832 3827 1076 3960 adjacentes
1113 3828 1275 3931 insulae
1311 3861 1411 3924 sunt
1450 3821 1623 3921 contria

160 3968 296 4070 burae
310 3957 586 4097 ‚⁰successit,
622 4011 726 4074 curn
760 3969 985 4073 Isabellam
1019 4008 1201 4072 uxorem
1231 3967 1439 4074 Castellae
1475 4004 1525 4066 ac
1549 3974 1624 4064 Le-

164 4112 343 4256 gionis,
370 4152 550 4218 mortuo
588 4115 677 4216 sine
714 4116 835 4260 prole
861 4115 1061 4215 chrico
1087 4109 1247 4229 fratre,
1283 4147 1332 4211 ut
1369 4148 1495 4253 supra
1528 4147 1625 4207 me·

164 4255 462 4379 moravimus,
498 4258 705 4360 heredem
739 4259 955 4359 duxisset.
999 4256 1081 4355 Sed
1110 4289 1159 4355 ut
1187 4250 1296 4354 haec
1330 4265 1486 4397 Regna
1524 4249 1624 4352 utri·

166 4437 253 4542 que
294 4395 471 4500 fuerunt
511 4401 797 4518 hereditaria,
833 4399 892 4500 sic
935 4395 1159 4540 utriusque
1201 4397 1396 4518 virtute,
1439 4395 1623 4497 consilio

167 4581 211 4644 et
254 4542 457 4684 auspiciis
499 4558 691 4646 Granata
732 4578 906 4684 recepta
948 4579 992 4644 et
1032 4555 1345 4645 Saracenorum
1385 4539 1626 4682 Imperium

169 4687 341 4829 penitus
377 4688 426 4787 in
468 4689 684 4829 Hispania
724 4688 947 4792 deletum.
990 4695 1099 4819 Post
1134 4686 1305 4826 aliquot
1345 4685 1502 4785 deinde
1543 4721 1628 4782 an-

173 4871 253 4934 nos
288 4837 490 4934 Navarra
527 4870 721 4975 quoque
744 4829 801 4932 ab
837 4829 999 4930 eodem
1040 4841 1164 4969 Rege
1206 4829 1256 4928 in
1297 4827 1627 5064 ditionemdte-

1150 4981 1226 5071 Ea
1549 5006 1598 5064 a-
