4326 5986
577 557 664 673 436
1009 563 1094 645 nu
1142 557 1342 645 ansus
1388 559 1614 646 cassis

540 765 755 837 tentatam
792 718 964 870 magnis
998 759 1148 826 tamen
1185 721 1485 825 incommodis
1522 716 1700 839 affecit,
1740 747 1783 818 et
1820 753 1914 820 eam
1940 757 2000 821 te-

547 878 729 1022 gionem
773 873 907 1014 longe
951 872 1129 1011 lateque
1170 867 1388 971 vastavit.
1435 865 1624 966 Carolus
1664 861 1719 964 ad
1763 871 1998 1005 Augustam

484 1103 487 1108 .
545 1019 850 1122 Taurinorum
897 1053 1001 1115 cum
1050 1028 1374 1118 Germanorum
1426 1009 1768 1146 Italicorumque
1815 1008 2003 1108 militurn

550 1203 689 1268 manu
724 1162 982 1264 Gutierrum
1017 1158 1255 1276 Padillam,
1296 1153 1376 1296 qui
1410 1154 1630 1296 oppidum
1664 1149 1897 1253 obsidione
1926 1191 2005 1292 pre·

552 1341 725 1428 meret,
766 1307 1014 1447 relinquens
1056 1303 1103 1403 in
1155 1300 1343 1401 Galliam
1395 1297 1647 1400 ulteriorem
1689 1292 2004 1436 proficiscitur,

554 1487 601 1553 et
635 1450 834 1592 equitatu
863 1486 940 1591 per
976 1483 1098 1547 oram
1124 1443 1389 1545 maritimam
1419 1440 1868 1579 commodioremque
1893 1441 2006 1540 viam

554 1595 826 1737 praemisso,
857 1594 949 1734 ipsc
985 1629 1062 1733 ptr
1097 1591 1230 1734 Alpes
1273 1587 1526 1730 angustiore
1561 1624 1612 1687 ac
1647 1577 1899 1684 difficiliore
1936 1583 2007 1683 iri-

556 1778 658 1840 ncre
709 1737 955 1878 peditatum
1002 1735 1162 1853 ducit,
1212 1732 1421 1866 adjuncto
1466 1728 1551 1830 sibi
1602 1728 1801 1830 Antonio
1850 1727 2006 1845 Lciva,

558 1920 695 2024 quem
738 1915 917 2018 propter
960 1877 1225 2017 singularem
1261 1886 1352 2006 ejus
1385 1873 1448 1973 rei
1494 1871 1692 1973 militaris
1735 1871 2007 2012 prudentiam

558 2023 840 2165 gloriamque
876 2017 1108 2138 bellicam,
1142 2016 1280 2118 veluti
1314 2017 1508 2158 legatum
1544 2015 1682 2117 totius
1718 2015 1921 2116 exercitus
1943 2007 2009 2111 fe-

560 2167 622 2267 cit
659 2207 709 2265 ea
745 2165 907 2264 scilicet
941 2163 1227 2274 auctoritate,
1266 2195 1315 2261 ut
1350 2160 1497 2302 siquid
1532 2160 1604 2262 ille
1640 2160 1855 2292 jussisset,
1887 2155 2010 2256 vellet

560 2311 683 2411 dicto
729 2309 790 2409 sic
831 2346 986 2408 omnes
1030 2306 1253 2406 audientes
1289 2344 1411 2424 esse,
1447 2305 1572 2447 quasi
1611 2302 1669 2404 ab
1711 2305 1810 2445 ipso
1853 2299 2009 2402 Carolo
2134 2399 2135 2412 Ν

559 2449 708 2556 firisset
742 2451 1035 2591 imperatum.
1078 2459 1231 2591 Usque
1266 2451 1379 2548 adeo
1416 2488 1510 2547 non
1545 2450 1594 2550 in
1630 2447 1796 2549 viribus
1830 2481 1908 2548 aut
1939 2481 2011 2542 ve·
2134 2455 2135 2464 '

561 2597 740 2696 locitate
754 2672 768 2714 ,
802 2595 873 2696 sed
908 2594 955 2694 in
980 2593 1177 2727 consilio
1214 2626 1257 2693 ct
1291 2593 1501 2693 industria
1536 2591 1708 2693 firmior
1744 2631 1839 2736 spes
1866 2625 1926 2688 est
1948 2624 2007 2686 res

564 2739 778 2839 maximas
819 2737 1029 2880 gerendi.
1082 2747 1184 2838 Erat
1228 2735 1347 2840 enim
1395 2736 1617 2840 Antonius
1663 2772 1758 2838 tam
1807 2733 1931 2836 tenui
1966 2769 2010 2829 ac

564 2881 683 2983 nulla
719 2881 865 3023 potius
899 2880 1181 3001 valetudine,
1218 2918 1267 2980 ut
1302 2877 1505 2982 manibus
1545 2917 1590 2980 et
1633 2875 1820 3020 pedibus
1860 2875 2013 2980 articu

563 3026 645 3128 lari
681 3026 842 3128 morbo
878 3025 1114 3127 contractis
1150 3024 1248 3127 sella
1282 3023 1472 3124 insidens
1507 3059 1769 3168 gestaremr.

636 3179 844 3271 XXVIII.
919 3171 994 3269 Ad
1030 3169 1150 3268 diem
1187 3204 1393 3270 octavum
1429 3167 1526 3267 Kal.
1567 3169 1785 3310 Augusti,
1820 3164 1897 3307 qui
1930 3163 2015 3266 dies

564 3307 696 3412 festus
743 3313 890 3455 agitur
941 3312 1064 3414 Divo
1115 3310 1332 3448 Jacobo,
1385 3310 1572 3413 Custodi
1630 3312 2015 3453 Hispanorumque

565 3457 788 3575 Praesidi,
822 3457 1007 3557 Carolus
1044 3456 1293 3597 equitatum
1334 3493 1587 3557 consecutus
1634 3455 1853 3558 Nicaeam
1896 3491 2020 3595 prat·

564 3600 865 3741 tergreditur,
897 3639 976 3703 nec
1009 3636 1109 3699 anre
1145 3598 1375 3718 consedit,
1415 3639 1550 3740 quam
1588 3599 1695 3702 fines
1730 3599 1899 3701 Galliae
1936 3609 2021 3700 Re·

566 3743 634 3884 gis
669 3744 1000 3886 ingrederetur,
1039 3780 1083 3843 et
1118 3757 1321 3846 Sanctum
1356 3745 1645 3852 Laurentium
1680 3743 1828 3846 vicum
1865 3781 2025 3884 perut-

566 3886 705 3988 niret.
745 3887 837 3988 Hic
874 3929 1034 4032 paucos
1070 3887 1160 3988 dies
1196 3924 1493 3990 commoratus
1528 3889 1731 4010 classem,
1768 3925 1882 4030 quae
1927 3925 2026 4028 pro·

565 4069 628 4174 pe
658 4031 709 4132 in
741 4031 938 4134 anchoris
974 4068 1100 4153 erar,
1137 4071 1241 4135 cum
1282 4073 1332 4133 oa
1373 4041 1699 4134 Germanorum
1746 4033 2030 4133 Italicorum-

565 4213 655 4316 quc
691 4216 865 4296 manu,
905 4219 1018 4318 quae
1054 4177 1309 4318 Antipolim
1343 4213 1552 4317 ceperat,
1589 4181 1645 4280 ad
1680 4190 1842 4279 Forum
1880 4175 2031 4315 Julii,

566 4322 697 4457 quod¹
728 4321 939 4462 praesidio
970 4318 1234 4442 tenebatur,
1257 4323 1607 4463 oppugnandum
1640 4319 1921 4464 praemittit.
1957 4317 2030 4420 Sed

566 4462 748 4601 appulsa
781 4464 908 4566 classe
943 4507 996 4566 ac
1028 4462 1247 4568 militibus
1270 4463 1485 4606 expositis
1520 4469 1720 4569 custodes
1756 4505 1850 4566 non
1879 4503 2030 4602 exspe-

565 4639 676 4706 ctata
713 4609 1050 4751 oppugnatione
1097 4609 1316 4750 oppidum
1360 4611 1666 4713 deseruerunt.
1711 4616 1844 4710 Tunc
1888 4607 2033 4705 Alva-

560 4785 634 4848 rus
670 4761 861 4856 Bazanus
898 4791 999 4856 cum
1037 4752 1197 4896 viginti
1234 4753 1437 4896 quinque
1478 4750 1723 4862 mironibus
1762 4788 1807 4854 et
1840 4746 2031 4850 nauticis

559 4891 777 4999 militibus
814 4899 968 5004 omnia
1003 4899 1172 5043 oppida
1222 4900 1433 5042 vicosque
1483 4897 1729 5004 maritimos
1782 4895 2033 5004 Massiliam

1951 5073 2026 5138 118⁶.
