4326 5986
575 479 820 566 ennom
863 477 918 566 v.
965 481 1081 562 urs.
1135 425 1249 563 xnr.
1520 485 1607 582 407

38 769 42 776 ¹
183 643 414 794 Argeliam
450 679 597 745 versus
636 642 903 786 navigaret,
934 642 1169 756 instruxita
1207 643 1400 748 necdum
1443 686 1498 750 eo
1546 687 1654 758 cum

182 791 368 902 navibus
404 783 603 932 profecto
639 788 686 888 in
722 788 930 892 Goletam
964 789 1031 891 illi
1067 830 1116 894 re
1159 786 1323 894 infecta
1358 833 1410 894 ac
1451 834 1507 896 ne
1550 829 1653 898 ten-

180 979 274 1044 tata
308 937 494 1081 quidem
528 967 829 1036 reverterunt.
881 942 1015 1037 Tunc
1050 975 1157 1040 vero
1194 939 1391 1040 Andreas
1432 937 1480 1039 in
1524 940 1655 1043 trire-

181 1124 274 1190 mes
327 1080 619 1227 quadraginta
658 1116 967 1185 veteranorum
1011 1082 1204 1186 militum
1247 1084 1439 1226 Hispani
1481 1085 1660 1228 generis

183 1227 323 1332 tribus
361 1227 556 1331 millibus
592 1226 840 1367 impositis,
873 1267 978 1328 cum
1014 1225 1081 1328 lris
1120 1229 1386 1373 Hipponem
1419 1225 1661 1372 profectus,

182 1374 428 1518 postridie,
448 1412 587 1516 quam
622 1370 894 1474 Charadinus
930 1371 1190 1476 discessisset
1202 1454 1218 1497 ‚
1239 1373 1478 1518 pervenit,
1509 1372 1657 1476 offen-

88 1602 91 1613 .
184 1520 343 1662 disque
388 1518 610 1660 oppidum
655 1516 914 1620 mortalium
960 1516 1127 1630 inanea¹
1170 1557 1274 1623 narn
1323 1558 1477 1622 omnes
1519 1519 1656 1661 oppi-

183 1664 291 1766 dani
325 1707 353 1767 a
386 1661 649 1768 Christianis
684 1698 931 1765 metuentes
966 1665 1139 1806 oppido
1174 1663 1328 1766 relicto
1370 1661 1660 1808 diffugerann

184 1847 320 1950 seque
355 1807 404 1908 in
423 1807 424 1810 Ὺ
445 1807 572 1910 silvas
618 1841 754 1947 atque
798 1843 972 1911 montes
1013 1807 1298 1913 abdiderant.
1342 1817 1499 1952 Itaque
1545 1847 1658 1910 non-

183 1953 315 2055 nullis
352 1950 456 2051 inde
491 1950 723 2052 tormentis
760 1984 804 2051 et
839 1949 1052 2072 cibariis,
1085 1992 1202 2093 quae
1236 1952 1435 2092 repetit,
1472 1950 1661 2072 ablatis,

184 2095 236 2199 in
271 2093 479 2200 Goletam
527 2095 619 2238 ipse
663 2133 929 2239 quoquere
972 2090 1133 2198 infecta
1181 2096 1443 2216 revertitur,
1488 2096 1659 2198 Catolo

184 2239 491 2345 ministromm
526 2239 841 2383 negligentiam
876 2238 1116 2384 periniquo
1151 2240 1308 2344 animo
1341 2233 1541 2342 ferente.

263 2397 394 2488 XXI.
473 2399 638 2488 Interea
680 2385 865 2488 Carolus
909 2423 1014 2488 cum
1065 2386 1207 2528 copiis
1249 2387 1297 2488 in
1355 2383 1565 2487 Goletarn
1611 2417 1656 2485 et

186 2523 338 2674 priora
373 2563 509 2632 castra
545 2568 736 2632 reversus
772 2541 1013 2633 Hazenum
1045 2532 1102 2632 ad
1138 2571 1209 2652 se,
1245 2566 1296 2632 ut
1331 2531 1386 2632 de
1429 2527 1659 2631 conditio*

186 2674 320 2778 nibus
361 2669 549 2776 foederis
593 2672 706 2775 inter
747 2672 866 2816 ipsos
907 2671 1100 2778 faciendi
1146 2676 1454 2819 transigeretur
1475 2751 1497 2796 ,.
1530 2672 1664 2776 acciri

188 2818 345 2954 jubete
380 2820 455 2920 cui
490 2820 548 2920 ad
593 2816 862 2962 imperatum
903 2819 1102 2922 venienti
1145 2857 1190 2920 ct
1232 2818 1380 2920 castris
1422 2817 1666 2961 appropin-

189 2962 347 3106 quanti
384 2963 569 3067 Carolus
606 3003 726 3106 equo
762 2963 953 3067 insidens
989 2962 1219 3105 paululum
1255 2963 1440 3066 obviarn
1472 2999 1663 3104 progres-

191 3147 264 3210 sus
299 3109 357 3209 ad
392 3108 524 3250 pedes
561 3109 821 3212 descendere
856 3107 1082 3213 volentem
1117 3105 1386 3251 prohibuit.
1433 3106 1507 3209 Ille
1543 3146 1666 3220 acce-,

188 3251 298 3354 dens
334 3289 460 3353 more
503 3291 604 3354 suae
651 3253 795 3396 gentis
842 3253 1061 3356 dexteram
1103 3291 1228 3354 suam
1269 3253 1540 3354 exosculatus
1582 3252 1662 3353 de·

191 3395 330 3498 misso
365 3395 508 3538 capite
544 3399 728 3538 supplex
762 3396 975 3500 Carolum
1011 3397 1248 3518 salutavit,
1291 3433 1336 3497 et
1371 3395 1554 3500 Carolus
1596 3393 1665 3495 vi-

192 3539 339 3643 cissim
373 3575 510 3682 caput
543 3541 737 3686 aperuit,
771 3539 1009 3686 ipsumque
1043 3543 1095 3645 in
1130 3542 1353 3646 sinistrum
1387 3541 1498 3642 latus
1544 3577 1665 3640 acce⁴

193 3685 295 3828 pit,
334 3685 475 3787 etsie
517 3725 596 3829 per
637 3685 923 3829 interpretem
964 3685 1266 3830 colloquendo
1301 3688 1352 3786 in
1395 3683 1667 3827 praetorium

195 3827 404 3932 deduxit.
442 3841 548 3974 Huc
577 3830 843 3974 ingressurus
869 3843 1077 3935 Hazenus
1134 3833 1232 3931 edes
1265 3827 1416 3931 calceis
1447 3869 1527 3930 suo
1560 3867 1667 3970 quo

196 4011 286 4112 que
321 4012 449 4078 more
483 3976 700 4098 nudavit,
733 4017 811 4079 nec
848 3977 995 4078 multis
1032 3872 1179 4078 verbis
1212 3974 1331 4076 ultro
1356 3973 1561 4116 citroque
1588 3969 1667 4072 ha·

196 4114 299 4219 bitis
334 4159 499 4264 magna
534 4121 776 4223 concordia
811 4122 871 4223 de
902 4115 1079 4224 foedere
1116 4156 1162 4223 et
1186 4117 1520 4222 conditionibus
1543 4151 1667 4228 tran-,-

199 4301 376 4407 segetes
422 4267 549 4408 quod
585 4265 632 4366 in
668 4264 781 4368 hanc
819 4267 1010 4369 maxime
1046 4265 1309 4370 sententiam
1347 4263 1671 4406 scriptumest.

283 4418 428 4510 XXII.
509 4487 542 4532 ‚‚
557 4420 744 4511 Hazeno
797 4411 915 4556 Regi
966 4421 1147 4554 ejusque
1198 4409 1515 4513 successoribus
1562 4444 1669 4509 cum

200 4627 232 4674 „
247 4553 443 4669 Catolo‚
480 4585 524 4654 et
561 4556 643 4698 qui
677 4591 779 4698 post
814 4556 990 4660 eumin
1025 4558 1244 4700 Hispania
1272 4553 1550 4700 regnabunt,
1572 4544 1670 4652 foe=

202 4766 233 4814 ‚‚
252 4700 331 4798 dus
367 4731 412 4799 et
446 4699 640 4802 amicitia
676 4701 742 4802 his
779 4698 949 4846 legibus
986 4735 1030 4804 et
1064 4699 1394 4805 conditionibus
1422 4735 1548 4800 esto..
1578 4707 1673 4796 Ca-

204 4913 236 4959 ‚,
249 4840 398 4982 ptivos
433 4881 587 4949 omnes
622 4842 896 4950 Christianos
932 4845 981 4950 in
1016 4846 1084 4950 sui
1117 4847 1265 4992 Regni
1295 4841 1455 4950 finibus
1488 4837 1673 4944 serviem

965 5009 968 5016 “
1474 5093 1478 5104 Δ
1562 5016 1671 5111 „tes
