4294 5972
597 463 835 552 cnuott
870 467 925 551 v.
969 469 1089 551 tut.
1137 475 1218 552 rx.
1506 477 1598 578 297

170 621 218 728 in
253 617 435 730 alteram
472 632 564 759 ejus
600 651 800 768 partem,
838 633 970 726 Anna
1010 626 1156 728 Gallus
1197 627 1244 730 in
1287 628 1466 732 alteram
1509 666 1631 736 tran-

168 771 359 891 scendit,
396 807 443 872 er
477 811 577 892 suos
613 809 798 914 uterque
834 771 952 910 cepit
987 805 1214 912 quaternas
1251 811 1463 897 evocare,
1501 773 1631 878 binos
1772 801 1775 808 ’

167 949 395 1036 vectores,
431 915 707 1058 remigesque
750 912 910 1033 binos,
947 949 999 1014 ut
1040 917 1199 1018 eodem
1243 952 1440 1061 tempore
1483 921 1597 1022 Galli
1610 997 1628 1040 ,

168 1097 257 1197 qua
303 1094 393 1159 etat
448 1067 627 1180 Anna,
680 1057 737 1158 ad
789 1058 1066 1199 Regulotum
1124 1059 1335 1196 cymbam
1396 1064 1629 1168 transirent

167 1201 387 1343 Hispani,
423 1241 513 1344 qua
547 1203 776 1320 Velascus,
812 1205 1021 1323 adeam,
1057 1242 1148 1345 qua
1188 1205 1375 1346 pecunia
1410 1205 1628 1347 importa-

167 1343 322 1454 batur3
367 1347 493 1488 quod
529 1384 623 1487 quo
666 1345 788 1447 fieret
830 1347 1138 1468 commodius,
1182 1388 1263 1450 nec
1312 1352 1628 1452 transcedentes

164 1485 279 1589 inter
332 1529 375 1588 se
417 1489 732 1613 incurrerent,
785 1489 1014 1631 utriusque
1062 1491 1249 1627 cymbae
1279 1485 1483 1596 ¹dimidia
1531 1537 1628 1638 pars

167 1667 259 1732 erat
295 1630 534 1734 hominum
569 1633 712 1734 inanis
748 1633 928 1750 relicta,
976 1673 1066 1775 qua
1108 1637 1216 1738 citra
1253 1638 1626 1778 impedimentum

168 1775 393 1877 venientes
428 1777 756 1918 exciperentur.
801 1778 876 1878 Ad
910 1775 1029 1879 hunc
1070 1780 1261 1880 modum
1302 1784 1627 1921 permutatione

165 1919 527 2022 commodissime
562 1917 716 2037 facta,
751 1919 912 2060 Reguli
944 1919 995 2019 in
1031 1922 1220 2024 Galliam
1268 1921 1488 2064 simulque
1535 1939 1626 2029 Re·

167 2062 273 2204 gina
309 2063 553 2179 Eleonora,
590 2102 703 2204 quae
738 2063 909 2202 etipsa
950 2063 1216 2165 comitatum
1252 2067 1463 2185 mutavit,
1500 2071 1627 2203 traji-

167 2205 319 2327 ciunt,
356 2243 399 2307 et
435 2245 538 2308 cum
573 2204 742 2350 ingenti
778 2205 983 2305 omnium
1009 2206 1301 2348 gratulatione
1327 2208 1624 2350 excipiuntur.

167 2349 477 2452 Comestabilis
527 2388 675 2452 autern
726 2349 1065 2491 Ludovicusque
1103 2347 1321 2452 Phandius
1357 2389 1459 2452 cum
1494 2393 1627 2495 pecu·-

171 2491 244 2592 nia
279 2494 581 2597 Fonterabiam
617 2530 913 2596 revertuntur.

240 2647 362 2740 XVI.
435 2648 603 2742 Interea
644 2636 905 2740 Philibertus
940 2637 1140 2740 'Uraniae
1191 2637 1431 2780 Princeps,
1483 2675 1533 2740 ut
1583 2637 1627 2742 ei

168 2781 356 2881 Carolus
390 2820 469 2923 per
503 2782 665 2882 litteras
700 2783 1019 2924 imperaverat,
1055 2773 1206 2924 copias
1248 2825 1300 2883 ex
1336 2784 1499 2924 Apulia
1530 2791 1625 2883 Flo-

169 2925 354 3026 rentiam
389 2927 680 3070 oppugnandi
714 2925 851 3068 gratia
883 2926 934 3026 in
969 2923 1213 3025 Thusciam
1248 2927 1455 3041 inducit,
1490 2935 1626 3028 Petu·

168 3066 368 3209 siamque
406 3109 684 3213 progressus,
719 3069 834 3170 hanc
868 3067 1023 3170 urbem
1058 3065 1378 3170 Ecclesiasticae
1414 3069 1627 3190 ditionis,

169 3251 306 3351 quam
342 3214 570 3318 Malatesta
604 3214 824 3316 Ballonius
857 3252 960 3314 cum
996 3213 1216 3356 praesidio
1252 3213 1446 3314 militum
1472 3249 1628 3315 contra

170 3363 451 3460 Clementem
496 3357 758 3460 Pontificem
800 3395 1123 3500 occupaverat,
1171 3396 1426 3500 oppugnare
1470 3395 1626 3499 patat3

170 3503 246 3601 sed
282 3501 477 3603 Perusini
512 3503 596 3602 suis
633 3500 761 3603 rebus
795 3537 1066 3623 metuentes,
1106 3502 1363 3602 Malatestae
1413 3501 1502 3602 civi
1543 3538 1624 3599 suo

171 3643 492 3747 denuntiarunt
538 3681 926 3788 monueruntque,
962 3683 1012 3748 ut
1070 3645 1238 3747 Patriae
1275 3681 1466 3786 parceret
1516 3641 1625 3743 sibi-

171 3825 259 3926 que
295 3792 567 3911 consuleret,
603 3815 706 3892 nam
742 3831 784 3891 se
811 3830 912 3891 suae
940 3789 1085 3892 salutis
1114 3830 1164 3890 ac
1195 3786 1396 3928 publicae
1422 3822 1625 3885 commo·

173 3929 323 4031 ditatis
358 3936 577 4037 rationem
613 3933 871 4042 habiturust
908 3971 1102 4074 quorum
1127 3931 1354 4034 voluntate
1388 3964 1626 4071 perspecta,

130 4153 133 4160 ,
172 4074 398 4178 Malatesta
434 4075 665 4178 discessum
714 4121 766 4180 ex
802 4076 911 4179 urbe
954 4116 1060 4176 cum
1095 4070 1347 4174 Philiberto
1383 4113 1432 4174 ea
1466 4072 1628 4173 condi-

171 4217 294 4317 tione
330 4221 591 4359 paciscitur,
642 4257 692 4322 ut
727 4220 812 4322 sibi
847 4219 1030 4321 liberum
1066 4217 1149 4338 sit,
1193 4255 1480 4360 quocumque
1523 4213 1629 4316 velit

174 4399 278 4462 cum
314 4363 400 4462 suis
436 4363 692 4466 cohortibus
730 4362 975 4506 proficisci.
1016 4356 1239 4466 Profectus
1265 4395 1436 4480 autem,
1471 4372 1629 4460 Cotto·

175 4543 280 4606 nam
317 4505 544 4648 primum,
580 4506 754 4608 deinde·
775 4505 856 4606 hac
897 4505 1114 4647 praesidio
1153 4503 1322 4606 firmata
1371 4503 1634 4605 Florentiam
1703 4515 1710 4530 '

178 4651 414 4787 pervenit,
452 4651 802 4773 aFlorentinis,
838 4685 889 4750 ut
938 4648 1025 4750 toti
1070 4645 1223 4752 officio
1266 4648 1467 4788 ipsorum
1517 4642 1635 4746 urbis

181 4794 362 4894 tuendae
405 4833 511 4898 cum
547 4833 719 4896 sununa
755 4825 970 4935 potestate
1007 4827 1245 4936 praeesset,
1282 4824 1512 4893 evocatus.

254 4935 365 5035 Tum.
387 4947 419 5038 l.
1142 4943 1208 5077 Pp
1498 4936 1641 5031 XVII.
