4294 5984
697 427 938 516 CAROLI
979 431 1032 516 V.
1073 429 1187 510 LIB·
1235 428 1293 514 V.
1599 415 1688 532 163

259 673 294 720 ‚,
309 595 595 698 inveteratam
639 586 783 730 gentis
826 623 989 689 vestrae
1039 581 1239 690 bellicam
1286 582 1459 690 laudem
1511 626 1633 689 novo
1682 627 1725 694 et

257 739 548 864 „clarissimo
591 733 829 874 erempl0,
870 772 1125 876 magnaque
1165 769 1209 836 et
1255 771 1470 878 perpetuo
1520 738 1722 838 duratura

254 960 289 1006 „
308 885 452 1028 gloria
487 877 798 997 cumulabitis,
836 889 961 1020 Rege
997 918 1101 979 cum
1139 915 1240 998 tot,
1277 880 1493 1040 tantisque
1530 882 1722 1044 proceri-

253 1104 291 1150 ‚,
305 1031 386 1132 bus
388 1105 411 1148 ,
437 1063 512 1127 aut
548 1060 718 1168 capto,
749 1057 824 1123 aut
859 1019 1112 1123 interfecto.
1138 1030 1260 1124 Nam
1296 1027 1351 1124 de
1388 1023 1572 1124 victoria
1607 1027 1722 1128 rnul-

252 1205 348 1294 „ta
383 1205 510 1291 sunt,
546 1208 659 1311 quae
695 1207 767 1268 me
804 1201 956 1267 vetant
990 1165 1224 1275 dubitare3
1259 1168 1489 1310 primum,
1526 1171 1720 1328 melior,

252 1313 545 1457 „justiorque
582 1309 720 1432 belli,
763 1311 890 1474 quod
933 1305 1243 1432 defendimus,
1288 1353 1444 1433 causa,
1488 1313 1559 1413 cui
1599 1327 1730 1414 Deus·

250 1457 525 1602 „superbiae
577 1493 622 1557 et
674 1455 934 1587 injuriarum
982 1456 1146 1558 vindex
1187 1460 1333 1560 adesse
1377 1459 1517 1566 solers
1559 1457 1720 1560 deinde

251 1680 288 1726 „
302 1640 471 1725 vestra,
507 1639 840 1742 ceterorumque
876 1598 1068 1702 militum
1106 1640 1360 1705 nostrorum
1404 1604 1568 1724 virtus,
1615 1644 1720 1710 cum

250 1789 391 1912 „qua
425 1788 518 1850 non
553 1782 617 1849 est
651 1746 878 1849 Gallorum
913 1783 994 1846 nec
1028 1742 1163 1849 robur
1197 1750 1359 1867 animi,
1395 1788 1477 1849 nec
1512 1785 1719 1850 constan-

246 1894 365 2014 .‚‚tia
395 1890 685 1998 conferendas
712 1927 843 2008 tum,
874 1891 1022 2050 quod
1026 1931 1182 1994 eorum
1217 1931 1457 2012 numerus,
1495 1933 1588 2056 quo
1627 1932 1720 1994 ma

250 2038 421 2159 „xime
462 2036 700 2153 valebant,
742 2035 908 2134 adeo
898 2032 1156 2134 imminutus
1200 2073 1291 2154 est,
1334 2073 1454 2175 parte
1490 2037 1719 2179 copiarum

251 2183 359 2302 „ad
391 2193 603 2324 Regnum
627 2177 976 2319 Neapolitanum
1005 2113 1304 2278 invadenduni
1335 2181 1541 2299 dimissa,
1577 2216 1628 2280 ut
1662 2221 1718 2282 ne

251 2321 389 2446 „hoc
417 2325 641 2465 quidem
627 2355 718 2486 Jam
748 2357 849 2464 post
880 2323 1125 2422 adventurn
1151 2324 1534 2424 Germanorum
1505 2361 1591 2422 sint
1620 2322 1720 2424 lon

255 2541 292 2590 „
307 2508 365 2608 ge
400 2468 528 2570 nobis
564 2467 835 2607 superiores
873 2466 1009 2608 Agite
1045 2503 1187 2607 ergo,
1225 2464 1310 2565 viti
1345 2461 1509 2584 fortes,
1548 2502 1592 2565 et
1630 2465 1719 2604 pri-

250 2610 437 2733 „stinae
472 2611 668 2729 virtutis,
703 2609 895 2750 fideique
924 2647 1140 2710 memores
1178 2645 1271 2709 non
1306 2615 1362 2710 de
1400 2609 1519 2712 tenui
1554 2607 1717 2750 stipen

252 2830 285 2876 „
302 2756 409 2875 dio,
451 2795 545 2897 quo
588 2794 722 2854 nemo
764 2791 828 2853 est
871 2793 1069 2894 unquam
1110 2753 1431 2888 locupletatus,
1475 2791 1555 2854 nec
1593 2791 1717 2893 quis-

253 2939 441 3040 „quam
485 2934 677 3000 vestrum
719 2894 1021 3016 fraudabitur,
1063 2933 1167 2997 cum
1203 2892 1383 2998 facultas
1419 2895 1544 3014 etit,
1581 2934 1717 3036 quam

254 3118 288 3163 „
305 3043 566 3184 propediem
609 3079 939 3182 exspectamus,
980 3041 1056 3140 sed
1092 3043 1147 3144 de
1182 3043 1390 3183 opulenta
1427 2973 1624 3182 praeda,
1674 3075 1718 3142 et

252 3227 465 3330 „magna
501 3186 643 3329 gloria
678 3188 954 3329 cogitantes,
981 3226 1060 3288 vos
1094 3185 1151 3286 ad
1185 3225 1304 3288 arma
1339 3221 1628 3329 comparate,
1666 3219 1719 3286 ut

252 3406 288 3452 „
302 3327 505 3433 officium
541 3370 734 3432 vestrum
770 3368 869 3433 tum
905 3331 1028 3432 sociis
1064 3368 1108 3433 et
1127 3333 1371 3496 cognatis,
1419 3331 1501 3495 qui
1536 3332 1592 3431 ad
1634 3339 1717 3432 Pa-

251 3475 419 3616 „piam
454 3471 615 3591 obsessi
649 3513 773 3616 spem
807 3517 908 3578 suae
944 3476 1137 3578 salutis
1124 3516 1173 3578 tn
1215 3514 1355 3578 vestra
1396 3476 1557 3578 virtute
1585 3473 1713 3574 acli-

252 3620 352 3741 „de
389 3653 662 3763 posuerunt,
708 3657 807 3724 tum
852 3620 1013 3722 Carolo
1060 3622 1178 3764 Regi
1229 3622 1578 3764 Imperatorique
1627 3657 1715 3717 no-

253 3799 422 3887 „stro
459 3763 547 3865 hoc
583 3805 663 3867 suo
678 3805 865 3930 magno
902 3802 1099 3928 tempore
1135 3769 1394 3909 praestetis,
1431 3806 1525 3904 quo
1563 3797 1736 3872 totumw

252 3916 391 4034 „ejus
432 3909 689 4012 Italicum
677 3913 917 4075 imperium
963 3911 1137 4074 agitur.
1189 3925 1359 4013 Frustra
1409 3906 1532 4008 enim
1574 3943 1714 4008 vestra

253 4123 285 4170 ‚,
303 4051 426 4151 natio
462 4087 559 4174 tot,
596 4094 647 4154 ac
681 4091 822 4158 tantas
858 4056 1089 4174 victorias,
1124 4091 1270 4154 nostra
1313 4087 1577 4196 partumque
1620 4091 1714 4150 me

252 4195 471 4315 „moria,
497 4198 553 4298 de
583 4198 719 4299 Gallis
756 4237 1039 4339 reportasset,
1064 4234 1158 4298 tota
1185 4191 1278 4298 fere
1304 4197 1451 4317 ltalia,
1485 4234 1623 4337 quarn
1653 4193 1717 4294 illi

252 4335 434 4457 „sibi
423 4349 579 4468 injuste
616 4382 667 4442 ac
703 4342 936 4444 insolenter
971 4340 1333 4463 vindicabant,
1320 4381 1370 4444 m
1410 4376 1599 4440 vestram
1635 4377 1717 4508 po

251 4535 285 4602 „
301 4515 503 4586 testatem
541 4486 745 4604 redacta,
781 4488 817 4586 si
858 4486 1038 4628 quod
1026 4488 1234 4630 imperii,
1279 4523 1323 4587 et
1363 4484 1530 4648 gloriae
1572 4491 1717 4616 majo-

259 4664 372 4746 ,‚res
409 4628 543 4727 vestri
579 4669 653 4729 sua
688 4633 890 4754 virtute,
927 4632 1223 4735 etmalorum
1264 4629 1495 4762 tolerantia
1538 4666 1719 4768 pepere

263 4838 295 4886 „
311 4805 412 4874 tunt
422 4849 438 4893 ,
473 4771 522 4873 id
557 4812 638 4884 vus
674 4775 946 4918 pertinacia,
981 4813 1025 4880 et
1067 4809 1344 4918 praepostera
1387 4770 1579 4916 quadarn
1615 4811 1722 4870 ava-

1226 4926 1323 5020 Xa
1614 4989 1644 5030 „
1660 4910 1722 5010 ri
