4294 5984
565 482 649 566 ῳ,
964 467 1047 548 os
1088 467 1296 548 ussus
1336 459 1563 544 Gusrrs

528 675 644 778 quae
681 626 803 732 ducit
837 626 1182 744 Mediolanum,
1218 622 1444 724 consistit.
1481 627 1716 720 Lautrecus
1757 617 1903 766 ‘copiis
1946 669 1999 730 o·
2127 609 2128 656 l

529 779 738 897 mnibus,
775 812 964 916 quarum
1008 771 1150 912 prima
1199 767 1479 908 maximaque
1528 761 1640 864 acies
1688 765 1999 878 Helvetiorum

532 961 653 1043 erat,
681 956 966 1062 progressus,
998 914 1220 1060 dispositis
1257 912 1521 1027 tormentis,
1547 947 1685 1010 castra
1713 911 1880 1014 eminus
1915 958 2000 1059 op-
2128 991 2129 994 κ

534 1103 729 1212 pugnare
772 1060 1054 1204 aggreditur.
1098 1058 1349 1162 Caesariani
1391 1057 1449 1156 ad
1489 1092 1612 1153 arma
1656 1056 1849 1158 celeriter
1890 1101 1996 1164 con-

533 1244 742 1328 curnmr,
783 1241 825 1306 et
868 1205 1096 1307 tormentis
1139 1203 1225 1343 ipsi
1271 1195 1412 1301 nihilo
1426 1196 1631 1339 segnius
1675 1238 1767 1302 rem
1808 1243 1993 1346 gerunt.

534 1361 668 1456 Tunc
706 1351 906 1452 Helvetii
942 1387 1022 1448 suo
1059 1385 1181 1448 more
1217 1345 1274 1444 ad
1311 1341 1486 1444 hostilia
1521 1376 1740 1448 tormenta
1776 1387 1996 1490 occupan.

537 1501 594 1599 da
631 1529 930 1601 concurrunts
964 1495 1039 1594 sed
1076 1495 1184 1594 dum
1213 1488 1269 1588 ad
1291 1480 1423 1588 fossas
1444 1483 1662 1607 haerent,
1688 1495 1898 1633 progredi
1923 1535 1995 1596 ne-

537 1679 787 1786 queuntes,
824 1633 1072 1778 frequentes
1108 1636 1271 1736 cadunt
1306 1629 1673 1735 Caesarianorum
1708 1635 1833 1757 telis,
1873 1676 1994 1778 prae·
2131 1715 2132 1740 1

537 1787 687 1891 sertim
730 1784 1035 1922 Hispanorum
1085 1777 1350 1920 scloppetis,
1404 1814 1497 1916 quo
1544 1815 1702 1918 genere
1746 1780 1823 1880 teli
1863 1782 1995 1882 nostri

539 1929 774 2046 homines,
810 1959 860 2024 ut
901 1923 1213 2040 scientissime,
1254 1920 1315 2020 sic
1356 1916 1541 2020 libenter
1583 1959 1746 2063 magna
1788 1965 1839 2024 ex
1879 1961 1994 2064 parte
2132 2009 2133 2012 .

537 2074 589 2174 in
625 2070 747 2172 bellis
781 2067 936 2167 Italicis
972 2063 1239 2182 utebantur,
1274 2099 1324 2163 ut
1359 2074 1481 2196 juxta
1515 2100 1649 2162 essent
1684 2063 1884 2168 hostibus
1918 2105 1995 2170 ter-

540 2216 631 2320 rori
665 2254 769 2316 cum
800 2212 968 2313 eminus
998 2209 1277 2327 dimicarent,
1308 2242 1352 2306 et
1388 2243 1492 2312 cum
1522 2244 1584 2316 res
1614 2206 1768 2348 gladiis
1803 2211 1996 2314 cominus

542 2395 794 2506 gereremrs
840 2355 999 2498 quibus
1042 2351 1197 2494 gladiis
1230 2350 1389 2460 caesim
1432 2349 1724 2492 punctimque
1764 2347 1997 2481 feriendo,

541 2507 694 2607 ceteris
727 2499 819 2604 fere
855 2494 1109 2606 nationibus
1138 2495 1394 2643 Hispanum
1428 2491 1616 2601 militem
1650 2535 1863 2646 praestare
1900 2539 1998 2604 con·
2134 2489 2135 2508 ‘

540 2686 651 2752 stat.

615 2803 746 2896 XLII.
820 2805 935 2896 Inter
970 2793 1077 2900 haec
1109 2801 1342 2902 Lautrecus
1378 2799 1433 2902 ad
1470 2831 1637 2943 partem
1670 2791 1865 2900 dextram
1901 2831 1998 2896 cum
2135 2848 2136 2860 κ

546 2939 743 3080 equitatu
791 2977 1072 3084 progressus,
1127 2944 1382 3047 turmalibus
1433 2943 1516 3044 suis
1566 2941 1757 3086 insignia
1808 2938 1998 3052 Gallica,

546 3079 632 3184 hoc
658 3120 721 3183 est
749 3083 865 3185 albas
901 3126 1079 3208 cruces,
1115 3086 1293 3211 rubris,
1330 3084 1492 3230 quibus
1529 3083 1878 3229 insigniebantur
1900 3096 1998 3186 Cae·
2136 3119 2137 3122 ‘

546 3227 735 3347 sariani,
772 3264 939 3329 mutare
982 3233 1222 3373 praecipit,
1263 3269 1314 3333 ut
1355 3231 1437 3332 hae
1478 3232 1648 3330 ratione
1688 3225 1911 3347 fallentes,
1953 3226 2000 3326 in

547 3406 684 3469 castra
732 3369 924 3472 hostium
970 3374 1236 3515 irreperents
1279 3376 1353 3476 sed
1395 3374 1504 3473 dolo
1551 3373 1741 3474 celeriter
1785 3371 1999 3516 cognito,

547 3519 729 3657 Prosper
764 3511 997 3617 herbarum
1034 3519 1267 3659 manipulis
1304 3557 1403 3619 suos
1439 3515 1642 3662 insigniri
1675 3514 1835 3652 jubets
1869 3549 1912 3615 et
1948 3513 2000 3614 sic

546 3697 777 3760 occursum
814 3656 960 3762 hostili
994 3657 1171 3782 fraudi,
1208 3700 1252 3764 et
1286 3672 1521 3765 Lautrecus
1562 3659 1643 3762 hae
1684 3699 1868 3804 quoque
1904 3693 2000 3800 par·-

546 3834 590 3899 te
626 3804 850 3942 repulsus,
886 3842 936 3905 ut
972 3805 1138 3907 sinistra
1172 3808 1317 3909 Fusius
1352 3803 1521 3927 frater,
1563 3805 1645 3947 qui
1685 3845 1789 3908 cum
1832 3841 2001 3904 trecen-

547 3942 603 4042 tis
638 3948 892 4088 equitibus,
929 3983 972 4048 et
1007 3951 1209 4090 peditum
1245 3991 1377 4053 manu
1411 3946 1730 4071 invehebatur,
1772 3987 1860 4091 qua
1904 3983 2002 4088 par·

544 4119 590 4185 te
625 4085 784 4190 Sfortia
819 4131 921 4191 curn
958 4093 1363 4197 Mediolanensibus
1397 4096 1673 4196 constiterat.
1710 4094 1776 4194 sic
1810 4091 2002 4232 undique

542 4229 657 4332 Galli
693 4271 858 4376 magno
904 4277 1009 4338 cum
1052 4239 1316 4342 detrimento
1358 4240 1505 4373 rejecti
1547 4239 1705 4379 pedem
1747 4235 2001 4348 retulerunt,

542 4374 616 4474 sed
653 4378 807 4477 ordine
844 4418 1049 4495 servato,
1086 4421 1129 4483 et
1165 4419 1385 4488 tormenta
1422 4380 1719 4499 retrahentes,
1762 4419 1843 4480 nec
1883 4377 2000 4474 inse-

544 4520 780 4658 quentibus
835 4526 1129 4626 Caesarianis.
1186 4529 1362 4630 Etenim
1409 4536 1593 4668 Prosper
1635 4525 1812 4667 plenam
1855 4519 2002 4622 victo*

538 4661 650 4762 riam
687 4665 898 4807 sanguine
934 4705 1113 4768 suorum
1150 4707 1353 4809 quaerere
1387 4668 1599 4791 nolebat,
1645 4709 1734 4808 qua
1778 4707 1823 4770 se
1867 4661 2001 4806 paulo

534 4841 637 4945 post
661 4809 973 4917 Helvetiorum
1001 4811 1220 4936 discessu,
1253 4849 1297 4918 et
1324 4815 1533 4920 exercitus
1564 4811 1885 4932 dissolutione,
1919 4847 2002 4970 po·

1943 4987 1999 5054 n-
