4294 5984
582 498 831 582 cattoit
881 499 935 580 v
978 499 1092 578 ιιιι.
1133 501 1192 579 ιι
1514 479 1569 596 69

151 697 239 800 que
280 652 410 758 binos
452 650 625 795 legatos
664 653 851 755 Avelam
899 652 1056 757 urbem
1101 655 1221 758 mitti
1263 653 1433 801 placet,
1477 698 1526 761 ut
1568 660 1616 764 hi

149 799 385 904 communi
422 797 607 900 consilio
643 833 800 898 cuncta
827 841 997 941 ,quae
1033 803 1090 901 ad
1125 839 1282 940 pacem
1323 843 1525 964 quaeque
1561 807 1616 906 ad

147 945 203 1048 be
206 946 314 1046 llum
339 941 552 1084 pertinere
580 941 839 1064 videantur,
876 944 1210 1046 administrent.
1246 947 1341 1060 Qui
1376 947 1511 1088 legati
1545 989 1617 1052 ce

149 1090 299 1190 leriter
336 1089 482 1204 missa,
518 1125 625 1187 cum
658 1081 925 1227 frequentet
945 1091 1000 1188 de
1035 1089 1265 1191 communi
1308 1084 1465 1190 officio
1504 1133 1616 1193 con-

148 1233 387 1350 venirent,
422 1229 560 1329 multa
596 1229 806 1371 variaque
841 1232 1067 1333 consilia
1056 1233 1167 1334 snite
1205 1269 1250 1332 et
1285 1234 1454 1334 decreta
1495 1228 1617 1336 face·-

142 1414 193 1476 re
229 1409 502 1515 coeperunt3
541 1413 593 1472 ex
630 1372 790 1512 quibus
832 1376 1035 1517 graviora
1078 1375 1271 1508 subjeci.
1316 1379 1513 1479 Prim'um
1560 1421 1616 1482 o-

147 1520 326 1621 mnium
363 1515 677 1688 postulandum
713 1556 800 1617 esse
835 1559 862 1617 a
896 1520 1094 1641 Carolo,
1125 1554 1176 1620 ut
1195 1520 1460 1661 Hispaniam
1496 1564 1615 1666 repe

147 1699 277 1783 tens,
313 1660 463 1762 exteris
501 1659 695 1792 rejectis,
732 1662 955 1804 Hispanae
990 1599 1222 1765 dumtaxat
1246 1666 1437 1769 nationis
1472 1670 1616 1771 consi

151 1808 283 1908 liatiis
319 1842 368 1906 et
397 1804 646 1906 domesticis
684 1801 910 1944 praefectis
947 1844 1165 1927 uteretur,
1202 1845 1245 1907 et
1281 1845 1380 1910 tum
1416 1808 1616 1934 borum,

147 1986 249 2054 tum
296 1952 569 2110 reliquorum
612 1947 911 2051 ministrorum
955 1991 1192 2052 numerum
1242 1988 1286 2052 et
1331 1953 1481 2055 salaria
1522 1958 1614 2057 mi-

149 2132 342 2217 nueret,
388 2091 729 2254 quotidianique
775 2094 918 2194 victus
962 2094 1176 2193 rationem
1226 2130 1523 2245 temperaret3
1568 2136 1613 2202 et

152 2236 263 2338 haec
307 2275 496 2354 omma,
540 2274 654 2375 quae
700 2235 990 2336 immoderate
1032 2273 1284 2357 creverant,
1324 2242 1380 2342 ad
1423 2279 1612 2344 avorum

151 2380 366 2480 Fernandi
410 2413 454 2479 et
494 2376 695 2481 Isabellae
743 2379 1023 2518 optimorum
1071 2379 1330 2519 Principum
1380 2417 1613 2484 consuetu·

147 2523 305 2623 dinem
342 2559 385 2621 et
423 2521 611 2620 modum
646 2559 897 2622 reuocaret.
934 2531 1155 2624 Praeterea
1189 2516 1385 2624 ferendas
1423 2564 1509 2624 esse
1545 2525 1614 2628 le-

147 2704 261 2808 ges,
304 2705 418 2808 quae
454 2677 631 2808 Regum
666 2665 887 2769 licentiam
923 2702 967 2766 et
1010 2702 1175 2767 sumtus
1220 2706 1313 2768 non
1356 2669 1613 2771 necessarios

148 2807 427 2917 cohibeant3
479 2809 893 2974 sentiendumque,
934 2846 983 2911 ut
1026 2847 1150 2911 more
1197 2810 1429 2912 Gallorum
1472 2813 1613 2916 aditus

152 2955 339 3054 externis
370 2953 425 3052 ad
456 2953 773 3096 regnandum
762 2994 809 3056 m
843 2954 1059 3094 Hispania
1085 2953 1414 3095 praecludatur3
1448 2988 1500 3054 ut
1534 2955 1612 3060 ab·

149 3096 264 3198 olito
306 3097 511 3198 triennali
546 3093 747 3218 tributo,
781 3097 1010 3219 alterum,
1055 3100 1180 3238 quod
1216 3101 1419 3200 Alcona
1455 3099 1613 3200 nomi-

148 3275 285 3358 nant,
312 3241 368 3340 ad
404 3279 648 3362 summam,
677 3282 790 3382 quae
826 3237 966 3344 fitetat
993 3175 1169 3343 isabella
1202 3276 1446 3386 regnante
1477 3282 1612 3344 tevo

148 3420 311 3491 cetutt
343 3423 402 3482 ne
435 3385 577 3486 Rex
567 3423 616 3484 ιιι
651 3385 958 3488 Consiliorum
999 3387 1325 3487 convocatione
1363 3386 1611 3529 quidquam
1740 3453 1742 3458 ·

150 3524 407 3629 civitatibus
444 3528 498 3630 de
534 3529 779 3651 mandatis,
816 3571 920 3631 cum
956 3525 1120 3673 quibus
1154 3531 1211 3631 ad
1246 3531 1503 3632 Concilium
1544 3531 1610 3628 le

150 3671 247 3813 gaci
270 3707 660 3812 procuratoresque
696 3671 960 3798 mittantur,
997 3671 1319 3839 praescribats
1308 3715 1420 3776 neve
1455 3711 1611 3834 quern

149 3855 322 3954 quarn,
359 3814 440 3956 qui
474 3815 718 3959 legatorum
754 3816 1187 3922 deliberationibus
1175 3819 1378 3936 mtersit,
1402 3811 1610 3916 Concilio

148 3955 401 4097 praeficiat,
438 3999 537 4100 quo
567 3961 729 4063 scilicet
763 3959 960 4084 liberius,
992 4002 1109 4123 quae
1142 3962 1201 4061 ad
1233 3957 1457 4098 publicam
1491 3996 1610 4059 com·

146 4098 419 4200 moditatem
449 4103 664 4240 pertinere
700 4104 794 4206 visa
827 4107 951 4226 sint,
974 4102 1321 4207 constituanntr:
1348 4141 1406 4204 ne
1434 4101 1507 4202 cui
1542 4100 1612 4200 le·-⁸

145 4277 398 4406 gemtum,
406 4243 612 4347 Concilio
635 4285 833 4386 peracto,
859 4290 886 4350 a
906 4262 1032 4386 Rege
1058 4244 1307 4387 quidquam
1330 4243 1522 4347 muneris
1547 4282 1612 4344 ac

147 4425 293 4528 erpere
327 4386 478 4488 liceat.
516 4399 738 4488 Praeterea
773 4428 877 4489 cum
911 4385 1087 4530 publica
1112 4389 1347 4551 Regiaque
1377 4387 1610 4531 vectigalia

147 4527 458 4693 largitionibus
476 4565 522 4630 et
547 4529 868 4634 donationibus
876 4544 1057 4675 Regum
1079 4571 1383 4673 superiorum,
1407 4569 1453 4633 et
1484 4568 1613 4672 prat

150 4674 301 4774 sertim
329 4673 464 4814 ipsius
487 4674 624 4774 etiam
647 4675 835 4798 Caroli,
856 4717 955 4779 non
979 4675 1130 4816 aequis
1155 4672 1485 4776 venditionibus
1514 4672 1615 4816 plu*

149 4815 323 4920 timum
352 4853 488 4918 essent
523 4816 791 4939 imminuta,
826 4820 951 4922 rebus
987 4817 1213 4918 contrariis
1248 4816 1522 4920 medendum
1555 4858 1612 4918 es·

148 4995 195 5060 se
237 4960 493 5104 publicae
472 4961 683 5106 utopiae,
716 4959 834 5065 his
818 4959 999 5100 lecturis
1029 4993 1316 5090 contractae,
1345 4957 1611 5066 censebant..

1520 5103 1608 5248 lgi-
