<?xml version="1.0" encoding="UTF-8"?>
<!DOCTYPE html PUBLIC "-//W3C//DTD XHTML 1.0 Transitional//EN"
    "http://www.w3.org/TR/xhtml1/DTD/xhtml1-transitional.dtd">
<html xmlns="http://www.w3.org/1999/xhtml" xml:lang="en" lang="en">
 <head>
  <title>
</title>
<meta http-equiv="Content-Type" content="text/html;charset=utf-8" />
  <meta name='ocr-system' content='tesseract 3.04.00' />
  <meta name='ocr-capabilities' content='ocr_page ocr_carea ocr_par ocr_line ocrx_word'/>
</head>
<body>
  <div class='ocr_page' id='page_1' title='image "./joannisgenesiis02sepgoog_0355.png"; bbox 0 0 4294 5984; ppageno 0'>
   <div class='ocr_carea' id='block_1_1' title="bbox 536 454 1542 542">
    <p class='ocr_par' dir='ltr' id='par_1_1' title="bbox 536 454 1542 542">
     <span class='ocr_line' id='line_1_1' title="bbox 536 454 1542 542; baseline -0.005 -5"><span class='ocrx_word' id='word_1_1' title='bbox 536 454 776 540; x_wconf 76' lang='lat' dir='ltr'>enituit</span> <span class='ocrx_word' id='word_1_2' title='bbox 818 458 873 540; x_wconf 80' lang='lat' dir='ltr'>V·</span> <span class='ocrx_word' id='word_1_3' title='bbox 921 459 1036 540; x_wconf 77' lang='lat' dir='ltr'>Liri.</span> <span class='ocrx_word' id='word_1_4' title='bbox 1070 461 1152 542; x_wconf 81' lang='lat' dir='ltr'>IV.</span> <span class='ocrx_word' id='word_1_5' title='bbox 1464 473 1542 533; x_wconf 85' lang='lat'>111</span> 
     </span>
    </p>
   </div>
   <div class='ocr_carea' id='block_1_2' title="bbox 74 611 1626 4514">
    <p class='ocr_par' dir='ltr' id='par_1_2' title="bbox 74 611 1626 4063">
     <span class='ocr_line' id='line_1_2' title="bbox 118 611 1593 766; baseline 0.003 -42"><span class='ocrx_word' id='word_1_6' title='bbox 118 655 161 728; x_wconf 86' lang='lat' dir='ltr'>et</span> <span class='ocrx_word' id='word_1_7' title='bbox 203 611 447 730; x_wconf 82' lang='lat' dir='ltr'>temeritate</span> <span class='ocrx_word' id='word_1_8' title='bbox 484 615 794 759; x_wconf 82' lang='lat' dir='ltr'>agitabantur,</span> <span class='ocrx_word' id='word_1_9' title='bbox 839 657 919 722; x_wconf 92' lang='lat' dir='ltr'>nee</span> <span class='ocrx_word' id='word_1_10' title='bbox 940 653 1141 736; x_wconf 87' lang='lat' dir='ltr'>tamen</span> <span class='ocrx_word' id='word_1_11' title='bbox 1157 660 1207 724; x_wconf 87' lang='lat' dir='ltr'>ea</span> <span class='ocrx_word' id='word_1_12' title='bbox 1250 655 1410 727; x_wconf 79' lang='lat' dir='ltr'>aestate</span> <span class='ocrx_word' id='word_1_13' title='bbox 1455 627 1593 766; x_wconf 90' lang='lat' dir='ltr'>quid-</span> 
     </span>
     <span class='ocr_line' id='line_1_3' title="bbox 122 739 1593 914; baseline 0.001 -46"><span class='ocrx_word' id='word_1_14' title='bbox 122 791 262 912; x_wconf 86' lang='lat' dir='ltr'>quam</span> <span class='ocrx_word' id='word_1_15' title='bbox 300 760 589 866; x_wconf 84' lang='lat' dir='ltr'>memorabile</span> <span class='ocrx_word' id='word_1_16' title='bbox 626 799 822 904; x_wconf 88' lang='lat' dir='ltr'>gestum,</span> <span class='ocrx_word' id='word_1_17' title='bbox 846 739 1047 866; x_wconf 88' lang='lat' dir='ltr'>nondum</span> <span class='ocrx_word' id='word_1_18' title='bbox 1085 767 1364 870; x_wconf 81' lang='lat' dir='ltr'>obsidionem</span> <span class='ocrx_word' id='word_1_19' title='bbox 1401 809 1593 914; x_wconf 87' lang='lat' dir='ltr'>magno-</span> 
     </span>
     <span class='ocr_line' id='line_1_4' title="bbox 118 907 1593 1073; baseline 0.004 -60"><span class='ocrx_word' id='word_1_20' title='bbox 118 953 225 1054; x_wconf 86' lang='lat' dir='ltr'>pere</span> <span class='ocrx_word' id='word_1_21' title='bbox 262 907 521 1055; x_wconf 89' lang='lat' dir='ltr'>urgentibus</span> <span class='ocrx_word' id='word_1_22' title='bbox 558 908 834 1011; x_wconf 88' lang='lat' dir='ltr'>adversariis</span> <span class='ocrx_word' id='word_1_23' title='bbox 875 921 1088 1072; x_wconf 87' lang='lat' dir='ltr'>Quorum</span> <span class='ocrx_word' id='word_1_24' title='bbox 1128 912 1347 1014; x_wconf 88' lang='lat' dir='ltr'>Antonius</span> <span class='ocrx_word' id='word_1_25' title='bbox 1388 917 1593 1073; x_wconf 88' lang='lat' dir='ltr'>Zugniga</span> 
     </span>
     <span class='ocr_line' id='line_1_5' title="bbox 116 1050 1595 1219; baseline 0.001 -60"><span class='ocrx_word' id='word_1_26' title='bbox 116 1098 223 1162; x_wconf 91' lang='lat' dir='ltr'>cum</span> <span class='ocrx_word' id='word_1_27' title='bbox 261 1057 464 1198; x_wconf 91' lang='lat' dir='ltr'>peditum</span> <span class='ocrx_word' id='word_1_28' title='bbox 499 1050 639 1155; x_wconf 89' lang='lat' dir='ltr'>tribus</span> <span class='ocrx_word' id='word_1_29' title='bbox 677 1052 869 1155; x_wconf 91' lang='lat' dir='ltr'>millibus</span> <span class='ocrx_word' id='word_1_30' title='bbox 905 1053 1160 1216; x_wconf 88' lang='lat' dir='ltr'>quingentis</span> <span class='ocrx_word' id='word_1_31' title='bbox 1187 1090 1230 1158; x_wconf 89' lang='lat' dir='ltr'>et</span> <span class='ocrx_word' id='word_1_32' title='bbox 1259 1055 1483 1219; x_wconf 87' lang='lat' dir='ltr'>equitibus</span> <span class='ocrx_word' id='word_1_33' title='bbox 1520 1063 1595 1162; x_wconf 93' lang='lat' dir='ltr'>du</span> 
     </span>
     <span class='ocr_line' id='line_1_6' title="bbox 114 1199 1596 1342; baseline 0.003 -42"><span class='ocrx_word' id='word_1_34' title='bbox 114 1202 255 1304; x_wconf 87' lang='lat' dir='ltr'>centis</span> <span class='ocrx_word' id='word_1_35' title='bbox 303 1202 359 1301; x_wconf 89' lang='lat' dir='ltr'>ad</span> <span class='ocrx_word' id='word_1_36' title='bbox 408 1212 569 1342; x_wconf 88' lang='lat' dir='ltr'>lepes,</span> <span class='ocrx_word' id='word_1_37' title='bbox 620 1203 815 1334; x_wconf 88' lang='lat' dir='ltr'>Joannes</span> <span class='ocrx_word' id='word_1_38' title='bbox 864 1199 1027 1302; x_wconf 87' lang='lat' dir='ltr'>Rivera</span> <span class='ocrx_word' id='word_1_39' title='bbox 1076 1239 1180 1300; x_wconf 93' lang='lat' dir='ltr'>cutn</span> <span class='ocrx_word' id='word_1_40' title='bbox 1234 1201 1407 1303; x_wconf 88' lang='lat' dir='ltr'>minore</span> <span class='ocrx_word' id='word_1_41' title='bbox 1459 1240 1596 1304; x_wconf 88' lang='lat' dir='ltr'>manu</span> 
     </span>
     <span class='ocr_line' id='line_1_7' title="bbox 115 1343 1626 1490; baseline 0.002 -46"><span class='ocrx_word' id='word_1_42' title='bbox 115 1349 173 1447; x_wconf 87' lang='lat' dir='ltr'>ad</span> <span class='ocrx_word' id='word_1_43' title='bbox 208 1345 371 1449; x_wconf 90' lang='lat' dir='ltr'>Illescas</span> <span class='ocrx_word' id='word_1_44' title='bbox 402 1343 560 1446; x_wconf 90' lang='lat' dir='ltr'>diversi</span> <span class='ocrx_word' id='word_1_45' title='bbox 589 1343 902 1463; x_wconf 85' lang='lat' dir='ltr'>consederant,</span> <span class='ocrx_word' id='word_1_46' title='bbox 935 1378 978 1446; x_wconf 92' lang='lat' dir='ltr'>ct</span> <span class='ocrx_word' id='word_1_47' title='bbox 1010 1343 1217 1488; x_wconf 90' lang='lat' dir='ltr'>utrinque</span> <span class='ocrx_word' id='word_1_48' title='bbox 1244 1346 1292 1447; x_wconf 94' lang='lat' dir='ltr'>in</span> <span class='ocrx_word' id='word_1_49' title='bbox 1324 1384 1478 1490; x_wconf 82' lang='lat' dir='ltr'>agrtun</span> <span class='ocrx_word' id='word_1_50' title='bbox 1505 1353 1594 1447; x_wconf 90' lang='lat' dir='ltr'>To</span> <span class='ocrx_word' id='word_1_51' title='bbox 1623 1369 1626 1376; x_wconf 85' lang='grc'><strong>’</strong></span> 
     </span>
     <span class='ocr_line' id='line_1_8' title="bbox 74 1481 1593 1624; baseline 0.003 -36"><span class='ocrx_word' id='word_1_52' title='bbox 74 1494 77 1506; x_wconf 79' lang='lat'>&#39;</span> <span class='ocrx_word' id='word_1_53' title='bbox 116 1488 367 1591; x_wconf 88' lang='lat' dir='ltr'>letanum</span> <span class='ocrx_word' id='word_1_54' title='bbox 354 1488 619 1588; x_wconf 81' lang='lat' dir='ltr'>incursiones</span> <span class='ocrx_word' id='word_1_55' title='bbox 663 1481 882 1589; x_wconf 84' lang='lat' dir='ltr'>faciebant</span> <span class='ocrx_word' id='word_1_56' title='bbox 924 1524 969 1588; x_wconf 90' lang='lat' dir='ltr'>et</span> <span class='ocrx_word' id='word_1_57' title='bbox 1014 1488 1290 1593; x_wconf 88' lang='lat' dir='ltr'>obsidionem</span> <span class='ocrx_word' id='word_1_58' title='bbox 1333 1530 1470 1624; x_wconf 87' lang='lat' dir='ltr'>acrius</span> <span class='ocrx_word' id='word_1_59' title='bbox 1514 1533 1593 1592; x_wconf 89' lang='lat' dir='ltr'>ur-</span> 
     </span>
     <span class='ocr_line' id='line_1_9' title="bbox 119 1629 1594 1778; baseline 0.002 -46"><span class='ocrx_word' id='word_1_60' title='bbox 119 1631 317 1774; x_wconf 88' lang='lat' dir='ltr'>gebant,</span> <span class='ocrx_word' id='word_1_61' title='bbox 354 1632 606 1773; x_wconf 87' lang='lat' dir='ltr'>praesertim</span> <span class='ocrx_word' id='word_1_62' title='bbox 642 1629 802 1766; x_wconf 88' lang='lat' dir='ltr'>hyeme</span> <span class='ocrx_word' id='word_1_63' title='bbox 836 1668 1099 1775; x_wconf 79' lang='lat' dir='ltr'>appetente3</span> <span class='ocrx_word' id='word_1_64' title='bbox 1136 1677 1230 1778; x_wconf 94' lang='lat' dir='ltr'>quo</span> <span class='ocrx_word' id='word_1_65' title='bbox 1267 1673 1466 1777; x_wconf 88' lang='lat' dir='ltr'>tempore</span> <span class='ocrx_word' id='word_1_66' title='bbox 1501 1641 1594 1735; x_wconf 93' lang='lat' dir='ltr'>To·</span> 
     </span>
     <span class='ocr_line' id='line_1_10' title="bbox 121 1772 1591 1939; baseline 0.004 -67"><span class='ocrx_word' id='word_1_67' title='bbox 121 1776 285 1896; x_wconf 89' lang='lat' dir='ltr'>letani,</span> <span class='ocrx_word' id='word_1_68' title='bbox 314 1816 417 1879; x_wconf 94' lang='lat' dir='ltr'>cum</span> <span class='ocrx_word' id='word_1_69' title='bbox 451 1815 501 1878; x_wconf 89' lang='lat' dir='ltr'>re</span> <span class='ocrx_word' id='word_1_70' title='bbox 530 1772 812 1878; x_wconf 86' lang='lat' dir='ltr'>frumentaria</span> <span class='ocrx_word' id='word_1_71' title='bbox 854 1814 1095 1939; x_wconf 85' lang='lat' dir='ltr'>ceteroque</span> <span class='ocrx_word' id='word_1_72' title='bbox 1133 1814 1389 1884; x_wconf 86' lang='lat' dir='ltr'>commeatu</span> <span class='ocrx_word' id='word_1_73' title='bbox 1425 1818 1591 1921; x_wconf 87' lang='lat' dir='ltr'>preme</span> 
     </span>
     <span class='ocr_line' id='line_1_11' title="bbox 122 1917 1593 2086; baseline 0.004 -69"><span class='ocrx_word' id='word_1_74' title='bbox 122 1955 302 2041; x_wconf 89' lang='lat' dir='ltr'>rentur,</span> <span class='ocrx_word' id='word_1_75' title='bbox 337 1917 505 2022; x_wconf 90' lang='lat' dir='ltr'>cibaria</span> <span class='ocrx_word' id='word_1_76' title='bbox 539 1959 645 2022; x_wconf 91' lang='lat' dir='ltr'>curn</span> <span class='ocrx_word' id='word_1_77' title='bbox 680 1931 849 2050; x_wconf 85' lang='lat' dir='ltr'>majore</span> <span class='ocrx_word' id='word_1_78' title='bbox 887 1962 967 2022; x_wconf 93' lang='lat' dir='ltr'>suo</span> <span class='ocrx_word' id='word_1_79' title='bbox 1005 1918 1201 2086; x_wconf 82' lang='lat' dir='ltr'>periculo</span> <span class='ocrx_word' id='word_1_80' title='bbox 1239 1963 1290 2024; x_wconf 86' lang='lat' dir='ltr'>ex</span> <span class='ocrx_word' id='word_1_81' title='bbox 1327 1924 1593 2064; x_wconf 84' lang='lat' dir='ltr'>propinquis</span> 
     </span>
     <span class='ocr_line' id='line_1_12' title="bbox 123 2061 1588 2224; baseline 0.003 -61"><span class='ocrx_word' id='word_1_82' title='bbox 123 2062 227 2164; x_wconf 87' lang='lat' dir='ltr'>vicis</span> <span class='ocrx_word' id='word_1_83' title='bbox 266 2101 410 2206; x_wconf 88' lang='lat' dir='ltr'>petere</span> <span class='ocrx_word' id='word_1_84' title='bbox 446 2061 748 2224; x_wconf 85' lang='lat' dir='ltr'>cogebantur.</span> <span class='ocrx_word' id='word_1_85' title='bbox 786 2071 926 2191; x_wconf 91' lang='lat' dir='ltr'>Cujus</span> <span class='ocrx_word' id='word_1_86' title='bbox 963 2066 1024 2164; x_wconf 90' lang='lat' dir='ltr'>rei</span> <span class='ocrx_word' id='word_1_87' title='bbox 1065 2069 1237 2204; x_wconf 88' lang='lat' dir='ltr'>gratia,</span> <span class='ocrx_word' id='word_1_88' title='bbox 1285 2107 1386 2168; x_wconf 93' lang='lat' dir='ltr'>cum</span> <span class='ocrx_word' id='word_1_89' title='bbox 1429 2067 1588 2209; x_wconf 87' lang='lat' dir='ltr'>egressi</span> 
     </span>
     <span class='ocr_line' id='line_1_13' title="bbox 122 2205 1589 2350; baseline 0.001 -44"><span class='ocrx_word' id='word_1_90' title='bbox 122 2246 310 2308; x_wconf 88' lang='lat' dir='ltr'>numero</span> <span class='ocrx_word' id='word_1_91' title='bbox 347 2205 538 2308; x_wconf 90' lang='lat' dir='ltr'>mille</span> <span class='ocrx_word' id='word_1_92' title='bbox 498 2207 673 2306; x_wconf 83' lang='lat' dir='ltr'>circiter</span> <span class='ocrx_word' id='word_1_93' title='bbox 709 2207 889 2306; x_wconf 90' lang='lat' dir='ltr'>ducenti</span> <span class='ocrx_word' id='word_1_94' title='bbox 926 2243 1002 2344; x_wconf 89' lang='lat' dir='ltr'>per</span> <span class='ocrx_word' id='word_1_95' title='bbox 1040 2207 1160 2307; x_wconf 89' lang='lat' dir='ltr'>viam</span> <span class='ocrx_word' id='word_1_96' title='bbox 1198 2247 1364 2309; x_wconf 89' lang='lat' dir='ltr'>sacrani</span> <span class='ocrx_word' id='word_1_97' title='bbox 1400 2249 1589 2350; x_wconf 89' lang='lat' dir='ltr'>progre-</span> 
     </span>
     <span class='ocr_line' id='line_1_14' title="bbox 124 2348 1592 2510; baseline 0.001 -62"><span class='ocrx_word' id='word_1_98' title='bbox 124 2350 365 2470; x_wconf 82' lang='lat' dir='ltr'>detentui,</span> <span class='ocrx_word' id='word_1_99' title='bbox 414 2357 635 2486; x_wconf 86' lang='lat' dir='ltr'>Joannes</span> <span class='ocrx_word' id='word_1_100' title='bbox 657 2348 817 2450; x_wconf 89' lang='lat' dir='ltr'>Rivera</span> <span class='ocrx_word' id='word_1_101' title='bbox 867 2387 970 2448; x_wconf 92' lang='lat' dir='ltr'>curn</span> <span class='ocrx_word' id='word_1_102' title='bbox 1010 2348 1243 2510; x_wconf 87' lang='lat' dir='ltr'>equitibus</span> <span class='ocrx_word' id='word_1_103' title='bbox 1291 2386 1468 2450; x_wconf 88' lang='lat' dir='ltr'>centurn</span> <span class='ocrx_word' id='word_1_104' title='bbox 1516 2390 1592 2449; x_wconf 85' lang='lat' dir='ltr'>vi</span> 
     </span>
     <span class='ocr_line' id='line_1_15' title="bbox 125 2491 1594 2653; baseline -0.001 -60"><span class='ocrx_word' id='word_1_105' title='bbox 125 2493 262 2653; x_wconf 87' lang='lat' dir='ltr'>giuti,</span> <span class='ocrx_word' id='word_1_106' title='bbox 300 2531 495 2632; x_wconf 91' lang='lat' dir='ltr'>quorum</span> <span class='ocrx_word' id='word_1_107' title='bbox 532 2491 650 2592; x_wconf 86' lang='lat' dir='ltr'>bona</span> <span class='ocrx_word' id='word_1_108' title='bbox 687 2528 784 2629; x_wconf 86' lang='lat' dir='ltr'>pars</span> <span class='ocrx_word' id='word_1_109' title='bbox 821 2525 942 2591; x_wconf 89' lang='lat' dir='ltr'>erant</span> <span class='ocrx_word' id='word_1_110' title='bbox 978 2493 1062 2593; x_wconf 83' lang='lat' dir='ltr'>viti</span> <span class='ocrx_word' id='word_1_111' title='bbox 1099 2491 1292 2610; x_wconf 90' lang='lat' dir='ltr'>nobiles,</span> <span class='ocrx_word' id='word_1_112' title='bbox 1330 2530 1375 2594; x_wconf 88' lang='lat' dir='ltr'>et</span> <span class='ocrx_word' id='word_1_113' title='bbox 1410 2493 1594 2632; x_wconf 85' lang='lat' dir='ltr'>expedi·</span> 
     </span>
     <span class='ocr_line' id='line_1_16' title="bbox 125 2633 1593 2776; baseline 0 -42"><span class='ocrx_word' id='word_1_114' title='bbox 125 2637 176 2734; x_wconf 93' lang='lat' dir='ltr'>tis</span> <span class='ocrx_word' id='word_1_115' title='bbox 204 2635 470 2776; x_wconf 84' lang='lat' dir='ltr'>sagittariis,</span> <span class='ocrx_word' id='word_1_116' title='bbox 500 2634 885 2774; x_wconf 85' lang='lat' dir='ltr'>scloppetariisque</span> <span class='ocrx_word' id='word_1_117' title='bbox 910 2634 1105 2734; x_wconf 89' lang='lat' dir='ltr'>ducentis</span> <span class='ocrx_word' id='word_1_118' title='bbox 1135 2635 1346 2736; x_wconf 89' lang='lat' dir='ltr'>veteranis</span> <span class='ocrx_word' id='word_1_119' title='bbox 1375 2633 1593 2736; x_wconf 81' lang='lat' dir='ltr'>militibus</span> 
     </span>
     <span class='ocr_line' id='line_1_17' title="bbox 127 2777 1596 2941; baseline 0.001 -65"><span class='ocrx_word' id='word_1_120' title='bbox 127 2817 176 2876; x_wconf 92' lang='lat' dir='ltr'>ex</span> <span class='ocrx_word' id='word_1_121' title='bbox 210 2780 422 2898; x_wconf 87' lang='lat' dir='ltr'>Baetica,</span> <span class='ocrx_word' id='word_1_122' title='bbox 459 2786 720 2917; x_wconf 86' lang='lat' dir='ltr'>Lucenaque</span> <span class='ocrx_word' id='word_1_123' title='bbox 757 2777 958 2918; x_wconf 90' lang='lat' dir='ltr'>oppido,</span> <span class='ocrx_word' id='word_1_124' title='bbox 996 2777 1300 2941; x_wconf 83' lang='lat' dir='ltr'>potissimum</span> <span class='ocrx_word' id='word_1_125' title='bbox 1314 2822 1366 2880; x_wconf 87' lang='lat' dir='ltr'>ex</span> <span class='ocrx_word' id='word_1_126' title='bbox 1411 2779 1466 2878; x_wconf 94' lang='lat' dir='ltr'>iis</span> <span class='ocrx_word' id='word_1_127' title='bbox 1514 2778 1596 2919; x_wconf 90' lang='lat' dir='ltr'>qui</span> 
     </span>
     <span class='ocr_line' id='line_1_18' title="bbox 127 2917 1596 3062; baseline 0.001 -43"><span class='ocrx_word' id='word_1_128' title='bbox 127 2919 203 3020; x_wconf 90' lang='lat' dir='ltr'>sub</span> <span class='ocrx_word' id='word_1_129' title='bbox 252 2921 471 3022; x_wconf 91' lang='lat' dir='ltr'>Ludovici</span> <span class='ocrx_word' id='word_1_130' title='bbox 512 2919 783 3022; x_wconf 88' lang='lat' dir='ltr'>Camarensis</span> <span class='ocrx_word' id='word_1_131' title='bbox 825 2917 1157 3021; x_wconf 86' lang='lat' dir='ltr'>Marchionis</span> <span class='ocrx_word' id='word_1_132' title='bbox 1145 2923 1336 3062; x_wconf 90' lang='lat' dir='ltr'>irnperio</span> <span class='ocrx_word' id='word_1_133' title='bbox 1381 2923 1437 3020; x_wconf 89' lang='lat' dir='ltr'>ad</span> <span class='ocrx_word' id='word_1_134' title='bbox 1479 2933 1596 3024; x_wconf 90' lang='lat' dir='ltr'>Ota-</span> 
     </span>
     <span class='ocr_line' id='line_1_19' title="bbox 126 3062 1595 3203; baseline 0.001 -40"><span class='ocrx_word' id='word_1_135' title='bbox 126 3103 231 3164; x_wconf 90' lang='lat' dir='ltr'>num</span> <span class='ocrx_word' id='word_1_136' title='bbox 273 3066 603 3184; x_wconf 89' lang='lat' dir='ltr'>militaverant,</span> <span class='ocrx_word' id='word_1_137' title='bbox 632 3062 683 3166; x_wconf 91' lang='lat' dir='ltr'>fit</span> <span class='ocrx_word' id='word_1_138' title='bbox 718 3063 996 3164; x_wconf 87' lang='lat' dir='ltr'>venientibus</span> <span class='ocrx_word' id='word_1_139' title='bbox 1031 3062 1215 3164; x_wconf 89' lang='lat' dir='ltr'>obviam</span> <span class='ocrx_word' id='word_1_140' title='bbox 1239 3065 1295 3164; x_wconf 89' lang='lat' dir='ltr'>ad</span> <span class='ocrx_word' id='word_1_141' title='bbox 1324 3062 1476 3182; x_wconf 83' lang='lat' dir='ltr'>Ollas,</span> <span class='ocrx_word' id='word_1_142' title='bbox 1514 3065 1595 3203; x_wconf 92' lang='lat' dir='ltr'>qui</span> 
     </span>
     <span class='ocr_line' id='line_1_20' title="bbox 127 3207 1595 3345; baseline 0.001 -39"><span class='ocrx_word' id='word_1_143' title='bbox 127 3207 251 3310; x_wconf 87' lang='lat' dir='ltr'>vicus</span> <span class='ocrx_word' id='word_1_144' title='bbox 288 3208 406 3311; x_wconf 87' lang='lat' dir='ltr'>abest</span> <span class='ocrx_word' id='word_1_145' title='bbox 440 3251 464 3310; x_wconf 89' lang='lat' dir='ltr'>a</span> <span class='ocrx_word' id='word_1_146' title='bbox 498 3207 663 3307; x_wconf 91' lang='lat' dir='ltr'>Toleto</span> <span class='ocrx_word' id='word_1_147' title='bbox 705 3244 811 3309; x_wconf 90' lang='lat' dir='ltr'>octo</span> <span class='ocrx_word' id='word_1_148' title='bbox 857 3207 998 3308; x_wconf 87' lang='lat' dir='ltr'>millia</span> <span class='ocrx_word' id='word_1_149' title='bbox 1045 3246 1276 3345; x_wconf 88' lang='lat' dir='ltr'>passuum.</span> <span class='ocrx_word' id='word_1_150' title='bbox 1322 3215 1447 3308; x_wconf 89' lang='lat' dir='ltr'>Nam</span> <span class='ocrx_word' id='word_1_151' title='bbox 1490 3246 1595 3308; x_wconf 89' lang='lat' dir='ltr'>curn</span> 
     </span>
     <span class='ocr_line' id='line_1_21' title="bbox 127 3349 1590 3514; baseline -0.002 -61"><span class='ocrx_word' id='word_1_152' title='bbox 127 3353 271 3492; x_wconf 86' lang='lat' dir='ltr'>pridie</span> <span class='ocrx_word' id='word_1_153' title='bbox 314 3390 401 3514; x_wconf 83' lang='lat' dir='ltr'>per</span> <span class='ocrx_word' id='word_1_154' title='bbox 446 3350 735 3492; x_wconf 84' lang='lat' dir='ltr'>exploratores</span> <span class='ocrx_word' id='word_1_155' title='bbox 786 3353 842 3452; x_wconf 91' lang='lat' dir='ltr'>de</span> <span class='ocrx_word' id='word_1_156' title='bbox 890 3349 978 3452; x_wconf 91' lang='lat' dir='ltr'>hoc</span> <span class='ocrx_word' id='word_1_157' title='bbox 1026 3351 1344 3452; x_wconf 87' lang='lat' dir='ltr'>Toletanorum</span> <span class='ocrx_word' id='word_1_158' title='bbox 1397 3349 1590 3450; x_wconf 89' lang='lat' dir='ltr'>consilio</span> 
     </span>
     <span class='ocr_line' id='line_1_22' title="bbox 127 3492 1598 3661; baseline 0 -69"><span class='ocrx_word' id='word_1_159' title='bbox 127 3495 445 3661; x_wconf 79' lang='lat' dir='ltr'>comperisset,</span> <span class='ocrx_word' id='word_1_160' title='bbox 480 3494 647 3636; x_wconf 88' lang='lat' dir='ltr'>reliqua</span> <span class='ocrx_word' id='word_1_161' title='bbox 684 3535 850 3616; x_wconf 88' lang='lat' dir='ltr'>manu,</span> <span class='ocrx_word' id='word_1_162' title='bbox 888 3535 1001 3636; x_wconf 90' lang='lat' dir='ltr'>quae</span> <span class='ocrx_word' id='word_1_163' title='bbox 1037 3496 1239 3635; x_wconf 90' lang='lat' dir='ltr'>peditum</span> <span class='ocrx_word' id='word_1_164' title='bbox 1277 3530 1368 3595; x_wconf 89' lang='lat' dir='ltr'>erat</span> <span class='ocrx_word' id='word_1_165' title='bbox 1404 3495 1461 3593; x_wconf 91' lang='lat' dir='ltr'>ad</span> <span class='ocrx_word' id='word_1_166' title='bbox 1496 3492 1598 3594; x_wconf 91' lang='lat' dir='ltr'>mil</span> 
     </span>
     <span class='ocr_line' id='line_1_23' title="bbox 130 3635 1596 3802; baseline -0.003 -66"><span class='ocrx_word' id='word_1_167' title='bbox 130 3638 167 3736; x_wconf 92' lang='lat' dir='ltr'>le</span> <span class='ocrx_word' id='word_1_168' title='bbox 145 3643 588 3802; x_wconf 81' lang='lat' dir='ltr'>equingentorum,</span> <span class='ocrx_word' id='word_1_169' title='bbox 624 3635 875 3779; x_wconf 90' lang='lat' dir='ltr'>subsequi</span> <span class='ocrx_word' id='word_1_170' title='bbox 862 3679 1002 3771; x_wconf 70' lang='lat' dir='ltr'>jussa,</span> <span class='ocrx_word' id='word_1_171' title='bbox 1038 3679 1141 3741; x_wconf 91' lang='lat' dir='ltr'>cum</span> <span class='ocrx_word' id='word_1_172' title='bbox 1169 3674 1380 3780; x_wconf 89' lang='lat' dir='ltr'>equitatu</span> <span class='ocrx_word' id='word_1_173' title='bbox 1416 3671 1459 3736; x_wconf 89' lang='lat' dir='ltr'>et</span> <span class='ocrx_word' id='word_1_174' title='bbox 1494 3673 1596 3776; x_wconf 87' lang='lat' dir='ltr'>pau-</span> 
     </span>
     <span class='ocr_line' id='line_1_24' title="bbox 132 3781 1597 3993; baseline -0.002 -114"><span class='ocrx_word' id='word_1_175' title='bbox 132 3783 218 3903; x_wconf 90' lang='lat' dir='ltr'>cis,</span> <span class='ocrx_word' id='word_1_176' title='bbox 256 3825 370 3928; x_wconf 92' lang='lat' dir='ltr'>quos</span> <span class='ocrx_word' id='word_1_177' title='bbox 406 3783 638 3946; x_wconf 86' lang='lat' dir='ltr'>diximus,</span> <span class='ocrx_word' id='word_1_178' title='bbox 660 3781 905 3993; x_wconf 88' lang='lat' dir='ltr'>militibus,</span> <span class='ocrx_word' id='word_1_179' title='bbox 940 3819 1071 3886; x_wconf 91' lang='lat' dir='ltr'>nocte</span> <span class='ocrx_word' id='word_1_180' title='bbox 1107 3818 1374 3924; x_wconf 89' lang='lat' dir='ltr'>processerat</span> <span class='ocrx_word' id='word_1_181' title='bbox 1417 3816 1462 3878; x_wconf 88' lang='lat' dir='ltr'>et</span> <span class='ocrx_word' id='word_1_182' title='bbox 1507 3816 1597 3919; x_wconf 92' lang='lat' dir='ltr'>op</span> 
     </span>
     <span class='ocr_line' id='line_1_25' title="bbox 131 3927 777 4063; baseline 0.01 -39"><span class='ocrx_word' id='word_1_183' title='bbox 131 3963 324 4063; x_wconf 90' lang='lat' dir='ltr'>portuno</span> <span class='ocrx_word' id='word_1_184' title='bbox 361 3929 462 4030; x_wconf 91' lang='lat' dir='ltr'>loco</span> <span class='ocrx_word' id='word_1_185' title='bbox 500 3927 777 4030; x_wconf 82' lang='lat' dir='ltr'>constiterat</span> 
     </span>
    </p>

    <p class='ocr_par' dir='ltr' id='par_1_3' title="bbox 133 4065 1597 4502">
     <span class='ocr_line' id='line_1_26' title="bbox 210 4065 1597 4230; baseline -0.004 -59.983"><span class='ocrx_word' id='word_1_186' title='bbox 210 4078 320 4173; x_wconf 93' lang='lat' dir='ltr'>XV.</span> <span class='ocrx_word' id='word_1_187' title='bbox 411 4074 492 4176; x_wconf 90' lang='lat' dir='ltr'>His</span> <span class='ocrx_word' id='word_1_188' title='bbox 534 4075 808 4215; x_wconf 83' lang='lat' dir='ltr'>conspectis,</span> <span class='ocrx_word' id='word_1_189' title='bbox 853 4073 1061 4176; x_wconf 85' lang='lat' dir='ltr'>Toletani</span> <span class='ocrx_word' id='word_1_190' title='bbox 1104 4111 1198 4171; x_wconf 92' lang='lat' dir='ltr'>non</span> <span class='ocrx_word' id='word_1_191' title='bbox 1239 4105 1333 4194; x_wconf 88' lang='lat' dir='ltr'>tani</span> <span class='ocrx_word' id='word_1_192' title='bbox 1375 4065 1597 4230; x_wconf 89' lang='lat' dir='ltr'>ipsorum,</span> 
     </span>
     <span class='ocr_line' id='line_1_27' title="bbox 133 4211 1600 4356; baseline -0.006 -42"><span class='ocrx_word' id='word_1_193' title='bbox 133 4211 216 4353; x_wconf 91' lang='lat' dir='ltr'>qui</span> <span class='ocrx_word' id='word_1_194' title='bbox 254 4214 463 4336; x_wconf 89' lang='lat' dir='ltr'>aderant,</span> <span class='ocrx_word' id='word_1_195' title='bbox 500 4218 662 4318; x_wconf 89' lang='lat' dir='ltr'>timore</span> <span class='ocrx_word' id='word_1_196' title='bbox 698 4219 923 4336; x_wconf 87' lang='lat' dir='ltr'>deterriti,</span> <span class='ocrx_word' id='word_1_197' title='bbox 960 4253 1096 4355; x_wconf 81' lang='lat' dir='ltr'>quain</span> <span class='ocrx_word' id='word_1_198' title='bbox 1133 4216 1258 4356; x_wconf 91' lang='lat' dir='ltr'>quod</span> <span class='ocrx_word' id='word_1_199' title='bbox 1293 4211 1501 4312; x_wconf 89' lang='lat' dir='ltr'>nuntium</span> <span class='ocrx_word' id='word_1_200' title='bbox 1536 4247 1600 4306; x_wconf 88' lang='lat' dir='ltr'>ac-</span> 
     </span>
     <span class='ocr_line' id='line_1_28' title="bbox 135 4358 1599 4514; baseline 0 -62"><span class='ocrx_word' id='word_1_201' title='bbox 135 4394 339 4514; x_wconf 83' lang='lat' dir='ltr'>ceperant</span> <span class='ocrx_word' id='word_1_202' title='bbox 375 4360 725 4502; x_wconf 83' lang='lat' dir='ltr'>appropinquare</span> <span class='ocrx_word' id='word_1_203' title='bbox 761 4361 1100 4499; x_wconf 85' lang='lat' dir='ltr'>subsequentem</span> <span class='ocrx_word' id='word_1_204' title='bbox 1131 4358 1411 4499; x_wconf 83' lang='lat' dir='ltr'>peditatum,</span> <span class='ocrx_word' id='word_1_205' title='bbox 1456 4389 1599 4453; x_wconf 89' lang='lat' dir='ltr'>retro-</span> 
     </span>
    </p>
   </div>
   <div class='ocr_carea' id='block_1_3' title="bbox 135 4498 1597 4807">
    <p class='ocr_par' dir='ltr' id='par_1_4' title="bbox 135 4498 1597 4787">
     <span class='ocr_line' id='line_1_29' title="bbox 135 4498 1597 4644; baseline 0.001 -48"><span class='ocrx_word' id='word_1_206' title='bbox 135 4502 332 4619; x_wconf 85' lang='lat' dir='ltr'>cedere,</span> <span class='ocrx_word' id='word_1_207' title='bbox 354 4529 520 4604; x_wconf 85' lang='lat' dir='ltr'>servato</span> <span class='ocrx_word' id='word_1_208' title='bbox 556 4540 706 4606; x_wconf 90' lang='lat' dir='ltr'>tamen</span> <span class='ocrx_word' id='word_1_209' title='bbox 730 4504 921 4622; x_wconf 88' lang='lat' dir='ltr'>ordine,</span> <span class='ocrx_word' id='word_1_210' title='bbox 958 4537 1231 4644; x_wconf 89' lang='lat' dir='ltr'>coeperunt,</span> <span class='ocrx_word' id='word_1_211' title='bbox 1270 4535 1486 4601; x_wconf 83' lang='lat' dir='ltr'>extremos</span> <span class='ocrx_word' id='word_1_212' title='bbox 1521 4498 1597 4597; x_wconf 88' lang='lat' dir='ltr'>ad</span> 
     </span>
     <span class='ocr_line' id='line_1_30' title="bbox 136 4642 1596 4807; baseline 0.001 -67"><span class='ocrx_word' id='word_1_213' title='bbox 136 4646 328 4748; x_wconf 85' lang='lat' dir='ltr'>versariis</span> <span class='ocrx_word' id='word_1_214' title='bbox 355 4645 577 4807; x_wconf 85' lang='lat' dir='ltr'>equitibus</span> <span class='ocrx_word' id='word_1_215' title='bbox 600 4645 894 4787; x_wconf 87' lang='lat' dir='ltr'>carpentibus,</span> <span class='ocrx_word' id='word_1_216' title='bbox 920 4683 964 4748; x_wconf 89' lang='lat' dir='ltr'>et</span> <span class='ocrx_word' id='word_1_217' title='bbox 990 4643 1297 4782; x_wconf 85' lang='lat' dir='ltr'>joculatoribus</span> <span class='ocrx_word' id='word_1_218' title='bbox 1323 4642 1380 4746; x_wconf 88' lang='lat' dir='ltr'>ab</span> <span class='ocrx_word' id='word_1_219' title='bbox 1408 4679 1596 4779; x_wconf 89' lang='lat' dir='ltr'>utroque</span> 
     </span>
    </p>
   </div>
   <div class='ocr_carea' id='block_1_4' title="bbox 136 4780 1597 5024">
    <p class='ocr_par' dir='ltr' id='par_1_5' title="bbox 136 4780 1597 5024">
     <span class='ocr_line' id='line_1_31' title="bbox 136 4780 1597 5024; baseline -0.001 -139"><span class='ocrx_word' id='word_1_220' title='bbox 136 4780 267 4894; x_wconf 84' lang='lat' dir='ltr'>latete</span> <span class='ocrx_word' id='word_1_221' title='bbox 305 4833 359 4895; x_wconf 87' lang='lat' dir='ltr'>ex·</span> <span class='ocrx_word' id='word_1_222' title='bbox 393 4791 536 4896; x_wconf 85' lang='lat' dir='ltr'>vineis</span> <span class='ocrx_word' id='word_1_223' title='bbox 555 4790 749 4935; x_wconf 77' lang='lat' dir='ltr'>impune</span> <span class='ocrx_word' id='word_1_224' title='bbox 784 4833 942 4935; x_wconf 88' lang='lat' dir='ltr'>agmen</span> <span class='ocrx_word' id='word_1_225' title='bbox 967 4788 1279 4931; x_wconf 88' lang='lat' dir='ltr'>impetentibus</span> <span class='ocrx_word' id='word_1_226' title='bbox 1308 4824 1353 4887; x_wconf 90' lang='lat' dir='ltr'>et</span> <span class='ocrx_word' id='word_1_227' title='bbox 1383 4825 1597 5024; x_wconf 69' lang='lat' dir='ltr'>niagngin</span> 
     </span>
     <span class='ocr_line' id='line_1_32' title="bbox 1548 4967 1597 5021; baseline 0 0"><span class='ocrx_word' id='word_1_228' title='bbox 1548 4967 1597 5021; x_wconf 75' lang='lat' dir='ltr'>C·</span> 
     </span>
    </p>
   </div>
   <div class='ocr_carea' id='block_1_5' title="bbox 0 0 2164 5984">
    <p class='ocr_par' dir='ltr' id='par_1_6' title="bbox 0 0 2164 5984">
     <span class='ocr_line' id='line_1_33' title="bbox 0 0 2164 5984; baseline 0 0"><span class='ocrx_word' id='word_1_229' title='bbox 0 0 2164 5984; x_wconf 95' lang='lat' dir='ltr'> </span> 
     </span>
    </p>
   </div>
  </div>
 </body>
</html>
