4284 5982
534 403 647 481 xcn.
976 405 1114 498 roan.
1149 403 1261 487 cen.
1289 403 1598 480 snturvnnnn

508 533 716 649 plectatur:
736 529 877 643 paucos
905 557 1028 637 vero,
1061 535 1127 648 qui
1151 535 1306 650 propius
1327 536 1379 620 ad
1404 520 1603 622 Ciceronis
1618 521 1767 622 dicendi
1790 533 1954 655 elegan-

510 652 603 736 tiam
620 673 659 735 et
674 649 883 737 ubertatem
912 651 1105 737 accedant.
1137 651 1288 756 Quibus
1319 653 1516 741 virtutibus
1532 653 1572 740 id
1596 677 1781 740 assecutus
1796 680 1851 741 est
1884 685 1959 741 no-

513 793 616 874 ster,
644 789 689 853 ut
719 767 770 856 ab
784 765 915 854 extens
944 767 1058 856 etiam
1072 768 1169 858 inter
1185 771 1443 886 Hispanorum
1464 769 1784 887 eloquentissimos
1813 801 1956 858 nume·

513 911 628 972 tetur·
721 919 951 966 ’.μ’
1429 901 1554 942 ,’·
1659 905 1848 947 ,.,ι.

526 1047 553 1069 w
647 1003 966 1091 uaemadmodum
993 1003 1076 1120 plus
1103 1003 1255 1094 fortasse
1282 1005 1381 1120 justo
1401 1001 1550 1092 'fuimus
1571 1004 1831 1112 verbosiores,
1864 1033 1958 1092 cum

511 1120 651 1208 horum
675 1123 1166 1209 commentariorum-telam
1193 1153 1239 1208 ex
1262 1124 1345 1240 ipsis
1363 1122 1425 1208 'Se
1451 1124 1611 1212 ulvedae
1635 1123 1811 1237 Epistolis
1835 1137 1962 1240 perre-

514 1267 683 1324 xeremus
708 1233 844 1350 (adeo
875 1238 1014 1326 libebat
1040 1240 1079 1324 in
1108 1242 1372 1327 amoenissimis
1397 1155 1462 1327 itis
1476 1261 1535 1325 ‘ac
1577 1237 1837 1328 fecundissimis
1866 1242 1960 1328 viri-

516 1356 624 1441 dariis
658 1354 825 1460 versari,
853 1379 892 1441 et
918 1357 1150 1444 suavissimos
1179 1358 1267 1444 inde
1304 1355 1444 1443 fructus
1475 1357 1676 1471 decerpere
1695 1367 1743 1462 >3
1770 1359 1820 1444 sic
1851 1385 1959 1444 nnnc

515 1499 641 1558 rerum
657 1473 812 1585 inopes,
828 1471 1041 1590 plusquam
1059 1475 1260 1580 vellemus,
1274 1474 1479 1560 necessario
1485 1476 1738 1589 reperiemur,
1754 1500 1834 1560 tam
1850 1503 1958 1588 prae·

516 1590 722 1676 tentissimis
737 1587 914 1674 vsubsidiis
939 1591 1115 1678 destituti.
1146 1597 1231 1678 Nec
1256 1591 1501 1696 dubitamus,
1524 1592 1619 1705 q'uin
1642 1591 1853 1706 Sepnlveda
1879 1589 1963 1706 p'ari

518 1707 630 1792 animi
656 1706 841 1792 alacritate
875 1731 992 1821 atque
1018 1710 1181 1815 ardore,
1206 1733 1395 1822 quantum
1420 1709 1517 1796 vires
1544 1709 1645 1794 senio
1674 1705 1870 1794 confectae
1900 1739 1963 1826 pa·

518 1826 738 1926 alebantur,
760 1823 882 1909 studia
897 1853 963 1908 sua
981 1822 1150 1932 foveret,
1174 1851 1289 1940 atque
1316 1826 1415 1914 viros
1438 1825 1566 1911 sibiet
1585 1826 1743 1912 amicitia
1767 1825 1961 1912 et'littera·

520 1971 605 2029 rum
621 1940 849 2058 cognatione
871 1940 1096 2052 conjunctos
1118 1969 1185 2058 per
1201 1938 1372 2056 epistolas
1389 2003 1402 2048 ,
1428 1943 1494 2057 qui
1523 1971 1609 2027 suus
1625 1968 1704 2029 erat
1720 1973 1803 2028 mos
1820 2003 1833 2050 ,
1859 1971 1962 2028 con-

522 2059 666 2148 territet
681 2119 694 2164 ,
711 2082 778 2142 aur
804 2074 818 2115 ¹
850 2055 989 2172 aliquid
1007 2058 1108 2144 aliud
1123 2059 1260 2174 ingenii
1276 2060 1470 2148 exercendi
1485 2060 1601 2175 gratia
1619 2059 1849 2144 elucubraret
1866 2091 1875 2144 :
1895 2059 1965 2147 sed

521 2203 621 2262 cum.
634 2205 678 2260 ea
694 2169 822 2260 omnia
836 2172 958 2260 lucem
975 2175 1127 2260 minime
1140 2177 1359 2290 aspexerint,
1376 2205 1446 2260 nec
1462 2177 1513 2262 ael
1528 2203 1661 2261 manus
1677 2200 1820 2262 nostras
1833 2205 1961 2290 perve-

519 2295 655 2396 nerint,
674 2292 883 2377 mirandum
901 2321 980 2377 non
995 2315 1049 2376 est
1060 2351 1076 2399 ,
1087 2291 1205 2377 multa
1220 2322 1352 2379 eorum
1364 2321 1432 2378 nos
1447 2293 1630 2410 ignorare.
1647 2297 1776 2408 ltaque
1789 2294 1839 2378 ab
1854 2323 1961 2380 anno

522 2407 871 2525 m.n'.LV11.quo
886 2403 1312 2524 epindarum'collemio
1328 2439 1350 2494 e
1367 2409 1471 2523 prelo
1486 2410 1571 2496 exiit
1585 2457 1598 2514 ,·
1610 2410 1659 2494 ad
1677 2413 1742 2494 M.
1762 2415 1812 2494 D.
1826 2409 1964 2497 LXlll.

522 2529 613 2615 nihil
642 2528 742 2611 aliud
770 2527 820 2611 ab
849 2524 1002 2612 auctore
1031 2551 1163 2613 nostro
1186 2528 1366 2612 babemus
1391 2549 1535 2640 praeter
1568 2527 1661 2612 duas
1676 2525 1861 2642 Hispanas
1886 2528 1966 2642 epi·

523 2645 635 2732 stolas
650 2643 915 2731 exPutalbano
930 2641 1131 2758 municipio
1147 2646 1196 2729 ab
1210 2672 1263 2729 eo
1275 2645 1424 2758 scriptas
1437 2645 1488 2730 ad
1497 2667 1662 2730 veterem
1678 2673 1785 2730 suum
1798 2643 1964 2730 amicum

523 2759 941 2850 Martinum'Perezium
958 2761 1189 2846 Olivanum:
1211 2761 1363 2847 alteram
1379 2761 1556 2874 postridie
1565 2765 1673 2844 Non.
1690 2760 1819 2846 Martii
1838 2789 1966 2847 errara-

525 2906 605 2972 eam
623 2940 636 2985 ,
662 2877 815 2962 alteram
833 2879 884 2962 X.
900 2877 1061 2964 Kalend.
1081 2878 1242 2992 Aprilis:
1270 2903 1468 2992 utramque
1485 2878 1592 2964 nobis
1605 2876 1842 2963 conservavit
1859 2905 1965 2994 egre·

524 3001 606 3118 gius
631 3021 755 3081 rerum
784 2995 1082 3110 Aragonensium
1096 2996 1287 3081 historicus
1301 2994 1464 3081 Didacus
1479 2993 1663 3109 Josephus
1679 3011 1696 3052 ²
1717 2995 1965 3102 Dormen‘us,

524 3139 641 3234 atque
655 3113 730 3198 hoc
739 3109 824 3198 loco
832 3111 919 3198 ideo
930 3114 1172 3228 apponendas
1183 3113 1355 3198 duximus
1368 3137 1449 3196 tum
1462 3136 1505 3197 ut
1519 3140 1568 3197 ne
1582 3113 1633 3196 ab
1648 3109 1964 3226 hacSepulvedae

525 3263 684 3348 operum
706 3229 924 3316 collectione
950 3253 1221 3348 segregentur,
1247 3228 1461 3317 tumetium
1482 3229 1590 3346 quod
1618 3229 1810 3344 proposito
1825 3211 1961 3318 riostro

525 3349 674 3468 egregie
705 3343 853 3433 faciant.

532 3530 536 3536 .
616 3468 741 3550 „Con
767 3463 803 3549 la
819 3487 921 3550 cartu
947 3463 996 3550 de
1011 3464 1117 3552 Vm.
1145 3463 1257 3550 recrbi
1283 3463 1340 3559 los
1356 3465 1499 3549 Artales
1528 3463 1588 3550 del
1605 3459 1722 3550 Seitor
1744 3462 1964 3552 Geronino

528 3584 720 3688 „Zurita‚
749 3611 777 3695 y
806 3611 876 3696 por
907 3581 1004 3668 todo
1033 3583 1125 3668 beso
1148 3581 1201 3667 las
1228 3612 1359 3667 manos
1388 3583 1437 3670 de
1452 3585 1587 3694 me
1614 3581 1665 3666 las
1682 3607 1802 3694 suyas.
1837 3585 1967 3667 Hame

528 3693 761 3816 ,gparescido
784 3729 876 3814 muy
908 3696 994 3784 bien
1019 3699 1056 3784 el
1084 3699 1179 3784 libro
1195 3759 1208 3803 ,
1224 3726 1272 3785 en
1298 3700 1334 3785 el
1363 3697 1453 3814 qual
1481 3699 1529 3784 be
1561 3697 1664 3785 leido
1691 3698 1818 3783 hartos
1847 3724 1967 3804 ratos5

527 3841 597 3930 „y
620 3843 738 3932 segun
764 3839 868 3920 veo,
894 3841 1047 3930 nonque
1073 3817 1107 3901 el
1136 3816 1249 3902 titulo
1279 3845 1341 3902 sea
1368 3815 1476 3902 dela
1503 3819 1672 3901 Corona'
1688 3815 1737 3902 de
1770 3819 1961 3931 Aragon,

528 3973 556 4043 ·,‚
569 3963 607 4018 es
622 3932 809 4018 Coronica
826 3931 976 4049 general
1000 3933 1050 4020 de
1077 3933 1171 4019 toda
1199 3934 1371 4047 Fspaira,
1395 3933 1526 4018 escrita
1550 3962 1642 4047 mny
1666 3957 1909 4046 gravemente
1940 3961 1971 4048 y,

527 4058 645 4134 „con
675 4049 814 4133 mucha
844 4049 1036 4164 diligencia
1065 4081 1092 4163 y
1116 4051 1216 4134 buen
1251 4051 1355 4136 estilo
1375 4103 1399 4154 ,›
1420 4081 1448 4163 y
1471 4077 1623 4166 auoque
1653 4050 1782 4135 escrita
1810 4077 1860 4133 en
1895 4077 1961 4133 ro·

525 4189 558 4274 ς,
570 4157 724 4272 mance,
748 4165 833 4250 bien
858 4192 1009 4280 patesce·
1033 4165 1082 4253 de
1097 4167 1255 4253 hombre
1273 4169 1390 4254 docto
1405 4195 1453 4250 en
1469 4165 1577 4252 Latin
1593 4225 1606 4269 ,
1623 4191 1652 4274 y
1668 4165 1798 4279 amigo
1821 4165 1870 4252 de
1883 4190 1968 4254 ver·

524 4283 648 4392 „did
666 4298 776 4399 ,que
797 4311 838 4370 es
861 4301 966 4399 parte
991 4313 1071 4402 ¹que
1099 4285 1308 4373 da‘muclra
1334 4283 1533 4372 autoridad
1563 4282 1841 4392 al’Cotonista,
1869 4315 1896 4398 y
1924 4283 1966 4370 lo

408 4423 410 4428 ·
709 4451 714 4462 -
762 4454 768 4468 ·
1552 4433 1556 4441 ’
1866 4427 1968 4486 con·

520 4515 544 4568 .'
573 4535 586 4574 1
630 4519 694 4578 Hoc
711 4517 849 4592 temporis
870 4520 1055 4578 intervallum
1076 4519 1192 4578 eredere
1212 4516 1257 4578 fas
1272 4532 1316 4580 est
1331 4535 1351 4576 a
1364 4517 1526 4594 Sepulveda
1549 4517 1710 4591 impensum
1731 4515 1762 4574 in
1783 4517 1970 4590 perpolienda

530 4595 632 4656 Caroli
646 4597 684 4656 V.
704 4597 824 4656 historia
833 4638 844 4671 ,
861 4613 893 4654 ut
909 4600 1041 4657 indicant
1057 4599 1174 4656 crebrae
1190 4597 1431 4670 emendationes,
1446 4615 1517 4672 quae
1533 4597 1564 4654 in
1577 4596 1732 4670 antiquiori
1751 4593 1812 4670 ejus
1825 4599 1969 4670 exemplu-

517 4677 555 4734 'ri
569 4690 757 4750 comparent,
779 4677 811 4732 in
825 4677 983 4734 condendis
1001 4677 1081 4734 libris
1101 4669 1233 4735 derebus
1247 4677 1443 4750 Hispanorum
1452 4677 1552 4755 gestis
1562 4675 1604 4732 ad
1622 4693 1723 4732 novam
1745 4665 1850 4734 Orbem
1864 4675 1972 4732 Merra·-

515 4773 662 4831 ·csmque,
675 4771 704 4812 nt
717 4756 873 4814 scribendis
893 4755 1019 4830 Philippi
1042 4757 1082 4814 11.
1102 4755 1186 4815 rebus
1202 4759 1301 4836 gestis
1312 4795 1325 4830 ,
1345 4772 1413 4828 quas
1433 4753 1618 4830 imperfectas
1639 4754 1754 4829 reliquit
1767 4767 1861 4814 morte
1886 4771 1970 4832 prae·

532 4851 645 4892 ventus.
667 4837 715 4892 De
734 4852 789 4906 quo
811 4837 923 4907 quidem
944 4853 995 4892 suo
1016 4840 1088 4893 loeo.

387 4910 390 4918 '
511 4966 516 4976 ,
570 4933 588 4972 s
629 4916 668 4976 V.
688 4915 870 4996 Progressus
890 4916 926 4978 de
943 4913 977 4975 ia
995 4915 1124 4976 historia
1143 4917 1179 4978 'aa
1197 4914 1227 4980 el
1242 4915 1341 4994 Repu
1360 4914 1399 4976 de'
1414 4913 1545 4996 Aragos
1562 4929 1629 4991 pag.
1649 4930 1718 4992 3¹9·
1745 4927 1763 4964 .’
