4368 5984
546 405 645 474 vrri.
939 398 1076 492 JonN.
1094 398 1207 471 GEN.
1225 395 1536 472 SEPULVEDAE

525 531 612 614 nius
633 533 854 640 Docampus
870 523 1031 630 Guiral,
1063 522 1223 640 Collega
1246 523 1336 610 item
1352 523 1599 612 Bononiensis
1615 584 1627 629 ,
1646 524 1713 639 qui
1736 520 2000 645 Aegidianam

525 646 721 732 historiam
754 662 765 700 ¹
807 643 1011 759 Hispanice
1040 641 1261 758 loquentem
1293 643 1332 727 in
1355 644 1479 730 lucem
1512 642 1669 758 protulit
1704 644 1902 734 Bononiae
1929 675 2003 762 ty·

524 767 580 880 pis
602 764 786 850 heredum
809 766 872 879 Jo.
890 764 939 850 de
966 769 1080 849 Roxo
1097 791 1186 846 ann.
1210 763 1337 848 1612.
1353 760 1392 846 in
1411 760 1453 871 40
1480 763 1643 850 dicatam
1664 767 1832 879 Zapatae
1847 770 1997 852 S.R.E.

523 883 713 970 Cardinali
730 882 934 997 Hispaniae
956 909 1000 966 ac
1015 879 1179 996 Collegii
1193 905 1384 996 patrono.
1595 960 1601 972 .

609 1001 833 1088 Versionem
863 1000 1028 1086 Italicam
1061 999 1252 1113 duplicem
1287 1001 1403 1087 etiam
1435 1000 1641 1086 habemus:
1668 1000 1832 1115 priorem
1862 1001 2000 1089 elucu-

523 1121 646 1209 bravit
671 1127 821 1205 Doctor
836 1120 1049 1208 Franciscus
1073 1119 1285 1232 Stephanus
1312 1119 1486 1205 Velezius
1518 1120 1766 1206 Bononiensis
1783 1123 1998 1236 quondam

524 1239 684 1356 Collegii
714 1235 951 1352 praefectus,
990 1259 1123 1352 postea
1148 1235 1363 1322 Canonicus
1381 1238 1617 1323 Placentinus
1647 1240 1686 1324 in
1715 1240 1898 1354 Hispania
1928 1265 1996 1356 ty-

523 1358 579 1474 pis
615 1356 773 1472 ]oannis
818 1356 935 1444 Rossi
975 1379 1185 1470 expressam
1215 1354 1413 1441 Bononiae
1453 1385 1544 1440 ann.
1584 1385 1707 1466 ¹590·
1744 1357 1996 1475 dicatamque

523 1481 638 1562 Petro
654 1483 781 1561 Dezae
799 1473 1022 1580 Cardinali,
1051 1473 1201 1583 adjectis
1230 1472 1281 1558 ad
1302 1472 1417 1560 finem
1440 1474 1621 1587 supremis
1635 1475 1852 1562 Albornotii
1866 1480 1995 1565 tabu-

521 1593 575 1680 lis.
591 1595 761 1681 Alteram
786 1593 974 1682 debemus
992 1591 1186 1679 Francisco
1212 1597 1358 1678 Savaro
1374 1655 1386 1700 ,
1400 1592 1588 1677 Ecclesiae
1612 1591 1820 1679 Miletanae
1847 1596 1997 1684 Archi-

522 1714 718 1818 diacono,
746 1736 785 1799 et
810 1714 1046 1817 Canonico,
1076 1736 1121 1796 ut
1140 1736 1310 1817 vocant,
1340 1710 1646 1798 Poenitentiario.
1677 1715 1875 1798 Accessere
1892 1714 1993 1802 huIc

520 1831 678 1918 editioni
709 1861 814 1918 nova
838 1855 957 1949 atque
985 1829 1205 1944 amplissima
1227 1829 1388 1948 Collegii
1406 1829 1629 1947 descripti0,
1651 1829 1759 1915 varia
1771 1830 1809 1913 in
1826 1831 1991 1920 laudem

519 1949 597 2060 ejus
623 1949 829 2037 conditoris
852 1948 1074 2068 poematia,
1105 1973 1144 2035 et
1174 1949 1277 2065 regia
1301 1948 1454 2064 aliquot
1478 1948 1702 2064 diplomata.
1728 1948 1872 2034 Omnia
1888 1950 1992 2038 haec

519 2068 627 2153 simul
652 2072 849 2156 Bononiae
876 2069 1049 2188 prodiere
1071 2095 1117 2152 ex
1144 2063 1297 2153 officina
1330 2067 1464 2181 Jacobi
1481 2066 1623 2153 Montii
1648 2069 1873 2175 ann.1664.
1893 2097 1990 2156 curn

520 2186 725 2302 interpretis
752 2191 804 2290 ad
827 2189 1042 2306 Collegium
1079 2183 1264 2302 epistola,
1293 2211 1332 2274 et
1361 2185 1483 2273 altera
1513 2184 1675 2303 Collegii
1716 2185 1768 2272 ad
1800 2190 1991 2276 Senatum
2099 2183 2101 2188 ’

522 2305 785 2424 populumque
809 2309 1105 2394 Bononiensem.
1653 2325 1660 2337 ”

608 2424 712 2513 Prius
740 2456 857 2541 quam
882 2425 932 2512 ad
957 2426 1027 2511 alia
1054 2423 1380 2541 progrediamur,
1407 2453 1547 2538 operae
1586 2423 1748 2537 pretium
1778 2449 1851 2510 nos
1867 2421 1989 2510 factu·

518 2571 581 2627 ros
604 2544 879 2649 existimamus,
914 2544 943 2628 si
978 2541 1211 2627 mentionem
1239 2543 1443 2653 injiciamus
1470 2542 1582 2627 libelli
1606 2539 1799 2651 cujusdam
1832 2543 1882 2626 ab
1900 2547 1987 2628 An-

523 2661 614 2746 drea
644 2662 693 2748 de
725 2661 863 2747 Pitillas
894 2684 934 2749 et
966 2665 1120 2777 Ruesga
1149 2659 1287 2746 exarati
1316 2721 1330 2768 ,
1361 2657 1523 2778 Collegii
1569 2657 1816 2780 Bononiensis
1858 2689 1990 2776 quon-

606 2807 607 2810 ‘
1887 2778 1984 2867 dam

397 2911 399 2914 ·
518 2913 542 2973 y
560 2905 694 2971 erecestre,
708 2895 763 2955 &e
784 2914 854 2955 vero
868 2897 991 2955 similius
1010 2897 1208 2956 existimamus
1221 2898 1346 2972 Vaequii
1368 2911 1482 2956 tantum
1508 2897 1628 2956 hortatu
1646 2913 1718 2973 opus
1738 2911 1877 2969 versum,
1904 2897 1988 2972 ejus-

521 2993 574 3050 que
587 2995 656 3035 cura
675 2991 704 3034 et
726 2975 804 3035 forte
823 2980 913 3036 etiarn
933 2993 1029 3036 sumtu
1051 2977 1150 3035 Toleti
1171 2979 1299 3036 editum.
1330 2980 1478 3058 Quoniam
1500 2981 1667 3037 versionem
1692 2977 1873 3051 Sepulvedae
1893 2978 1987 3051 ipsius

520 3061 633 3116 calculo
647 3060 802 3132 probatam
815 3060 938 3116 diximus
953 3098 964 3132 ‚
978 3057 1090 3134 juvabit
1104 3058 1163 3133 ejus
1178 3062 1266 3116 verba
1282 3062 1338 3118 hue
1359 3061 1516 3117 adducere.
1538 3098 1561 3134 „
1576 3060 1654 3134 Digo
1667 3075 1726 3134 yo,
1747 3057 1860 3131 inquit,
1882 3061 1910 3113 el
1926 3058 1985 3117 Dr.

520 3175 542 3216 υ
556 3137 575 3210 J
579 3155 634 3194 uan
647 3141 683 3194 de
699 3137 861 3213 Sepulveda
874 3179 886 3212 ‚
900 3139 1080 3211 Coronista,
1099 3155 1154 3212 que
1168 3135 1229 3211 lei,
1243 3157 1265 3216 y
1280 3159 1327 3198 me
1339 3140 1403 3198 hice
1421 3144 1481 3198 leer
1494 3153 1555 3196 este
1569 3141 1644 3196 liBro
1651 3178 1663 3211 ,
1679 3155 1717 3195 en
1730 3141 1757 3195 el
1772 3142 1837 3210 qual
1852 3154 1883 3193 se
1907 3153 1987 3195 con-

520 3245 544 3289 5,
558 3217 636 3275 tiene
649 3223 679 3274 la
698 3219 820 3277 historia
837 3222 873 3277 de
888 3223 930 3278 los
950 3221 1057 3277 hechos
1070 3217 1106 3276 de
1120 3219 1159 3274 D.
1176 3219 1228 3276 Gil
1243 3223 1278 3276 de
1297 3221 1448 3277 Arnornoa
1462 3261 1473 3294 ‚
1487 3219 1649 3293 Araobispo
1662 3236 1716 3291 que
1730 3213 1781 3274 fue
1803 3217 1839 3274 de
1853 3215 1983 3293 Tuledo,

521 3311 546 3370 ‚',
560 3315 582 3372 y
596 3297 742 3356 Cardenal
762 3300 796 3357 de
813 3303 839 3356 la
856 3300 962 3374 Iglesia
976 3301 1134 3371 Romane,
1154 3301 1320 3357 trasladada
1340 3317 1377 3357 en
1394 3302 1544 3357 Romance
1564 3298 1735 3356 Castellano
1753 3297 1788 3353 de
1809 3299 1838 3354 la
1860 3313 1916 3369 que
1937 3315 1984 3374 yo

521 3415 544 3450 ‚,
559 3375 664 3435 escribl
685 3397 721 3436 en
736 3381 824 3437 Latin
837 3399 875 3438 en
888 3381 1035 3454 Boionia,
1056 3380 1159 3437 aiendo
1181 3379 1319 3454 Colegial
1342 3398 1379 3437 en
1403 3384 1430 3438 el
1454 3379 1578 3455 Colegio
1597 3380 1634 3436 de
1655 3382 1698 3436 los
1718 3377 1878 3451 Espafioles
1892 3378 1986 3436 insti-

523 3458 643 3529 „tuido
666 3461 809 3535 ydotado
824 3479 876 3535 por
889 3465 916 3519 el
933 3462 1020 3519 dicho
1040 3461 1202 3534 Araobispo
1218 3479 1240 3536 y
1254 3459 1421 3519 Cardenal.
1454 3462 1480 3517 Y
1496 3478 1547 3534 por
1568 3459 1711 3517 mandado
1734 3457 1781 3514 del
1798 3454 1925 3532 Consejo
1941 3459 1981 3518 de

521 3575 546 3610 ‚‚
562 3537 592 3595 S.
607 3539 649 3596 M.
671 3544 699 3596 le
718 3542 748 3596 vi
765 3559 786 3616 y
800 3538 951 3600 considere
960 3561 974 3626 5
999 3559 1021 3616 y
1040 3541 1172 3615 cotejado
1187 3559 1242 3600 con
1266 3545 1294 3598 el
1316 3543 1443 3618 original
1459 3542 1584 3615 impreso
1597 3558 1635 3598 en
1655 3538 1796 3610 Boionia,
1811 3555 1857 3595 rue
1878 3556 1985 3612 parece

522 3655 548 3690 „
560 3635 616 3690 que
633 3617 694 3677 esti
718 3621 784 3678 bien
801 3640 824 3696 y
849 3622 1071 3680 comodamente
1092 3622 1276 3695 trasladad03
1298 3640 1322 3698 y
1344 3639 1398 3696 que
1415 3617 1479 3680 seri
1500 3623 1567 3679 bien
1583 3638 1636 3694 que
1651 3638 1681 3678 se
1699 3617 1835 3692 imprime
1848 3637 1869 3693 y
1883 3620 1985 3692 prbli-

522 3715 661 3770 „queen
676 3704 781 3775 lengua
805 3700 974 3760 Castellana
984 3742 995 3775 ,
1016 3699 1062 3760 asi
1084 3719 1135 3776 por
1149 3705 1178 3759 la
1197 3705 1290 3760 honra
1311 3720 1333 3778 y
1353 3701 1432 3759 farne
1444 3715 1528 3759 entre
1550 3705 1594 3759 los
1608 3701 1644 3758 de
1658 3719 1689 3758 su
1706 3700 1810 3756 naeion
1828 3699 1865 3755 de
1889 3715 1985 3758 varon

522 3817 545 3852 ‚‚
560 3791 609 3835 tan
622 3785 772 3839 excelente
786 3821 797 3854 ‚
812 3799 830 3839 a
843 3784 929 3855 quien
943 3783 1062 3857 Espafia
1077 3783 1150 3839 debe
1166 3783 1269 3840 mucho
1278 3823 1289 3858 ,
1312 3800 1396 3840 como
1420 3799 1472 3857 por
1485 3785 1528 3839 los
1551 3784 1698 3855 exemplos
1712 3781 1871 3852 singulares
1894 3779 1931 3837 de
1946 3797 1983 3839 su

520 3861 714 3932 „prudencia
727 3901 739 3935 ,
752 3862 889 3936 Religion
908 3882 931 3938 y
944 3864 1089 3937 grandeea
1104 3863 1142 3919 de
1155 3865 1263 3920 animo.
1294 3864 1342 3921 En
1358 3867 1386 3922 el
1406 3866 1471 3936 qual
1485 3863 1561 3919 linro
1574 3879 1615 3938 yo
1630 3879 1668 3918 no
1685 3855 1763 3917 halle
1776 3875 1843 3916 cosa
1853 3857 1981 3932 quefue·

521 3973 546 4012 ‚‚
558 3955 590 3994 se
608 3943 813 4014 escandalosa‚
831 3943 861 3999 ni
874 3960 968 4018 agene
989 3943 1026 4000 de
1041 3947 1070 4000 la
1086 3943 1231 4001 catholica
1246 3945 1375 4018 verdad,
1395 3945 1459 4000 sino
1474 3943 1592 4000 muclras
1606 3942 1709 4016 dignas
1723 3941 1759 3996 de
1772 3955 1818 3995 ser
1831 3941 1944 3996 sabidas
1960 3958 1980 3998 e

521 4053 546 4090 ‚‚
561 4017 706 4078 imiradas.
730 4024 757 4079 Y
771 4040 808 4080 en
828 4025 856 4079 el
873 4024 980 4080 mismo
1000 4023 1074 4080 libro
1086 4041 1118 4080 se
1140 4026 1277 4082 contiene
1290 4027 1317 4081 el
1339 4037 1518 4082 testamento
1540 4023 1586 4080 del
1610 4022 1696 4079 dicho
1718 4019 1888 4092 Cardeam,
1911 4037 1982 4076 cose

525 4097 599 4170 „de
613 4100 740 4173 singular
754 4105 895 4176 exemplo.
918 4105 945 4160 Y
959 4121 1066 4178 perque
1080 4121 1110 4161 es
1125 4106 1234 4162 verdad
1248 4109 1276 4161 lo
1292 4101 1376 4162 firme
1390 4106 1426 4162 de
1443 4104 1483 4160 mi
1504 4105 1625 4160 nombre
1637 4119 1675 4158 en
1688 4099 1884 4169 Poaoblanco,
1897 4099 1982 4158 vina

522 4193 584 4253 „y
602 4180 728 4314 lterrpiqo
749 4180 786 4237 de
804 4179 941 4241 Cordova
954 4181 995 4258 ,a
1015 4200 1060 4258 14.
1081 4184 1144 4241 dias
1159 4186 1208 4242 del
1227 4187 1283 4243 ano
1296 4186 1344 4242 del
1361 4184 1453 4244 Sefior
1471 4185 1506 4241 de
1523 4183 1607 4259 1566.
1629 4181 1668 4240 Er
1690 4181 1746 4239 Dr.
1761 4179 1780 4254 J
1783 4195 1840 4235 unu
1859 4179 1896 4238 de
1920 4178 1980 4238 Se·

523 4276 598 4332 „pu
614 4277 649 4316 ve
670 4263 721 4318 ι’

440 4335 443 4342 ’
579 4356 593 4395 1
649 4340 817 4415 Docampus
834 4341 959 4400 versioni
985 4361 1054 4401 suae
1073 4343 1256 4419 Aegldianae
1276 4347 1414 4404 historiae
1432 4346 1487 4403 viri
1511 4343 1592 4421 liujus
1608 4343 1761 4403 clarissimi
1780 4349 1982 4400 testamentum

523 4416 678 4491 adjunxit,
697 4422 746 4478 sed
760 4422 859 4478 omisit
879 4421 1006 4497 Collegii
1029 4425 1263 4499 descriptionem.
1285 4429 1334 4486 Dc
1348 4426 1512 4502 Sepulueda
1525 4427 1595 4482 haec
1611 4425 1699 4482 habet
1720 4425 1753 4482 in
1772 4421 1953 4498 praefatione
1967 4439 1979 4478 e

523 4495 622 4556 Entre
635 4497 680 4555 lor
693 4499 792 4574 quales
805 4507 817 4576 (
832 4520 935 4577 nempe
951 4507 1029 4560 viros
1042 4504 1119 4561 illius
1139 4507 1269 4564 sodalitii
1284 4506 1528 4580 praeclarissimos
1542 4507 1552 4574 )
1572 4520 1607 4561 nu
1630 4521 1742 4564 merece
1764 4502 1795 4562 el
1816 4499 1917 4558 ultimo
1932 4498 1982 4556 lu·-

521 4593 583 4658 gur
591 4617 602 4650 ,
613 4577 789 4654 porquefub
805 4583 973 4640 doctissimo
986 4601 1021 4641 en
1036 4581 1068 4640 la
1080 4580 1228 4659 facultad
1245 4587 1280 4643 de
1300 4584 1443 4664 Teologla
1456 4625 1467 4657 ,
1487 4601 1565 4640 come
1582 4595 1727 4643 mnesteus
1740 4584 1805 4640 bier
1819 4597 1869 4638 sue
1880 4581 1979 4652 odrae,

522 4675 545 4734 y
561 4669 615 4713 rau
631 4657 766 4739 elegante
784 4679 819 4718 en
832 4662 861 4720 el
874 4673 941 4720 arte
959 4664 994 4722 de
1010 4663 1042 4719 la
1059 4665 1231 4742 Rerdrs'cay
1245 4663 1409 4738 Filosofiu,
1429 4681 1482 4740 que
1501 4665 1547 4720 er'u
1561 4662 1663 4740 fferre
1677 4665 1713 4720 de
1724 4663 1770 4719 los
1793 4666 1828 4722 de
1847 4659 1979 4720 Cardaba

522 4738 622 4810 pierre
642 4741 737 4797 cierro
760 4759 813 4815 que
833 4759 869 4798 ne
891 4743 949 4800 hen
970 4745 1069 4802 renido
1096 4761 1130 4802 eu
1156 4744 1272 4820 aqualle
1292 4743 1407 4802 Cr'rrdad
1425 4746 1508 4819 quien
1526 4743 1557 4804 le
1575 4745 1726 4804 aecedrese
1744 4745 1864 4819 despuas
1885 4741 1921 4798 de
1946 4756 1980 4796 err

522 4819 645 4896 aurigae
666 4818 797 4894 Seneca,
819 4840 873 4896 que
885 4839 920 4880 en
939 4820 985 4880 los
1000 4826 1145 4896 primeror
1159 4823 1256 4905 siglas
1267 4821 1402 4896 flurece'd
1410 4834 1490 4882 tanto
1500 4847 1512 4901 ς
1521 4845 1543 4903 y
1554 4839 1664 4899 parque
1682 4823 1769 4882 desde
1780 4833 1913 4882 mances
1925 4817 1985 4876 aaa

527 4899 582 4966 bun
595 4897 690 4958 solido
713 4911 764 4956 ran
782 4903 914 4980 insignes
928 4901 1059 4960 homeres
1079 4904 1114 4962 de
1127 4914 1189 4962 este
1208 4903 1356 4987 Colegs'o,
1377 4903 1533 4984 quefaeru
1553 4907 1618 4965 curi
1629 4902 1782 4979 imposible
1803 4903 1894 4965 baca
1906 4917 1987 4962 men-

532 4976 714 5043 cronacum
735 4982 781 5040 rin
793 4983 895 5045 arurae
909 4985 1017 5061 riempo
1034 4981 1196 5061 yrrabaro.
