4292 5984
629 402 1135 480 SUMMARIUM.
1468 409 1595 480 XXIII.

204 533 312 621 XVI.
370 527 503 644 Ianoii
533 558 572 617 et
616 529 722 616 Vasti
752 533 856 614 Mar·
910 526 1093 614 bertatem
1121 525 1267 642 recipit.
1343 581 1344 584 κ
1520 608 1522 614 ,

148 652 291 740 chionis
323 650 581 768 Hispanorum
608 644 775 735 furorem
806 649 858 736 vi·
969 648 1075 734 XXI.
1133 643 1309 732 Francisci
1334 645 1533 736 Gallorum
1549 657 1623 741 Re·
1724 733 1727 738 .

147 771 310 858 rentium
349 797 396 856 ex
427 769 521 854 urbe
551 763 661 885 fuga.
695 766 858 853 Uraniae
911 763 1044 880 gisdc
1077 761 1154 868 filiis
1189 765 1385 852 liberandis
1415 770 1465 857 ad
1508 773 1625 860 Caro·

145 889 366 1006 Princeps,
423 912 563 974 temere
630 886 857 991 Germanis,
912 883 992 968 lum
1018 884 1217 970 Caesarem
1243 884 1406 1002 legatio.
1457 889 1625 978 Caesaris

145 1037 250 1125 quae
310 1031 495 1123 praestare
551 1004 725 1122 nequit,
776 1002 861 1119 pol-
912 1001 965 1088 ad
997 1030 1082 1086 eam
1108 1001 1339 1120 legationem
1359 1006 1565 1120 responsio.

146 1125 300 1231 icitus,
330 1123 553 1218 viscosum
588 1151 722 1208 manus
767 1119 860 1207 effu·
972 1119 1095 1206 XXII.
1154 1119 1335 1231 Ejusdem
1364 1125 1530 1210 Caesaris
1544 1157 1624 1215 vcr-

148 1247 226 1360 git.
911 1237 961 1322 ba
979 1237 1141 1353 ,quibus
1172 1238 1341 1356 legatum
1373 1242 1548 1354 privatim
1575 1248 1629 1332 al·

156 1423 162 1432 -
205 1363 333 1450 XVII.
391 1360 600 1448 Caesariani
612 1359 859 1464 constituunt,
913 1353 1119 1472 loquitur,
1151 1358 1265 1444 etad
1298 1386 1426 1476 regem
1472 1366 1627 1452 manda·

146 1504 192 1568 ut
230 1474 389 1596 Hspani
435 1479 568 1596 viginti
622 1478 861 1594 totidemque
913 1496 954 1558 ta
1002 1474 1124 1591 ipsum
1172 1476 1222 1561 ad
1277 1476 1461 1592 singulare
1517 1507 1627 1568 certa·

149 1599 333 1686 Germani
347 1597 557 1714 deliganntr
570 1657 582 1702 ,
595 1597 752 1711 adquos
767 1627 862 1682 sum·
914 1619 1003 1676 men
1027 1592 1274 1709 provocantia
1292 1653 1304 1675 .
1321 1597 1473 1682 Henrici
1486 1599 1627 1696 Britan·
1751 1669 1753 1674 .

151 1749 216 1804 ma
239 1741 402 1833 potestas
423 1712 634 1800 deferatur.
669 1713 775 1802 Mille
791 1713 861 1799 Hi-
914 1736 1052 1796 norum
1084 1710 1194 1826 Regis
1222 1710 1392 1828 legatio.
1422 1717 1549 1802 Caroli
1574 1721 1626 1807 ad
1708 1745 1709 1750 ‘

146 1835 272 1952 spanis
310 1834 493 1951 praesidio
521 1832 675 1939 relictis,
699 1831 860 1948 reliquus
913 1827 1012 1912 hanc
1043 1829 1268 1945 legationem
1301 1833 1518 1945 responsio.

150 1954 330 2040 exercitus
362 1959 488 2040 Roma
529 1953 568 2036 in
606 1950 748 2065 oppida
792 1950 861 2036 cir·
973 1949 1112 2034 XXIII.
1170 1945 1302 2033 Gallus
1347 1950 1624 2069 Britanniaque

150 2073 333 2186 cumjecta
364 2070 593 2189 digreditur.
628 2069 772 2154 Narnia
803 2098 861 2157 ex·
913 2067 1036 2198 Reges
1074 2065 1337 2152 caduceatores
1387 2069 1437 2156 ad
1482 2071 1625 2158 bellum

148 2213 354 2392 pugirariffi
369 2214 408 2275 et
432 2187 628 2387 cTrudeliter
655 2186 845 2300 diripinn.
913 2179 1309 2388 indrcelrpdumsspirgos
1325 2185 1505 2322 mittunt.
1521 2193 1627 2392 Haps-

356 2371 366 2391 .
471 2329 565 2391 erno
656 2328 690 2390 st
735 2332 861 2390 mense
914 2327 1008 2386 ncus
1068 2326 1308 2388 excretam
1379 2331 1529 2390 cumam
1614 2357 1624 2371 -

148 2422 340 2511 Germani
388 2425 553 2508 Romam
600 2333 860 2510 idiremtnnrr.
915 2446 991 2533 que
1020 2419 1116 2506 bene
1147 2417 1269 2506 multa
1292 2332 1451 2506 adigat
1489 2425 1626 2510 Caesa-

148 2537 329 2627 Pontifex
355 2539 533 2653 pecuniae
562 2539 761 2653 promissae
792 2541 861 2625 ob
915 2564 956 2622 re
984 2538 1098 2652 petit.
1157 2581 1166 2588 ·
1584 2629 1586 2632 ,

151 2658 250 2746 sides
267 2657 405 2744 tradit.
434 2658 500 2746 Ad
513 2656 861 2743 constitutumtem-
974 2655 1118 2742 XXIV.
1179 2653 1338 2742 Carolus
1367 2657 1533 2744 Britanni
1548 2663 1651 2746 Re.

152 2807 224 2891 pus
295 2776 454 2890 pecunia
523 2803 605 2862 non
666 2801 864 2862 numerata
916 2770 971 2888 gir
1008 2772 1202 2888 postulatis
1242 2775 1472 2889 respondet.
1505 2783 1628 2895 Iega·

153 2893 351 2980 Germani·
384 2892 530 2980 obsides
588 2891 629 2978 in
686 2919 863 3008 campum
916 2912 1046 2977 torum
1086 2892 1136 2976 ab
1160 2890 1253 2976 urbe
1275 2890 1395 3008 Regia
1426 2894 1628 2982 discessus.

155 3005 307 3116 Florae,
324 3009 389 3096 ubi
420 3009 628 3127 patibulum
659 3035 863 3118 erexerant,
919 3007 1120 3094 Gallorum
1152 3008 1265 3125 Regis
1295 3010 1549 3098 caduceatoris
1585 3045 1629 3102 o-

154 3129 418 3245 producunt,
458 3151 498 3215 et
543 3125 681 3241 injectis
727 3130 866 3217 catenis
920 3126 1026 3212 ratio.
1051 3127 1103 3213 ad
1126 3130 1345 3212 Caesarem.

152 3247 327 3365 quinque
344 3246 489 3336 dierum
520 3245 679 3362 spatium
703 3247 866 3336 addunt.
987 3246 1117 3331 XXV.
1185 3243 1310 3360 Hujus
1354 3245 1405 3331 ad
1450 3248 1628 3336 eumdem

167 3421 171 3432 ι
211 3368 322 3452 XIX.
383 3363 543 3452 Obsides
586 3365 865 3453 incustodiam
919 3362 1114 3478 responsio
1129 3423 1167 3470 .‚

154 3481 301 3571 reducti
341 3482 433 3570 limis
471 3505 620 3570 catenas
657 3507 783 3569 secant
825 3510 865 3573 et
979 3483 1123 3567 XXVI.
1182 3480 1349 3568 britanni
1376 3509 1533 3598 quoque
1553 3489 1628 3572 Re-

154 3597 251 3720 fiaga
269 3600 450 3690 evadunt.
479 3599 661 3687 Germani
676 3601 866 3718 insequen-
920 3597 975 3714 gis
1002 3598 1237 3686 caduceatori
1263 3603 1400 3686 Caesar
1437 3601 1549 3685 etiam
1573 3630 1626 3687 re·

153 3743 194 3806 te
237 3721 299 3808 die
341 3717 548 3806 obsidibus.
571 3717 728 3836 produci
766 3719 866 3831 jussis
921 3718 1102 3830 spondet.
1133 3717 1246 3833 Ipsius
1278 3718 1440 3832 denique
1456 3718 1505 3802 ad
1533 3719 1628 3802 Gal-

154 3838 234 3924 sine
263 3835 520 3956 indignatione
534 3859 679 3953 praeter
694 3837 865 3926 omnium
921 3831 1000 3920 lum
1020 3837 1160 3923 verba.
1190 3834 1289 3920 Galli
1310 3834 1420 3948 Regis
1443 3832 1626 3950 legatusa

155 3957 379 4071 opinionem
417 3984 550 4043 eorum
598 3952 728 4074 fugam
775 3985 864 4076 cog-
922 3953 1064 4041 Carolo
1088 3980 1154 4068 per
1177 3951 1314 4036 litteras
1336 3950 1453 4064 petit,
1478 3975 1522 4036 ut
1536 3953 1628 4040 obli-

156 4100 349 4162 noscunt.
920 4096 964 4158 to
996 4073 1062 4157 sibi
1098 4070 1214 4158 verba
1242 4067 1326 4172 illa,
1343 4069 1542 4184 dequibus
1564 4101 1628 4158 ca-

162 4251 168 4262 ·
233 4193 321 4280 XX.
395 4192 561 4280 Carolus
595 4195 732 4282 Caesar
777 4225 866 4281 suos
923 4187 1115 4274 duceatori
1143 4211 1383 4272 memorasset
1414 4248 1426 4294 ,
1458 4217 1525 4302 per
1551 4190 1627 4306 epi-

153 4307 276 4400 'duccs
302 4336 432 4398 monet
454 4311 653 4424 jubetque,
670 4334 715 4397 ut
740 4311 867 4397 Ponti·
921 4306 1055 4406 stolam
1080 4333 1277 4422 suggerere
1304 4333 1385 4391 non
1408 4329 1596 4421 gravetur.

156 4428 270 4516 ficem
310 4451 350 4512 et
375 4425 590 4515 Cardinales
621 4427 743 4541 primo
774 4455 871 4542 quo*
980 4425 1141 4510 XXVII.
1205 4423 1369 4510 Caesaris
1388 4424 1439 4511 ad
1462 4423 1628 4541 legatum

156 4577 237 4665 que
269 4571 440 4661 tempore
475 4545 642 4632 liberent.
692 4541 868 4632 Pontifex
924 4543 1099 4658 epistola.

159 4663 269 4752 novis
294 4663 483 4752 obsidibus
509 4688 548 4752 ct
571 4661 698 4750 Ostiae
717 4692 762 4748 ac
792 4664 867 4750 Ve·
926 4723 930 4730 ν
989 4663 1167 4751 XXVIII.
1234 4661 1443 4746 franciscus
1496 4661 1628 4748 Gallo-

161 4781 246 4872 teris
274 4781 428 4871 civitatis
472 4782 614 4872 arcibus
646 4783 786 4871 traditis
827 4781 868 4870 li-
922 4810 1006 4869 rum
1032 4785 1114 4868 Rex
1142 4778 1323 4870 Carolun
1352 4783 1550 4882 Caesarem
1578 4778 1629 4874 ad

1563 4894 1631 4980 sin-
1778 4993 1785 5006 ³
