4298 5980
547 449 632 540 218
954 451 1038 536 DE
1082 451 1295 534 REBUS
1343 450 1570 537 GESTIS

501 611 717 728 Pontifice
753 607 1013 754 postulare,
1058 643 1109 709 ut
1146 647 1326 728 suorum
1363 608 1557 754 aliquem
1594 611 1651 714 ad
1694 652 1738 716 se
1772 609 1986 725 mitteret

504 764 650 868 virum
688 796 894 904 gravem,
931 796 1036 859 tum
1074 793 1167 898 quo
1204 755 1260 855 de
1295 753 1439 899 pacis,
1476 795 1612 898 quam
1648 759 1743 902 ipse
1778 798 1987 908 magno-

503 948 607 1056 pete
645 940 850 1048 optaret,
886 900 1216 1006 conditionibus
1261 901 1596 1044 transigeretur.
1640 905 1722 1008 Sed
1765 909 1987 1012 caducea-

502 1094 574 1160 tor
610 1079 710 1157 nee
726 1049 899 1154 auditus
935 1083 1030 1178 est,
1068 1087 1211 1149 neca
1249 1040 1474 1191 praefecto
1517 1049 1565 1151 in
1605 1048 1782 1154 Urbem
1834 1051 1979 1160 intra-

502 1243 550 1304 re
578 1198 823 1343 permissus.
851 1206 998 1301 Tanta
1020 1231 1109 1300 erat
1135 1193 1293 1298 Rentii
1318 1191 1483 1297 fiducia
1519 1195 1837 1300 Caesarianum
1867 1240 1981 1304 exer·

503 1347 645 1449 citum
680 1343 949 1491 repellendi,
985 1378 1122 1487 quem
1158 1379 1303 1444 terum
1348 1339 1555 1442 omnium
1599 1341 1759 1484 inopia
1803 1339 1982 1448 labora·

504 1530 574 1614 te,
601 1532 683 1594 nec
718 1523 938 1596 tormenta
973 1490 1029 1590 ad
1066 1524 1246 1589 murum
1282 1485 1551 1590 diruendum
1585 1484 1833 1591 convehere
1871 1530 1978 1594 ton·

503 1635 693 1758 stabat,
729 1637 896 1781 quippe
933 1631 1130 1777 quaein
1177 1628 1336 1734 finibus
1377 1630 1667 1754 senensium,
1711 1673 1767 1736 ne
1808 1673 1979 1778 prope-

504 1783 700 1886 rantibus
744 1819 882 1884 essent
927 1778 1297 1921 impedimento,
1340 1776 1632 1920 reliquerant!
1669 1779 1758 1880 Cui
1795 1815 1978 1880 senten-

504 1930 594 2031 tiae
642 1925 919 2070 fiduciaeque
978 1963 1027 2024 ea
1084 1960 1267 2066 quoque
1320 1959 1385 2023 res
1444 1919 1795 2066 suffragabatur,
1844 1927 1976 2066 quod

502 2085 608 2176 Dux
656 2069 848 2174 Urbinas
898 2110 1001 2172 curn
1052 2067 1202 2174 valido
1255 2066 1619 2170 Foederatorum
1643 2067 1830 2172 exercitu
1882 2107 1975 2168 non

503 2216 645 2359 longo
681 2217 913 2318 intervallo
949 2213 1158 2356 subsequi
1193 2212 1503 2323 nuntiabatu13
1539 2212 1651 2356 quin
1689 2213 1825 2317 etiarn
1861 2219 1977 2316 Pon*

502 2357 646 2484 tifex,
682 2398 728 2462 et
763 2359 968 2464 Albertus
1004 2361 1106 2462 Pius
1142 2360 1365 2502 ceterique
1406 2352 1531 2478 fere,
1587 2397 1783 2501 quorum
1825 2357 1976 2458 consi-

502 2506 566 2646 lio
611 2547 675 2607 res
720 2504 1143 2623 administrabatur,
1180 2541 1262 2602 nec
1304 2503 1452 2642 paucis
1496 2499 1650 2604 diebus
1697 2501 1874 2603 Urbem
1920 2500 1976 2604 ab

503 2648 572 2750 his
608 2649 878 2792 expugnati,
916 2645 1169 2790 praesertim
1205 2644 1254 2746 in
1289 2679 1412 2748 tanto
1447 2660 1765 2750 Romanorum
1801 2683 1976 2748 consen·

502 2832 590 2916 su,
627 2833 709 2894 nec
745 2792 909 2893 diutius
945 2789 1135 2894 obsideri
1172 2827 1296 2930 posse
1332 2787 1619 2924 judicabant,
1662 2792 1737 2893 sed
1780 2831 1974 2894 necessa·

501 2937 571 3040 rio
608 2937 938 3041 dissolvendum
976 2977 1063 3039 esse
1099 2936 1372 3058 exercitum,
1410 2936 1491 3079 qui
1526 2971 1634 3038 esset
1669 2933 1798 3038 rebus
1834 2935 1975 3041 omni-
2127 3001 2128 3012 .

502 3078 583 3184 bus
620 3083 866 3185 necessariis
903 3082 1158 3183 destitutus.

610 3237 705 3328 V11.
820 3237 1033 3329 Ceterum
1075 3265 1190 3368 quae
1237 3263 1302 3326 res
1345 3221 1552 3328 Pontifici
1594 3223 1681 3328 suis
1729 3221 1968 3328 rationibus

500 3366 725 3514 suffragari
761 3368 1055 3491 videbantur,
1091 3371 1174 3471 hae
1209 3364 1385 3472 fiterunt
1421 3371 1488 3472 illi
1531 3372 1722 3475 maxime
1766 3369 1971 3476 omnium

499 3515 796 3619 adversariae.
847 3523 943 3618 Tot
993 3515 1112 3618 enirn
1166 3516 1387 3660 tantisque
1443 3509 1770 3618 difficultatibus
1823 3513 1971 3618 affecti

497 3661 786 3784 Caesariani,
818 3699 952 3762 omne
989 3659 1235 3802 periculum
1270 3696 1636 3784 contemnentes,
1666 3660 1752 3766 sibi
1788 3653 1864 3763 aut
1900 3701 1973 3762 oc·

497 3803 803 3909 cumbendum
840 3821 937 3907 esse
965 3806 1013 3908 in
1048 3814 1387 3951 oppugnatione
1430 3803 1718 3928 statuebant,
1760 3840 1838 3906 aut
1887 3814 1971 3907 Ur·

497 3947 602 4050 bern
639 3954 1002 4095 expugnandam,
1040 3992 1155 4095 quae
1192 3988 1286 4052 tam
1321 3950 1504 4095 superbe
1540 3952 1658 4093 pacis
1694 3947 1971 4052 conditiones

495 4093 766 4238 negligeret.
796 4097 935 4239 Igitur
971 4139 1026 4199 eo
1064 4099 1137 4199 dit
1172 4095 1221 4198 in
1257 4133 1377 4242 parte
1407 4097 1612 4200 Vaticani
1643 4096 1831 4216 montis,
1860 4133 1970 4236 quae

499 4273 562 4336 est
597 4279 624 4340 a
661 4277 790 4386 tergo
827 4236 920 4343 fani
961 4242 1072 4345 Divi
1114 4240 1266 4365 Petri,
1309 4244 1629 4363 consederunt,
1677 4279 1721 4343 et
1764 4280 1818 4340 ex
1872 4239 1966 4340 loco

496 4383 722 4519 superiore
766 4386 901 4488 situm
955 4386 1265 4530 rationemque
1316 4427 1552 4491 murorum
1601 4386 1958 4489 considerarunt3

494 4524 708 4666 postridie
754 4566 908 4668 quarta
950 4531 1136 4668 vigilia,
1187 4533 1440 4635 densissima
1462 4605 1464 4610 ·
1487 4531 1648 4635 nebula
1672 4589 1711 4653 ,·
1738 4571 1852 4673 quae
1898 4521 1960 4626 vel

493 4671 805 4811 proximorum
841 4707 1128 4815 conspectum
1163 4674 1417 4798 adimebat,
1445 4715 1628 4782 omnem
1660 4677 1787 4778 illum
1816 4675 1961 4773 locum

493 4814 621 4958 quasi
645 4817 857 4924 divinitus
883 4853 1155 4966 occupante,
1182 4818 1358 4928 silentio
1380 4901 1396 4948 ,
1417 4859 1462 4929 et
1486 4819 1805 4962 jaculatoribus
1833 4817 1968 4957 sciop-

1884 5001 1963 5110 120⁴
