4292 5984
465 557 466 560 ¹
577 510 631 596 50
945 497 1026 578 ue
1071 495 1276 574 ‘nunus
1324 493 1545 576 ousrrs

533 730 565 774 „
580 649 686 751 haec
722 649 779 754 ab
816 693 871 752 eo
905 693 998 756 non
1033 652 1355 793 impetrentur,
1393 647 1625 753 communi
1660 645 1846 754 consilio
1884 691 2008 792 quae

534 805 740 940 „Regno
784 797 935 937 reique
985 794 1182 939 publicae
1230 797 1420 896 maxime
1471 794 1673 908 salutaria
1723 832 1767 895 et
1814 791 2008 901 honesta

535 937 677 1062 „fore
715 941 954 1060 visasint,
992 942 1344 1044 constituantur.
1363 957 1395 1001 “

610 1097 691 1186 XI.
766 1080 863 1186 Ubi
899 1093 1047 1186 Petrus
1082 1094 1233 1186 Lassus
1270 1084 1405 1187 finem
1440 1084 1616 1187 dicendi
1650 1077 1783 1205 fecit,
1822 1099 2005 1190 Senatus
2141 1103 2142 1190 l

535 1237 681 1361 major
725 1267 821 1370 pars
860 1237 957 1362 ejus
1001 1227 1263 1333 sententiam
1302 1269 1394 1331 non
1438 1264 1607 1331 tantum
1659 1226 1875 1368 probare,
1930 1233 2006 1334 sed

538 1373 674 1474 etiam
715 1370 837 1473 miris
883 1373 1084 1476 laudibus
1129 1370 1278 1475 efferte
1324 1373 1505 1515 coepit3
1548 1373 1595 1473 id
1637 1372 1873 1476 consiliunt
1911 1417 2004 1482 non

403 1533 404 1538 ‘
509 1515 787 1620 numanum
823 1517 963 1621 videti
999 1520 1174 1639 dicere,
1212 1518 1285 1618 sed
1322 1560 1348 1618 a
1382 1531 1483 1619 Deo
1519 1519 1721 1642 missum,
1758 1517 1838 1658 qui
1875 1518 2003 1623 rebus

540 1661 780 1805 Hispaniae
817 1664 942 1803 lapsis
979 1702 1023 1766 et
1059 1701 1305 1764 extremum
1345 1661 1577 1765 discrimen
1618 1660 1880 1765 adeuntibus
1925 1663 2004 1768 hac

539 1806 711 1908 ratione
749 1807 877 1906 vellet
919 1845 1002 1948 pro
1047 1847 1123 1908 sua
1163 1806 1389 1909 clementia
1430 1807 1683 1911 consulere.
1720 1809 1856 1910 Pauci
1897 1810 2005 1949 qui·

541 1949 647 2050 dam
681 1951 1055 2071 reclamaverunt,
1092 1952 1182 2059 sive
1220 1953 1344 2093 quod
1381 1987 1520 2055 essent
1562 1951 1756 2052 diversae
1798 1947 2003 2056 factionis

419 2147 424 2154 ·
541 2095 694 2226 (etant
719 2094 839 2196 enim
866 2095 1023 2196 Toleti
1050 2088 1262 2196 factiones
1295 2096 1438 2218 duae,
1473 2095 1717 2218 Silvarum,
1754 2101 2004 2232 Ajalarum-

541 2239 661 2375 que)
698 2273 742 2337 et
776 2238 954 2338 illorum
990 2239 1108 2342 laudi
1144 2273 1187 2339 et
1222 2239 1410 2343 inventis
1445 2240 1713 2362 inviderent,
1750 2242 1843 2341 sive
1879 2243 2004 2383 quod

542 2381 693 2519 quieta
720 2379 898 2483 consilia
920 2382 1048 2485 novis
1075 2380 1203 2485 rebus
1228 2379 1520 2504 anteferrent,
1556 2384 1882 2529 impensiusque
1907 2398 2004 2490 Re-

541 2522 640 2662 giae
676 2525 881 2664 dignitati
916 2522 1142 2625 faverent.
1180 2538 1331 2668 Iraque
1372 2529 1630 2631 sententiam
1672 2531 1815 2673 rogati
1854 2531 2006 2632 consi-

541 2665 653 2764 lium
678 2666 787 2765 illud
815 2667 1073 2771 seditiosum
1100 2703 1144 2770 et
1177 2670 1478 2776 turbulentum
1505 2673 1591 2775 sibi
1627 2674 1800 2796 videri,
1836 2709 1882 2774 et
1918 2713 2004 2774 ma·

540 2809 685 2942 jestati
719 2810 852 2952 Regis
894 2811 1129 2915 inimicum
1172 2810 1470 2921 affirmarunt:
1516 2859 1623 2922 nam
1664 2819 1776 2962 quid
1819 2817 2004 2919 seditio-

542 2951 626 3053 sius
655 2989 698 3054 et
726 2993 751 3052 a
775 2956 918 3098 Regia
937 2957 1153 3101 ¹dignitate
1180 2960 1362 3064 alienius
1399 2962 1638 3107 excogitati
1674 3003 1829 3108 posse,
1865 3001 2002 3105 quam

542 3096 623 3236 qui
658 3110 830 3240 Regem
866 3100 980 3203 intra
1015 3102 1163 3247 Regni
1198 3105 1303 3210 fines
1339 3108 1456 3209 adire
1494 3145 1538 3210 et
1578 3105 1635 3209 ab
1677 3149 1732 3208 eo
1778 3146 1890 3249 quae
1927 3115 2003 3241 ju-

542 3274 608 3341 sta
645 3241 751 3361 sint,
778 3244 994 3384 postulate
1031 3283 1233 3388 possent,
1268 3249 1327 3351 ab
1363 3252 1415 3352 iis
1452 3251 1674 3353 sollicitari
1699 3253 1922 3371 civitates,
1959 3289 2003 3350 et

543 3383 600 3483 ad
636 3385 860 3529 colloquia
895 3390 951 3489 de
987 3389 1114 3492 rebus
1150 3394 1337 3536 publicis
1373 3395 1452 3497 illo
1488 3396 1735 3502 inconsulto
1778 3433 1823 3496 et
1858 3394 2001 3498 invito

544 3530 817 3630 convocari?
868 3537 1009 3655 Quod
1047 3535 1083 3636 si
1119 3539 1229 3680 quid
1265 3539 1337 3641 vel
1373 3540 1525 3644 damni
1560 3541 1631 3644 vel
1671 3538 1854 3684 periculi
1895 3535 2003 3640 sub‹

542 3710 682 3796 esset,
721 3673 823 3776 alias
865 3713 1014 3782 tamen
1055 3677 1321 3787 honestiores
1362 3723 1406 3788 et
1447 3686 1588 3830 magis
1631 3689 1799 3826 quietas
1841 3723 2001 3788 consu-

543 3813 661 3919 lendi
697 3819 885 3924 rationes
921 3822 1026 3925 initi
1061 3865 1219 3968 posse,
1256 3829 1384 3972 eique
1421 3829 1684 3954 dissimiles,
1719 3873 1772 3930 ex
1809 3868 1899 3971 qua
1936 3868 1999 3972 pe-

545 3958 734 4061 ticulum
784 3965 873 4086 sit,
915 4005 973 4072 ne
1026 3969 1136 4071 dum
1176 3972 1472 4078 mediocribus
1520 3971 1820 4078 incommodis
1860 4011 2000 4073 reme·

542 4099 668 4204 dium
705 4110 961 4245 quaeritur,
997 4115 1071 4216 lon
1105 4157 1129 4222 c
1164 4127 1331 4255 majora
1367 4131 1480 4225 mala
1515 4120 1771 4261 patiantur,
1814 4155 1998 4259 praescr·

541 4244 627 4348 tim
660 4289 772 4414 cum·
799 4291 852 4352 ea
887 4288 991 4356 cura
1025 4153 1166 4362 nifiilo
1202 4263 1345 4408 magis
1381 4265 1438 4368 ad
1473 4265 1624 4407 ipsos,
1661 4302 1797 4409 quam
1833 4264 1890 4363 ad
1923 4298 2000 4360 ce·

484 4481 487 4488 .
542 4422 652 4490 teras
687 4432 885 4499 crvrtates
921 4401 1183 4540 pertineret.

610 4545 708 4637 XII.
782 4553 950 4646 Contra
985 4546 1091 4648 haec
1127 4550 1199 4650 alii
1234 4563 1408 4694 Regem
1445 4593 1533 4653 esse
1570 4553 1892 4655 adolescentem
1927 4583 1999 4650 re-

539 4671 767 4804 ferebant,
804 4687 885 4828 qui
919 4687 1010 4790 sine
1045 4692 1335 4834 prudentiae
1370 4694 1465 4798 fido
1510 4697 1696 4802 consilio
1736 4695 1864 4797 rebus
1907 4729 2001 4792 tam

540 4823 790 4930 exulceratis
826 4866 869 4934 et
898 4827 1069 4942 afflictis
1097 4839 1266 4945 mederi
1300 4879 1346 4944 et
1380 4844 1606 4948 consulere
1636 4842 1869 4986 nequitett
1906 4834 2000 4976 qui·

1913 4983 1996 5084 bus
