4298 5980
534 427 779 514 canum
819 429 875 516 v.
923 431 1040 514 ιιι.
1072 424 1210 518 vni.
1517 435 1607 538 253

95 717 99 724 ,
172 584 502 744 turpitudinem
539 593 818 696 deleverunt.

253 754 350 848 ΧΠ
423 753 545 843 Cum
581 737 741 842 dies
705 740 872 846 circiter
921 731 1124 882 quindc
1105 773 1177 840 ιιιι
1219 735 1266 842 in
1310 778 1362 842 ea
1407 774 1652 852 castrorum

171 883 516 1051 propinquitate
564 885 890 1051 consedissent,
931 883 1194 990 Philibereus
1237 925 1290 987 ex
1337 885 1518 990 concilii
1553 928 1654 992 sen·

168 1034 318 1133 tentia
353 1067 511 1173 quarta
544 1030 698 1174 vigilia
733 1030 883 1173 copias
919 1031 1068 1134 educit
1085 1110 1102 1155 ,
1119 1054 1254 1133 tanto
1286 1024 1462 1132 silentio
1506 1066 1550 1132 et
1581 1073 1655 1136 ora

172 1177 288 1278 dine
300 1254 316 1299 ,
346 1211 517 1278 utnon
551 1209 653 1277 ante
682 1175 776 1277 de
765 1213 967 1319 ipsorum
1003 1176 1187 1304 discessu
1221 1210 1538 1319 cognoscerent
1565 1173 1654 1278 ho-

172 1357 294 1443 stes,
321 1360 460 1486 quam
488 1320 640 1424 nostri
681 1355 775 1422 tam
819 1319 955 1465 longe
1001 1349 1333 1460 processerant,
1368 1357 1436 1423 us-
1468 1318 1531 1428 illi
1568 1359 1653 1424 nec

171 1463 448 1607 impedire
435 1503 521 1568 ster
557 1500 711 1566 eorum
747 1501 955 1630 possent,
982 1503 1063 1567 nec
1099 1468 1332 1572 remorari.
1358 1481 1514 1610 Itaque
1549 1503 1653 1568 con·

173 1605 308 1712 fectis
346 1653 400 1714 eo
436 1612 509 1733 die
545 1649 753 1752 passuum
789 1608 973 1752 triginta
1008 1610 1234 1736 millibus,
1262 1650 1464 1758 superato
1500 1617 1652 1758 Apen

175 1755 325 1877 nino,
359 1756 573 1860 Asianum
621 1787 952 1895 pervenerunt,
981 1754 1144 1856 deinde
1191 1773 1525 1878 Beneventum,
1567 1753 1652 1858 ubi

177 1897 346 2001 obvius
381 1895 538 2003 biit
501 1941 561 2001 ers
597 1908 741 2062 Hugo
776 1896 1031 2016 Moncada,
1057 1901 1139 2038 qui
1174 1939 1268 2001 rem
1304 1900 1652 2064 Neapolitanam

175 2077 286 2184 post
321 2044 551 2145 interitum
584 2044 744 2178 Lanoji
781 2037 1072 2205 procurabat
1110 2043 1201 2144 Hic
1237 2083 1388 2145 auctor
1432 2079 1520 2145 erat
1554 2042 1650 2148 Phi

176 2185 371 2307 liberto,
401 2224 452 2289 ut
501 2186 746 2288 collatis
715 2184 880 2328 srgnis‚
906 2219 1148 2326 antequam
1194 2183 1380 2288 hostis
1368 2226 1416 2288 ιιι
1451 2201 1653 2328 Campa

178 2327 311 2430 niam
335 2330 583 2472 perveniret
595 2407 610 2450 ,
636 2329 900 2449 dimicaret,
926 2369 982 2430 ne
1004 2328 1208 2470 regiones
1232 2328 1366 2448 illac,
1391 2331 1512 2430 unde
1549 2344 1656 2431 Cae

179 2473 378 2574 sarianus
402 2476 612 2575 exercitus
640 2472 817 2574 alendus
843 2508 963 2593 erat,
989 2505 1284 2574 vastarentur.
1317 2473 1398 2574 Sed
1429 2471 1517 2572 hoe
1553 2509 1654 2578 con·

179 2614 302 2737 silio,
325 2656 427 2719 cum
456 2614 624 2718 bellum
650 2616 809 2717 ducere
835 2615 1086 2757 placuisset,
1106 2613 1392 2782 improbam,
1421 2617 1536 2717 cirea
1554 2618 1654 2716 Idus

178 2760 370 2860 Martias
398 2761 641 2903 Neapolim
666 2795 931 2920 perventum
958 2796 1051 2878 est,
1078 2797 1121 2858 et
1145 2762 1281 2861 muris
1315 2756 1486 2862 refectis
1530 2797 1658 2864 mon·

176 2937 280 3004 tem
307 2907 415 3004 oni
447 2909 614 3005 Μινιὶηἰ
650 2901 708 3004 ab
742 2900 906 3005 aede
894 2902 1104 3063 imposita
1147 2905 1545 3046 cognominatum,
1577 2905 1678 3046 qui¹

175 3044 287 3147 urbi
323 3048 498 3188 arcique
532 3047 773 3168 imminet,
814 3045 1105 3160 munierunt,
1132 3082 1176 3145 et
1223 3047 1414 3148 duomm
1457 3047 1653 3150 millium

176 3190 490 3331 Hispanorum
527 3191 742 3333 praesidio
777 3189 1040 3309 firmarunt,
1076 3191 1280 3292 nondum
1316 3191 1480 3292 scilicet
1516 3230 1648 3312 arce,

183 3362 277 3475 qu'a
312 3371 462 3474 postea
486 3337 672 3436 Carolus
697 3335 866 3478 magnis
895 3265 1099 3474 operibus
1134 3315 1500 3438 inaedificandam
1531 3373 1653 3438 man·

183 3477 312 3578 davit
330 3515 532 3600 ,erecta‚
559 3514 604 3579 tt
639 3476 712 3578 bic
747 3478 893 3579 hostes
930 3511 1176 3617 exspectare
1212 3479 1554 3582 constituerunt.

257 3631 373 3723 XIII.
448 3633 554 3722 Hoc
589 3621 949 3725 Caesarianorum
986 3661 1039 3720 ex
1073 3625 1214 3756 Troja
1257 3623 1471 3743 discessu,
1499 3661 1543 3723 et
1586 3619 1649 3722 si·

184 3765 287 3868 mili
331 3759 459 3909 fugae
509 3761 784 3907 profectione
830 3765 945 3868 Galli
986 3761 1144 3866 sublati
1201 3804 1296 3869 non
1337 3767 1484 3867 statim
1531 3765 1648 3865 inse·

184 3909 389 4048 quendos
431 3912 511 4014 sibi
543 3911 733 4033 hostes,
770 3911 845 4012 sed
890 3909 1068 4069 oppida¹
1107 3943 1151 4007 et
1198 3907 1326 4010 urbes
1373 3907 1644 4050 recipiendas

183 4083 447 4196 statuerunt.
483 4059 623 4171 Quod
660 4096 715 4158 eo
751 4055 892 4218 magis
926 4049 1068 4154 fuit
1054 4089 1103 4150 ιιι
1142 4052 1380 4191 expedito,
1445 4053 1537 4154 uod
1577 4047 1647 4152 fa·
1661 4143 1663 4148 ,

184 4191 262 4299 ma
302 4199 525 4299 celerrime
574 4237 652 4340 per
700 4206 848 4300 totum
900 4209 1111 4339 Regnum
1161 4195 1366 4338 dissipata
1405 4091 1610 4316 dierat,
1597 4197 1647 4297 in

84 4461 103 4475 ὴ
182 4381 351 4506 magna
385 4378 627 4443 castrorum
664 4340 991 4483 propinquitate
1024 4376 1099 4478 per
1132 4340 1414 4442 Caesarianos
1449 4341 1646 4462 stetisse,

181 4487 426 4628 quominus
468 4487 566 4628 pari
607 4485 838 4632 pugnandi
876 4483 1132 4585 conditione
1173 4484 1340 4626 praelio
1389 4486 1646 4588 decernere

183 4663 258 4731 tur
271 4635 583 4775 ,eosdemque
623 4666 843 4734 nocturno
891 4628 1063 4731 silentio
1106 4628 1253 4730 castris
1301 4667 1529 4772 egressos,
1569 4624 1645 4732 fu

185 4710 407 4974 gieritibus
441 4777 633 4916 similes,
673 4776 847 4919 magnis
888 4769 1119 4880 itineribus
1160 4810 1249 4877 sest
1289 4774 1531 4917 Neapolim
1570 4813 1645 4876 re-

1569 4955 1643 5017 ce-
