4326 5986
578 514 665 605 43⁰
973 505 1056 588 DE
1086 505 1289 588 REBUS
1336 505 1553 592 GESTIS

527 755 559 799 ,‚
577 711 761 796 recuso,
799 665 912 812 quin
948 666 1142 809 aliquem
1179 665 1374 768 filiorum
1411 677 1501 799 ejus
1539 661 1871 773 Mediolanensi
1889 673 1991 783 Prin

531 898 564 942 „
580 815 745 959 eipatui
781 809 1062 958 praeficiam,
1100 851 1216 954 quae
1252 849 1425 912 summa
1451 847 1513 914 est
1542 819 1634 946 ejus
1660 817 1986 956 postulatorum,

528 961 717 1088 „modo
754 1001 806 1061 ne
842 957 915 1060 ille
951 954 1117 1058 haern
1155 994 1201 1057 re
1243 957 1405 1058 Carolo
1453 957 1645 1060 minimo
1688 995 1794 1062 natu
1834 969 1988 1068 Henri

528 1187 560 1232 „
575 1147 680 1208 cum
716 1104 962 1208 liberorum
998 1101 1242 1204 secundum
1279 1096 1523 1243 praeferat,
1565 1103 1638 1204 cui
1673 1105 1913 1210 notissimis
1944 1113 1992 1214 de

525 1253 711 1378 „causis
740 1291 819 1353 nec
846 1285 990 1370 recte,
1012 1287 1090 1349 nec
1115 1289 1168 1349 ex
1192 1244 1319 1348 bono
1343 1244 1522 1389 publico
1542 1247 1852 1354 Mediolanum
1880 1292 1986 1358 com·

526 1476 560 1522 „
574 1397 692 1501 mitti
731 1432 901 1540 potest.
939 1395 1079 1496 Haud
1115 1391 1235 1494 enim
1270 1430 1457 1516 vereor,
1497 1431 1553 1493 ne
1589 1405 1685 1495 Rex
1713 1431 1839 1537 putet
1865 1399 1987 1504 ctiam

525 1619 562 1671 „
578 1583 695 1645 nunc
728 1539 920 1645 consiliis
962 1549 1053 1672 ejus
1090 1532 1315 1680 patefactis
1353 1577 1426 1639 me
1469 1537 1633 1640 timore
1668 1539 1775 1641 belli
1810 1541 1983 1650 ductum

525 1691 629 1812 „ad
668 1687 742 1790 has
778 1686 899 1829 pacis
941 1684 1219 1787 conditiones
1261 1681 1568 1804 descendere,
1606 1685 1859 1827 praesertim
1892 1728 1985 1792 cum

527 1834 779 1996 „ignorare
814 1865 1042 1971 nequeat,
1059 1828 1108 1928 id
1144 1829 1272 1970 quod
1312 1867 1439 1971 saepe
1479 1821 1564 1929 fitit
1600 1865 1832 1971 expertus,
1851 1871 1985 1974 quan·

525 2051 558 2099 „
573 2013 672 2080 tum
707 1976 822 2078 inter
858 2012 1041 2074 suorum
1075 1972 1333 2093 Gallorum,
1359 2007 1403 2074 et
1439 2009 1588 2076 earum
1612 1974 1844 2118 gentium,
1877 2017 1983 2140 quae

525 2199 559 2244 „
575 2160 675 2226 meo
713 2153 865 2263 parent
900 2117 1124 2281 imperio,
1154 2116 1409 2220 laudem
1368 2151 1664 2260 virtutemque
1688 2115 1934 2222 bellicam
1924 2159 1983 2227 ιιι

523 2344 556 2389 ,,
576 2267 736 2369 tersit:
773 2302 879 2365 nam
905 2303 951 2364 ιι
988 2300 1147 2426 genere
1183 2261 1378 2364 militum
1415 2296 1507 2364 tam
1542 2265 1678 2405 longe
1713 2305 1984 2430 superatura

525 2485 561 2537 „
571 2423 729 2554 Rege,
764 2443 936 2551 quanto
972 2446 1115 2512 serunt
1150 2445 1306 2510 omnes
1342 2445 1416 2509 me
1454 2407 1532 2509 illo
1575 2449 1663 2510 esse
1698 2409 1984 2554 superiorem,

525 2631 559 2678 „
574 2553 693 2657 haud
729 2554 934 2696 equidem
970 2587 1096 2696 turpe
1139 2588 1342 2695 putarem
1379 2552 1494 2653 ab
1479 2590 1580 2694 rpso
1617 2593 1772 2696 pacem
1817 2554 1979 2696 quibus

524 2737 764 2842 „cumque
799 2695 1137 2800 conditionibus
1174 2732 1347 2853 petere.
1387 2703 1514 2800 Haec
1550 2735 1654 2799 cum
1679 2697 1742 2799 ita
1777 2699 1895 2822 sint,
1922 2735 1981 2802 ta·

523 2884 677 2964 „men
712 2882 796 2986 pto
834 2881 939 2944 meo
966 2840 1184 2984 publicae
1202 2837 1532 2982 tranquillitatis
1557 2839 1705 2946 studio
1733 2883 1896 2987 aequas
1919 2884 1983 2987 p

521 2989 630 3107 „cis
667 2986 948 3092 conditiones
981 3024 1073 3088 ιιοιι
1110 3025 1291 3086 recuso.
1338 2986 1550 3109 Quod
1519 3026 1554 3088 ιι
1597 2997 1694 3090 Rex
1730 3024 1826 3089 tam
1872 3029 1983 3092 caeca

523 3129 672 3251 „belli
707 3133 949 3273 cupiditate
984 3130 1157 3294 flagrat,
1183 3166 1235 3232 ut
1259 3166 1364 3271 pace
1400 3163 1445 3228 et
1481 3129 1797 3234 conditionum
1834 3132 1979 3276 aequi-

521 3309 656 3395 „tate
693 3276 890 3420 neglecta
925 3273 1055 3375 satius
1094 3273 1406 3417 pulchriusque
1442 3309 1569 3416 putet
1604 3275 1735 3376 armis
1783 3278 1979 3380 decetne-

522 3495 554 3540 „
570 3459 642 3541 re,
677 3417 765 3522 hoc
801 3421 956 3522 saltem
997 3421 1149 3522 demus
1186 3415 1389 3560 publicae
1430 3419 1597 3540 saluti,
1636 3459 1693 3522 ne
1735 3419 1982 3525 Christiano

522 3563 855 3707 „popularium
891 3599 1149 3665 nostrorum
1192 3563 1401 3706 sanguine
1448 3563 1693 3666 commissis
1734 3566 1988 3670 exercitibus

520 3782 554 3828 „
568 3708 837 3830 abutamur,
869 3744 913 3809 et
949 3708 1058 3810 vites
1094 3743 1229 3850 arque
1274 3746 1381 3849 opes
1423 3707 1605 3851 piorum
1653 3706 1987 3831 exhauriamus,

520 3925 553 3971 „
568 3855 642 3952 sed
677 3894 755 3955 nos
792 3786 883 3954 dito
921 3852 1132 3995 singulari
1173 3854 1411 3953 certamine
1446 3853 1760 3956 controversias
1803 3855 1989 3958 dirima-

521 4070 554 4115 „
570 4037 701 4120 mus,
740 3996 1048 4099 honestissimo
1088 3997 1286 4141 praemio
1313 3997 1582 4140 proposito,
1615 4034 1667 4099 ut
1695 4034 1838 4101 vrctor
1867 4043 1895 4101 a
1929 4000 1991 4100 vi-

520 4181 642 4261 „cto
676 4143 874 4307 pecunia
899 4139 1176 4305 militeque
1162 4177 1337 4274 juvetur
1371 4143 1427 4243 ad
1469 4141 1788 4284 repellendas
1776 4143 1992 4275 injurias,

521 4328 679 4428 „quae
714 4286 973 4390 Christianis
1018 4285 1122 4386 ab
1110 4286 1260 4429 rmpiis
1305 4279 1590 4407 inferuntur,
1626 4287 1990 4451 recipiendasque

520 4503 553 4548 „
569 4470 634 4532 res
670 4432 858 4552 ablatas,
894 4466 939 4531 et
974 4469 1262 4533 communem
1300 4428 1474 4532 hostem
1510 4365 1826 4533 coritmunibus
1857 4430 1989 4532 armis
2120 4501 2121 4522 ι

518 4645 550 4691 ‚‚
566 4577 945 4738 persequendum.
996 4584 1120 4676 Haec
1161 4577 1280 4714 apud
1317 4611 1397 4694 te,
1437 4585 1561 4676 Pater
1602 4576 1916 4694 Sanctissime,
1946 4609 1986 4672 et
2120 4619 2121 4636 ι

520 4795 552 4838 „
566 4758 613 4820 ιιι
647 4718 734 4822 hoc
770 4719 1023 4822 venerando
1060 4754 1104 4820 et
1138 4718 1406 4861 amplissimo
1444 4718 1626 4821 loco
1584 4724 1728 4822 vrsum
1771 4718 1885 4820 mihi
1921 4749 1987 4817 est

520 4900 720 4984 „testata
754 4865 1026 5006 relinquere,
1061 4901 1108 4970 ut
1144 4903 1297 4968 omnes
1333 4862 1587 5008 intelligant
1619 4904 1693 4967 me
1720 4865 1985 5102 invitumuqt

1837 5042 1921 5130 ram
