4292 5984
608 475 849 558 CAROLI
899 481 952 560 V.
996 481 1112 562 LIB.
1152 485 1187 565 1.
1527 491 1581 574 13

167 629 303 735 mirus
339 631 541 751 animus,
578 631 716 734 exitus
761 674 940 776 quoque
984 637 1242 759 declaravit,
1280 635 1358 780 qui
1396 645 1452 742 ad
1490 679 1631 746 extre*

163 814 295 880 mum
332 777 613 879 multitudine
647 777 874 896 hostium,
911 817 954 880 et
991 782 1153 880 summi
1187 787 1461 922 bnperaroris
1506 783 1628 888 Afri-

167 923 271 1022 cani
307 922 553 1064 Scipionis,
591 922 671 1062 qui
706 920 1026 1064 Carthaginem
1073 925 1317 1046 deleverat,
1355 929 1517 1031 virtute
1566 933 1630 1032 in-

164 1067 389 1208 genioque
417 1067 534 1168 intra
553 1067 711 1168 urbem
737 1068 942 1205 repressi,
967 1104 1101 1210 atque
1137 1063 1261 1169 fossis
1292 1106 1338 1170 et
1362 1069 1520 1192 ‘vallis‚
1546 1115 1633 1197 ne,

165 1213 294 1350 quod
331 1203 486 1312 flustra
523 1245 769 1328 tentarunt,
807 1249 1107 1352 erumperent,
1145 1214 1330 1334 obsessi,
1367 1253 1470 1315 cum
1505 1256 1633 1358 prae-

162 1353 288 1454 lium
314 1392 408 1454 non
431 1355 758 1495 impetrassent,
789 1351 837 1452 in
855 1355 1061 1456 ultimam
1079 1399 1122 1460 se
1145 1358 1313 1460 rabiem
1347 1355 1636 1503 firtoremque

162 1533 509 1606 converterunt3
547 1498 868 1638 desperansque
892 1501 1047 1620 rebus,
1083 1541 1146 1601 ne·
1168 1503 1217 1602 in
1243 1539 1504 1645 potestatem
1544 1505 1634 1606 ho-

165 1644 303 1744 stium
334 1643 635 1781 devenirent,
669 1644 800 1742 duces
836 1681 960 1762 suos,
1003 1685 1135 1784 seque
1180 1684 1222 1746 et
1267 1651 1454 1788 patriam
1492 1646 1636 1772 ferro,

165 1823 380 1910 veneno,
419 1793 713 1929 subjectoque·
740 1786 844 1930 igne
882 1824 1198 1928 peremerunt3
1245 1793 1307 1892 sic
1343 1829 1397 1893 ut
1430 1834 1485 1894 ne
1521 1833 1637 1896 unus

165 1933 351 2072 quidem
387 1934 773 2034 Numantinorum
809 1928 1093 2070 supcrfiterit,
1128 1935 1210 2075 qui
1244 1937 1415 2038 vinctus
1452 1941 1637 2040 ducere-¹

165 2109 249 2176 tur·
267 2155 288 2197 ,.
319 2117 400 2177 nec
434 2079 492 2176 de
527 2076 614 2176 alio
650 2069 781 2174 firerit
817 2115 955 2214 quam
991 2078 1046 2175 de
1081 2080 1266 2178 nomine
1302 2081 1563 2223 triumphus.

264 2231 387 2322 XVL
494 2229 779 2358 Quamquam
815 2216 947 2350 hujus
980 2222 1166 2360 exempli
1209 2262 1301 2323 nec·
1336 2225 1419 2324 soli
1467 2228 1637 2369 Hispa*

169 2401 337 2463 norum
388 2361 619 2463 Celtiberi.
644 2363 701 2460 ad
738 2363 1042 2462 'Numantiam
1077 2441 1098 2480 ,
1129 2402 1210 2462 nec
1256 2367 1395 2504 primi·
1439 2406 1636 2470 auctores

168 2500 350 2606 fuerunt
365 2583 379 2625 ‚
415 2505 490 2604 sed
528 2539 625 2603 anre
660 2505 778 2646 ipsos
813 2506 1044 2646 Saguntini
1079 2505 1129 2604 in
1166 2545 1241 2606 ora
1260 2513 1536 2611 Sucronensis
1572 2514 1636 2612 si-

168 2690 299 2770 nus,
337 2685 379 2749 et
417 2656 674 2791 Astapenses
719 2649 766 2748 in
802 2650 994 2767 Bactiea3
1031 2650 1113 2790 qui
1150 2656 1404 2792 Astapenses
1441 2658 1638 2755 secondo

170 2793 298 2898 bello·
321 2795 490 2894 Punico
523 2792 942 2934 Carthaginensium
984 2795 1174 2934 partibus
1210 2796 1424 2896 studentes
1467 2809 1637 2901 Roma·-

171 2977 254 3037 nos
288 2977 538 3076 eorumque·
566 2937 709 3036 socios
746 2939 918 3080 magnis
960 2939 1258 3039 incommodis
1286 2977 1329 3039 et
1357 2941 1465 3042 belli·
1496 2944 1637 3042 cladi-

172 3077 252 3181 bus
290 3121 392 3182 cum
430 3077 693 3201 affecissent,
745 3119 799 3184 et⁴
823 3121 1021 3224 magnus-
1042 3081 1107 3183 ob
1142 3121 1239 3184 eam
1277 3123 1377 3185 rems
1404 3122 1446 3184 et
1483 3081 1633 3186 infen-

172 3225 358 3325 sissimus
394 3235 705 3327 Romanorum
740 3226 945 3327 exercitus
980 3227 1034 3325 ad
1067 3227 1221 3328 urbem
1265 3226 1461 3367 ipsorum
1497 3237 1631 3331 Asta-

170 3408 278 3511 pam
312 3370 597 3469 excidendam
635 3412 666 3470 a·
704 3371 872 3471 Martio
909 3370 1123 3517 Scipionis
1156 3380 1326 3514 Legato
1366 3367 1512 3474 firisset
1547 3377 1629 3474 ad-

172 3551 350 3632 motus,
374 3513 571 3615 mirabile
593 3509 759 3614 facinus
786 3515 1033 3615 ediderunt.
1062 3525 1188 3616 Nam
1211 3553 1317 3616 cum
1345 3553 1491 3618 tantae
1514 3518 1637 3616 mul·-

172 3655 361 3758 titudini·
390 3698 432 3757 se
470 3697 630 3798 paucos
667 3656 865 3779 scilicet,
903 3661 1037 3760 etin
1085 3662 1191 3763 urbe
1240 3701 1320 3760 nec
1362 3662 1504 3779 loco,
1549 3699 1636 3761 nec·

172 3841 316 3942 opere¹
335 3800 535 3921 munita,
557 3842 679 3944 pares
704 3843 788 3904 esse
817 3843 921 3903 non.
938 3843 1060 3946 posse
1094 3805 1412 3947 intelligerents
1448 3805 1625 3923 locum,

171 3981 223 4041 ut
259 3948 405 4046 Livius
443 3985 700 4068 memorat,
737 3949 785 4047 in
822 3944 921 4049 foro
957 3951 1208 4066 destinant,
1245 3987 1338 4088 quo
1377 3948 1628 4087 pretiosissi-

169 4124 247 4187 ma
275 4128 419 4191 rerum
445 4130 620 4192 suarum
647 4131 948 4234 congererent.
978 4109 1112 4231 Super
1139 4129 1252 4190 eum·
1271 4091 1497 4192 tumulum
1519 4129 1641 4191 con-.

169 4240 295 4372 juges
332 4275 390 4334 ao·
415 4234 573 4336 liberos
608 4237 832 4338 considere
863 4274 971 4334 cum
997 4233 1234 4364 jussissent,
1261 4235 1379 4377 ligna
1407 4236 1521 4333 circa
1554 4275 1625 4334 ex*

95 4383 98 4394 ’
170 4409 374 4495 struunt,
405 4371 625 4518 fascesque
668 4379 960 4518 virgultorum
995 4378 1262 4507 conjiciunt3
1299 4378 1624 4520 quinquaginta

169 4520 331 4622 deinde
368 4521 600 4649 juvenibus
627 4521 801 4620 ,amatis
839 4523 1133 4662 praecipiunt,
1170 4557 1220 4622 ut
1258 4523 1400 4622 donec
1438 4524 1632 4623 incertus:

171 4703 347 4765 eventus
385 4702 571 4804 pugnae?
594 4701 708 4764 esset
725 4743 747 4784 ,
788 4665 1050 4806 praesidium
1097 4705 1157 4764 eo
1201 4667 1302 4766 loco
1346 4663 1638 4768 fortunarum·

171 4845 374 4930 suarum,
398 4845 757 4949 corporumque,
778 4849 900 4950 quae.
924 4811 1092 4913 cariora
1121 4805 1304 4916 fortunis
1339 4849 1504 4936 essent,
1538 4851 1625 4911 ser-

799 4995 806 5008 ·
1549 4993 1629 5057 va-
