4298 5980
562 447 644 508 2⁰⁰
965 439 1051 529 DE
1090 439 1298 528 REBUS
1338 433 1566 524 Gusrrs

523 642 637 746 quae
664 633 809 702 arcem
830 630 1020 740 spectat,
1050 593 1221 697 inducti
1243 627 1426 733 quatere
1458 587 1653 705 vallum,
1676 623 1769 729 quo
1798 625 1846 696 se
1874 601 2006 694 Cae·

519 743 682 850 sariani
733 744 933 844 adversus
982 741 1090 841 arcis
1141 737 1406 879 praesidium
1461 730 1756 848 munierant,
1794 736 2009 838 scindere

524 931 575 996 ac
611 886 787 996 transite
823 925 991 1028 magno
1027 885 1197 1030 impetu
1233 878 1416 996 conati,
1453 875 1670 1038 totiesque
1711 911 1817 974 cum
1853 879 2006 980 detti·

527 1069 679 1134 mento
730 1066 774 1134 et
800 1030 982 1129 duobus
1010 1023 1150 1166 ‚signis
1185 1018 1446 1122 militaribus
1484 1019 1643 1120 amissis
1678 1018 1859 1150 rejecti,
1896 1057 2004 1123 rur-
2135 1079 2136 1094 ÷

518 1217 595 1304 jsus
646 1174 835 1316 septimo
884 1171 978 1278 Kal.
1022 1165 1288 1310 [Septembris
1329 1162 1466 1263 tribus
1515 1159 1709 1301 partibus
1751 1199 2001 1306 oppugna-

522 1320 696 1420 tionem
736 1351 995 1458 repetunt,
1039 1305 1278 1449 -earorsique
1339 1343 1441 1406 ante
1495 1305 1593 1404 solis
1643 1336 1793 1406 ortum
1850 1347 1998 1451 usque

522 1464 587 1561 ad
613 1460 767 1561 horam
795 1459 885 1560 diei
918 1456 1136 1557 decimam
1170 1487 1492 1554 tormentorum
1531 1447 1626 1552 telis
1667 1485 1849 1550 murum
1880 1492 1998 1554 con·¹
2135 1567 2136 1584 p

523 1643 674 1707 curete
708 1645 800 1710 non
837 1602 1118 1711 destiterunt.
1154 1604 1283 1697 Tunc
1318 1632 1424 1695 vero
1460 1591 1580 1693 bona
1615 1625 1733 1732 parte
1774 1596 1873 1695 solo
1919 1637 1993 1698 ae*

529 1785 701 1889 quara,
752 1747 913 1850 milites
964 1748 1069 1844 dato
1112 1742 1240 1882 signo
1290 1775 1482 1879 quatuor
1527 1734 1721 1878 partibus
1767 1738 1993 1878 irrumpe-

526 1930 576 1992 te
608 1923 847 2006 conantur,
895 1884 1056 2026 quibus
1104 1895 1354 1984 Caesanant
1404 1919 1496 1983 tam
1549 1916 1718 1980 strenue
1763 1916 1990 2124 tantopue

524 2033 679 2132 animo
712 2032 992 2148 restiterunt,
1027 2060 1079 2128 ut
1112 2023 1309 2126 hostium
1345 2023 1438 2164 plus
1474 2020 1613 2142 mille,
1644 2057 1689 2121 et
1719 2022 1766 2121 in
1794 2022 1863 2123 his
1916 2064 1987 2126 ot-

524 2174 698 2278 ,tissimo
744 2213 965 2320 quoque,
1008 2205 1082 2276 aut
1142 2169 1325 2288 occisis,
1385 2203 1461 2268 aut
1511 2164 1702 2312 graviter
1752 2167 1986 2271 vulneratis

524 2355 695 2418 ceteros
730 2355 835 2417 cum
869 2313 1057 2416 minima
1090 2351 1267 2416 suorum
1300 2321 1465 2445 jactura
1499 2310 1787 2450 repellerent,
1834 2349 1878 2412 et
1916 2351 1985 2422 ser

527 2461 791 2562 militaribus
828 2458 962 2597 signis
998 2458 1159 2556 amissis
1195 2497 1282 2558 rese
1316 2457 1505 2596 recipere
1541 2491 1779 2598 cogerent.

615 2607 827 2700 XXXVI.
910 2598 994 2696 His
1030 2596 1156 2698 rebus
1197 2599 1246 2698 in
1286 2635 1423 2698 castra
1466 2598 1705 2716 nuntiatis,
1741 2611 1847 2701 Dux
1890 2597 1983 2742 ipse

528 2740 720 2844 Urbinas
763 2738 997 2882 negotium
1043 2737 1133 2840 sibi
1177 2741 1503 2883 suscipiendum
1544 2777 1660 2843 ratus
1702 2742 1859 2844 eodem
1905 2781 1983 2842 co-

322 2941 323 2944 *
451 3017 455 3020 ‚
529 2885 620 3022 pias
648 2921 806 2988 omnes
843 2893 1117 2986 Venetorum
1152 2886 1297 3028 rapit,
1334 2887 1553 3027 quicum
1587 2883 1716 2985 variis
1752 2925 1804 2986 ex
1851 2885 1985 3026 parti-

529 3023 612 3126 bus
646 3020 802 3128 fnestra
838 3027 1007 3168 etipse
1043 3065 1424 3170 oppugnationem
1460 3063 1688 3148 tentasset,
1735 3062 1886 3130 tamen
1934 3070 1982 3131 ex

527 3206 691 3310 magna
722 3167 962 3271 hominum
997 3171 1280 3273 multitudine
1315 3211 1391 3312 pet
1427 3172 1533 3273 arcis
1569 3173 1723 3271 omnia
1759 3171 1852 3272 loca
1894 3211 1981 3312 op·

529 3347 719 3453 portum
768 3314 995 3414 tormentis
1047 3352 1091 3415 et
1134 3312 1442 3449 jaculatoribus
1491 3314 1709 3456 dispositis
1756 3353 1886 3456 atque
1931 3353 1983 3414 ea

527 3454 720 3562 maxime
762 3490 882 3594 parte
923 3458 1306 3600 oppugnationem
1349 3497 1509 3601 urgens
1554 3496 1769 3601 magnum
1804 3457 1982 3561 obsessis

528 3597 844 3698 detrimentum
879 3593 1116 3701 inferebat.
1157 3602 1243 3702 His
1280 3594 1609 3706 difficultatibus
1644 3601 1827 3712 adducti
1870 3613 1983 3708 Cae-

529 3741 714 3868 satiani,
751 3778 1039 3884 posteaquam
1074 3745 1204 3886 pauci
1238 3786 1264 3844 a
1307 3784 1469 3888 magna
1511 3744 1792 3851 multitudine
1836 3745 1982 3854 multis

530 3923 584 3983 ex
618 3883 813 4020 partibus
850 3887 1190 4023 premebantur,
1220 3888 1492 3990 deditionem
1527 3883 1668 3993 facete
1697 3888 1985 4006 constituunt,

529 4065 644 4165 quae
681 4064 802 4128 nono
840 4029 936 4132 Kal.
963 4027 1173 4132 Octobris
1209 4027 1277 4132 his
1311 4031 1637 4136 conditionibus
1673 4031 1984 4135 convenietur

527 4165 807 4288 Caesariani,
843 4169 927 4270 nisi
962 4172 1078 4272 intra
1113 4215 1184 4274 sex
1220 4171 1308 4285 dies
1351 4173 1563 4282 auxilium
1605 4176 1663 4279 eis
1705 4172 1984 4278 submittere·

530 4344 631 4429 tur,
666 4309 824 4419 urbem
865 4313 1110 4436 dederent,
1157 4316 1349 4457 ipsisque
1394 4357 1497 4422 cum
1538 4316 1664 4422 rebus
1706 4319 1793 4420 suis
1838 4316 1982 4428 omni·

529 4445 610 4550 bus
638 4449 777 4569 abire,
801 4494 1085 4599 quocumque
1114 4459 1293 4580 vellent,
1330 4497 1450 4563 extra
1485 4461 1610 4584 loca,
1645 4457 1725 4566 ubi
1761 4499 1867 4574 tune
1904 4457 1983 4562 bel·

528 4591 622 4692 lum
658 4590 925 4734 gerebatur,
960 4598 1142 4712 liceret,
1178 4604 1286 4702 dato
1321 4607 1617 4732 jurejurando,
1647 4605 1868 4712 neminem
1902 4639 1982 4700 eo-

529 4771 631 4839 tum
665 4771 766 4838 ante
799 4738 991 4849 solidum
1025 4781 1193 4848 annum
1228 4777 1453 4892 peractum
1488 4745 1537 4850 in
1580 4747 1721 4857 Gallia
1762 4744 1985 4896 Cisalpina

1901 4925 1987 4988 mh
