4284 5982
648 445 1153 522 sUMMArttUMt
1564 451 1610 524 V.

130 591 134 600 '
232 578 378 663 XXIV.
439 571 662 690 Ronquillus
677 572 881 692 Sagovien·
933 594 973 658 et
1010 565 1233 685 Ronquillus
1271 570 1397 659 cereris
1439 573 1555 664 insciis
1586 579 1637 668 ad

172 698 268 784 sium
311 699 468 782 mianum
514 691 609 779 male
654 693 769 778 habet
799 750 814 798 ,
842 714 882 778 ct
933 689 1197 807 Portugalliam
1223 711 1263 776 et
1292 688 1380 778 inde
1409 693 1640 816 iubelgium

174 813 374 902 intercluso
398 816 574 906 Praetore
610 810 728 896 abeis
756 838 882 897 recens
934 808 984 893 ad
1014 807 1196 896 Carolum
1219 835 1298 894 sese
1327 810 1535 927 recipiunt3
1560 820 1641 936 qui-

172 932 378 1018 constituto
423 931 711 1016 inBernardos
755 928 883 1016 vicum
934 923 1004 1011 bus
1029 926 1195 1043 digressis
1224 926 1342 1042 Regia
1358 929 1527 1042 peditum
1544 937 1643 1055 equi-

173 1079 250 1138 sese
278 1050 425 1162 recipit.
934 1065 1093 1157 tumque
1125 1073 1258 1130 manus
1285 1043 1514 1136 dissolvitur.

237 1168 368 1252 XXV.
427 1164 671 1282 Sagoviedses
728 1166 884 1251 vicissim
940 1218 944 1226 ·
996 1163 1143 1246 XXIX.
1204 1161 1413 1273 Civitates,
1442 1169 1552 1281 pulsis
1579 1199 1643 1256 an-

175 1282 423 1399 Ronquillum
477 1280 737 1399 perduellionis
779 1309 886 1366 reum
938 1277 1020 1364 ntsis
1049 1280 1381 1396 Magistraribusa
1422 1288 1528 1403 Rege
1555 1316 1645 1374 con-

176 1403 434 1490 condcmnant
461 1428 474 1503 3
506 1399 582 1514 ipse
617 1427 663 1484 ex
692 1397 756 1504 iis,
775 1403 887 1514 'quos
940 1397 1111 1503 stituris',
1138 1397 1247 1482 binos
1285 1398 1429 1516 legatos
1473 1404 1644 1494 Asellam

174 1545 351 1637 ceperat,
370 1517 461 1604 alios
492 1541 643 1622 morte,
674 1513 766 1601 alios
803 1544 887 1602 ver·
940 1514 1095 1601 mittunt
1126 1516 1177 1602 ad
1208 1515 1306 1630 pacis
1334 1542 1382 1634 et,
1415 1519 1499 1606 belli
1527 1523 1643 1610 admi-

174 1639 323 1726 beribus
352 1665 390 1723 et
416 1633 539 1721 exsilio
568 1634 756 1740 mulctat,
784 1661 888 1746 prae·
940 1631 1197 1718 nistrationem
1220 1695 1233 1738 ,
1256 1633 1323 1750 qui
1355 1637 1457 1724 varia
1494 1641 1644 1734 decreta

174 1783 234 1842 ter
264 1755 447 1842 Peraltam
472 1750 704 1839 Manzanedi
738 1778 887 1867 permu-
940 1744 1059 1838 lacere
1099 1750 1280 1865 incipiunt
1321 1752 1370 1839 de
1422 1757 1645 1847 Consiliariis

176 1874 321 1962 tarium
349 1875 564 1962 liberatum.
594 1953 596 1958 ,
940 1895 988 1956 cx
1025 1869 1102 1984 ipsa
1117 1943 1134 1968 .,
1152 1868 1412 1988 Hispanorum
1449 1875 1645 1966 dumtaxat

234 1993 383 2079 XXVI.
447 1990 626 2076 Toletani
657 2017 746 2074 cnm
776 1990 890 2102 Joan·
941 2010 1055 2102 genre
1079 1985 1261 2075 aCarolo
1287 1987 1492 2106 eligendis,
1526 1995 1574 2081 de
1590 2025 1645 2083 sa·

175 2137 225 2196 ne
266 2109 455 2216 Fadilla,
499 2106 758 2194 Madririenses
802 2136 891 2194 cum
941 2104 1034 2190 latiis
1059 2127 1098 2190 et
1120 2106 1243 2225 Regio
1270 2132 1396 2194 sumtu
1424 2109 1645 2221 minuendo,

176 2229 330 2341 Joanne
373 2235 515 2341 Zapara
557 2223 731 2310 auxilium
775 2227 891 2342 Sago·
942 2221 991 2308 de
1016 2222 1121 2310 aditu
1139 2224 1302 2311 externis
1334 2225 1384 2310 ad
1410 2232 1646 2343 regnandum

175 2345 362 2432 viensibus
396 2344 550 2430 mittunt
571 2406 584 2451 ,
602 2369 825 2456 'omnesque
850 2345 890 2428 in
940 2338 979 2424 in
1017 2340 1197 2456 Hispania
1237 2341 1557 2458 praecludendo,
1597 2349 1647 2436 de

175 2463 425 2576 Rooquillum
441 2484 623 2549 movent.
655 2451 722 2544 Ille
744 2489 890 2577 pugna·
941 2457 1086 2546 tributis
1109 2460 1302 2548 abolendis
1327 2484 1394 2545 aut
1415 2459 1645 2567 minuendis,

175 2606 217 2664 re
250 2579 299 2662 ab
339 2579 540 2664 Hadriano
578 2577 768 2664 Cardinali
801 2609 889 2691 pro·
940 2576 989 2661 de
1030 2576 1173 2690 optima
1219 2591 1242 2661 'a
1282 2577 1477 2666 civitatum
1518 2578 1647 2698 legatis

176 2693 315 2781 hibitus
355 2695 589 2783 venientibus
624 2694 816 2802 occurrit,
849 2721 889 2783 et
939 2693 1181 2784 conciliorum
1209 2695 1322 2782 libere
1349 2720 1389 2784 er
1432 2694 1646 2816 incorrupte

176 2812 350 2900 Antonio
428 2817 615 2902 Fonsecae
678 2811 889 2929 equitatum
940 2809 1202 2900 habendorum
1232 2813 1398 2901 rarione.
1610 2903 1612 2908 ,

174 2931 308 3017 tradit.
739 2945 742 2948 ’
1001 2929 1130 3016 ΧΧΧ.
1191 2931 1364 3022 Torsillas
1406 2959 1501 3018 veto
1541 2935 1648 3052 oppi-

246 3049 408 3134 XXVII.
478 3057 642 3136 Fonseca
687 3047 882 3163 Methym·
933 3043 1027 3132 dum
1041 3073 1230 3162 occupant
1247 3108 1259 3152 ,
1278 3048 1455 3136 tentaturi
1471 3055 1647 3166 numJ·

175 3191 268 3251 nam
299 3169 556 3280 Campestrem
576 3193 789 3282 progressus
805 3192 884 3254 tor·
935 3167 1035 3248 anna
1050 3167 1196 3281 Regina
1227 3172 1403 3284 Regnum
1436 3167 1647 3283 gubernare

172 3307 307 3369 menta
345 3283 507 3399 primum
552 3284 707 3398 poscit,
749 3284 885 3373 deinde
935 3282 1049 3398 possit
1064 3312 1117 3387 ,a
1138 3297 1228 3398 ‘qua
1260 3283 1361 3370 nulla
1395 3285 1540 3371 rarione
1577 3287 1647 3374 im·

173 3429 244 3516 per
276 3400 353 3489 vim
384 3402 524 3538 eripere
555 3397 689 3490 frustra
709 3428 883 3511 conatur,
935 3423 1079 3514 petrare
1109 3428 1290 3514 possunt,
1321 3429 1365 3492 ut
1395 3402 1556 3520 cuipiam
1581 3406 1644 3497 vel

131 3579 136 3590 .
176 3547 317 3635 magna
349 3519 480 3636 oppidi
519 3543 624 3634 parre
648 3518 794 3606 interim
820 3519 884 3608 de·
933 3517 1133 3633 diplomati
1152 3520 1375 3614 subscribat.

169 3633 404 3752 ·llagrante,
458 3665 690 3752 quamquam
749 3637 886 3751 injussu
1472 3725 1476 3734 ,

176 3783 265 3838 SUO·
303 3759 362 3840 Re
390 3755 518 3870 ltaque
546 3753 681 3842 inlecta
712 3756 884 3844 TOI'SIIIQ
1170 3810 1269 3903 ΗΒ
1321 3811 1394 3901 HI

172 3873 414 3976 contendit,
457 3896 503 3959 ut
542 3873 734 3990 Rpginam
765 3875 882 3988 Joan·
1005 3918 1009 3926 ·
1142 3907 1163 3948 -·
1272 3881 1281 3901 '
1394 3876 1406 3904 ⁸

164 4017 267 4073 nam
310 3990 515 4100 Arevalum
558 3987 800 4096 transferat'3
842 4018 883 4080 at
1605 4079 1622 4086 ..

175 4131 412 4221 repugnante
462 4109 686 4194 Marchione
741 4110 880 4198 Dianio
985 4113 1017 4198 I.
1070 4073 1240 4200 Bnetici
1266 4135 1411 4234 praeter
1443 4111 1636 4204 Glennctt·

176 4223 384 4309 Arevalum
411 4225 546 4312 reverti
570 4226 737 4341 cogitur.
932 4257 1017 4332 scs,
1043 4230 1239 4318 Ubetanos
1290 4257 1329 4320 et
1356 4230 1634 4322 Bratiensesin

236 4339 413 4426 XXVIII.
473 4341 744 4430 Valdolitenses
785 4349 882 4429 Fon·
933 4340 1060 4431 officio
1089 4347 1322 4466 imperioque
1344 4347 1471 4434 Caroli
1510 4353 1634 4440 cuncti

177 4483 282 4543 secae
310 4481 351 4544 et
394 4459 573 4546 Francisci
601 4463 737 4546 Semae
774 4461 885 4548 aedes
935 4489 973 4546 sc
992 4466 1207 4572 continent,
1225 4467 1430 4583 habitoque
1451 4465 1634 4557 Ramttae

166 4573 385 4687 diripimtt,
400 4601 618 4694 cogtmtque
644 4576 881 4664 Hadrianum
934 4609 1001 4692 per
1025 4581 1168 4699 legatos
1190 4585 1348 4673 concilo
1375 4644 1388 4690 ,
1413 4611 1462 4670 ne
1492 4587 1633 4674 Castel

164 4689 299 4806 legem
335 4693 385 4780 de
432 4692 662 4807 praefectura
695 4700 879 4783 Fonsecae
929 4697 989 4783 lae
1038 4729 1248 4789 conventus
1295 4701 1482 4818 populatis
1533 4703 1634 4816 jussis

114 4911 116 4917 k
176 4806 393 4926 abroganda
416 4813 676 4934 promulgare.
709 4819 872 4904 Fomeca
917 4843 1131 4933 pareatur,
1158 4823 1225 4908 sed
1247 4820 1378 4927 armis,
1393 4818 1530 4934 siopus
1557 4821 1634 5020 siz,

1563 4964 1590 5018 o
