4368 5984
715 473 834 546 VITA
859 475 925 546 ET
950 477 1161 548 SCRIPTA.
1500 485 1615 559 xv11.

190 623 306 716 atque
332 619 483 684 notata.
516 593 694 684 Secunda
703 659 715 701 ,
733 597 880 684 dicendi
898 598 1086 684 character
1102 599 1179 685 sive
1195 597 1309 687 dictio
1325 624 1403 686 tam
1420 627 1474 688 cst
1490 605 1527 690 in
1541 632 1640 693 utra·

182 749 259 836 quc
276 744 387 834 parte
406 715 555 823 similis,
573 743 617 803 ut
633 717 691 800 lac
704 747 784 806 non
802 717 848 802 sit
860 718 945 803 lacti
960 718 1118 804 similius.
1143 719 1295 825 Tertia,
1312 725 1522 808 constantia
1551 728 1637 840 opi·

180 839 375 924 nionum:
409 866 499 922 cum
517 867 598 922 non
626 837 749 922 solum
782 867 881 954 quae
908 838 946 921 in
962 838 1037 924 hoc
1056 868 1171 954 opere
1202 841 1250 926 ab
1279 842 1497 930 Alexandro
1515 845 1637 962 dispu-

179 985 344 1066 tantur,
376 956 584 1071 utrobique
600 956 672 1042 sint
687 957 990 1063 consentientia,
1021 958 1215 1044 sedetiam
1247 963 1436 1075 quaedam
1468 963 1636 1076 ejusdem

183 1079 398 1198 dogmata,
417 1105 517 1192 quae
533 1076 583 1159 ab
602 1080 772 1163 Averroi}
791 1077 995 1193 ceterisque
1013 1078 1261 1193 Peripateticis
1273 1080 1526 1188 celebrantur,
1544 1110 1582 1170 et
1595 1086 1635 1170 in

184 1197 260 1282 aliis
276 1196 482 1282 Alexandri
493 1194 668 1309 operibus
685 1221 867 1311 apparent
882 1258 894 1301 ,
908 1197 947 1280 in
963 1196 1018 1281 his
1034 1197 1267 1312 potissimum
1285 1199 1405 1306 libris,
1433 1203 1635 1318 dequibus

181 1315 392 1432 quaeritur,
408 1317 652 1430 reperiantur.
669 1317 839 1420 Quarta,
858 1315 1160 1402 testimoniorum
1177 1317 1272 1402 ratio
1286 1378 1298 1422 ,
1314 1349 1392 1434 qua
1409 1322 1567 1408 maxime
1579 1323 1634 1407 in-

179 1435 335 1550 scriptio
356 1433 588 1549 supposititia
616 1436 792 1520 convinci
815 1461 930 1550 atque
948 1431 1061 1520 refelli
1091 1458 1264 1550 poterat,
1286 1436 1315 1521 si
1333 1439 1415 1552 quis
1431 1436 1528 1526 forte
1545 1441 1634 1527 Ale-

178 1555 331 1640 xandro
349 1553 562 1668 posterior,
587 1577 655 1638 aut
679 1553 757 1668 ipse
783 1554 1024 1659 Alexander,
1048 1556 1157 1669 quod
1190 1556 1229 1639 in
1262 1555 1385 1671 primis
1416 1562 1634 1673 oportebat,

182 1673 332 1758 citatus.
346 1672 591 1788 reperiretur.
625 1677 696 1758 Ast
723 1703 886 1780 omnes,
918 1673 987 1789 qui
1020 1702 1107 1786 post
1130 1675 1372 1759 Antoninum
1397 1703 1436 1762 et
1452 1682 1633 1764 Severum

183 1788 371 1899 floruere,
404 1821 528 1876 unum
545 1791 802 1878 Alexandrum
819 1793 858 1879 in
887 1822 953 1877 ore
971 1822 1116 1908 semper
1134 1789 1285 1898 ferunt,
1314 1819 1358 1880 ut
1374 1795 1438 1907 Jo.
1453 1796 1631 1911 Philopo-

179 1939 281 2017 nus,
307 1911 539 2028 Simplicius,
569 1913 793 2000 Ammonius
812 1971 823 1995 .
855 1915 989 2006 Quare
1012 1911 1184 2026 ineptum
1208 1908 1308 1998 foret
1332 1913 1446 1998 alium
1466 1915 1515 1998 ab
1541 1915 1630 2002 Ale-

176 2031 329 2118 xandro
345 2030 595 2145 Aphrodisieo
623 2056 817 2117 auctorem
846 2031 1089 2116 comminisci.

273 2155 426 2236 Praeter
440 2156 654 2235 Romanam
669 2150 869 2237 Alexandri
893 2151 1252 2254 commentariorum
1267 2151 1469 2239 editionem
1486 2213 1500 2259 ‚
1516 2183 1634 2270 quam

179 2269 296 2353 nobis
327 2269 613 2355 examinandam
642 2270 813 2383 praebuit
839 2270 896 2355 vit
923 2269 987 2353 cl.
1030 2272 1136 2356 Ferd.
1154 2273 1234 2385 Jos.
1260 2272 1438 2358 Velascus
1471 2275 1634 2386 supremi

182 2385 374 2473 Castellae
403 2389 578 2474 dicasterii
603 2392 792 2496 Senator,
820 2387 982 2474 vidimus
1008 2413 1048 2473 et
1079 2389 1187 2473 aliam
1215 2391 1253 2472 in
1269 2391 1387 2506 Regia
1403 2391 1636 2476 Bibliotheca

183 2505 400 2591 Matritensi
414 2509 578 2593 Veneriis
603 2537 776 2594 excusam
813 2536 902 2593 ann.
919 2509 981 2590 M.
997 2507 1049 2590 D.
1066 2509 1291 2592 XXXXIV.
1318 2508 1355 2590 in
1373 2507 1401 2592 f.
1415 2510 1477 2620 Jo.
1505 2510 1635 2595 Alber-

182 2645 246 2707 tus
275 2625 459 2711 Fabricius
478 2645 492 2683 ¹
526 2628 621 2712 duas
653 2628 739 2712 alias
759 2651 945 2712 memorat
960 2625 1172 2734 editiones,
1204 2626 1359 2713 alteram
1376 2627 1489 2712 Paris.
1512 2630 1638 2738 153⁶·

184 2755 204 2796 ²
225 2741 380 2830 alteram
407 2746 588 2832 Veneriis.
607 2750 732 2855 1561.
763 2740 1058 2863 utramqueinf.
1527 2855 1531 2862 Ι

275 2863 379 2948 Idem
398 2865 582 2950 Fabricius
609 2866 823 2953 observavit
853 2925 867 2971 ,
901 2865 940 2949 in
999 2888 1137 2948 uatuor
1165 2863 1399 2980 Sepulvedae
1447 2863 1637 2953 codicibus

185 2973 345 3068 defuime
379 2981 581 3070 Alexandri
613 2984 848 3099 Aphrodisiei
877 2895 1175 3098 praclqationem,
1204 3014 1320 3099 quam
1350 3014 1373 3069 c
1404 2983 1533 3069 codice
1565 2985 1637 3071 alio

184 3097 285 3185 Ms.
298 3105 446 3188 Graece
464 3126 502 3187 et
517 3102 649 3189 Latine
674 3098 776 3189 dedit
793 3103 983 3190 Antonius
999 3102 1223 3188 Possevinus
1239 3104 1321 3187 libr.
1339 3104 1427 3187 XII.
1458 3103 1637 3188 Bibliorb.

183 3225 252 3300 sel.
283 3247 317 3304 c.
338 3249 391 3329 29
413 3252 422 3304 :
452 3222 648 3307 desiderari
676 3250 836 3337 quoque
866 3246 1069 3308 extremam
1108 3245 1252 3335 partem
1277 3222 1314 3304 in
1340 3221 1472 3306 librum
1490 3224 1542 3304 X.
1570 3222 1637 3304 Ce-

184 3349 306 3419 terum
339 3343 500 3448 ejusdem
532 3342 781 3450 Aphrodisiei
806 3347 892 3424 siue
920 3342 1060 3423 scholia
1076 3398 1092 3443 ,
1107 3347 1192 3421 sive
1212 3342 1470 3449 paraphrasis
1486 3341 1636 3424 Graeca

184 3455 297 3540 MS.
324 3465 364 3539 in
385 3457 496 3543 XIII.
526 3483 564 3542 et
603 3457 711 3544 XIV.
743 3461 881 3543 libram
909 3461 1193 3568 Merapbysices
1224 3461 1450 3542 Aristotelis
1482 3455 1636 3570 (verba

191 3601 280 3660 sunt
296 3575 487 3662 Possevini
503 3601 532 3661 t.
554 3607 592 3659 2.
609 3608 648 3692 p.
668 3608 737 3685 74.
754 3576 767 3690 l
796 3585 836 3660 in
852 3585 966 3660 lucem
990 3584 1171 3680 nondam,
1198 3581 1295 3684 qnod
1307 3585 1426 3660 sciam
1443 3633 1456 3680 ,
1473 3580 1635 3686 prodiit,

187 3701 363 3797 anamma
375 3722 501 3778 earum
518 3701 687 3806 exempla
707 3711 852 3779 exstent
871 3711 948 3778 tum
963 3702 1067 3806 apud
1081 3697 1234 3778 Petrum
1245 3697 1443 3803 Fonsecarn
1453 3710 1633 3806 nostruin,

186 3825 265 3894 tum
293 3816 398 3922 apud
420 3813 662 3897 Fredericnm
687 3819 908 3898 Pendasium
927 3820 1118 3924 pubiicum
1137 3815 1397 3922 Philosophiae
1420 3823 1459 3892 in
1479 3835 1632 3920 gymna-

186 3939 243 4014 sio
258 3931 484 4017 Bononiensi
499 3932 780 4044 praestarem,
810 3941 871 4020 cui
882 3932 1049 4044 probata
1066 3948 1180 4037 sunt,
1211 3941 1340 4040 quique
1370 3939 1409 4014 in
1426 3934 1633 4038 exemplari

246 4051 354 4133 Tam.
373 4052 406 4136 I.
1120 4051 1157 4136 C
1519 4073 1629 4156 quae·

229 4185 244 4224 t
287 4169 427 4226 Biblioth.
446 4169 551 4230 Graec.
569 4175 627 4230 vol.
645 4174 699 4233 tv.
714 4193 741 4249 p.
752 4171 801 4232 68.

230 4263 250 4303 a
289 4249 460 4308 Parisiensis
484 4254 574 4311 Istaec
590 4253 679 4311 editio
692 4255 769 4313 forte
782 4255 902 4313 debetur
917 4251 1061 4310 Roderico
1076 4247 1232 4319 Menneu,
1257 4247 1303 4320 qui
1326 4245 1472 4321 hocopus
1493 4245 1531 4301 ibi
1553 4259 1636 4300 recu·

190 4326 315 4384 dendutn
330 4331 361 4386 in
381 4349 412 4389 se
433 4338 564 4408 recepit:
589 4352 656 4390 narn
670 4336 701 4390 In
718 4337 840 4408 epistola
863 4337 898 4389 ad
925 4349 990 4389 eum
1005 4330 1122 4386 missac
1138 4327 1267 4385 Genesio
1280 4331 1374 4385 Roma
1392 4327 1466 4384 idib.
1488 4326 1505 4398 J
1510 4328 1546 4379 ul.
1567 4341 1635 4382 ann.

191 4424 277 4481 ¹⁵34
302 4409 373 4468 haec
387 4413 525 4486 regimus:
547 4412 632 4472 Illud
643 4425 735 4471 aurem
752 4433 769 4470 a
785 4424 815 4471 te
826 4423 894 4486 peto
907 4450 918 4484 ,
933 4409 1167 4484 uehementerque
1180 4426 1252 4488 rogo
1267 4447 1277 4479 ,
1296 4419 1328 4464 ur
1343 4409 1371 4464 ri
1390 4408 1443 4464 boc
1463 4419 1531 4478 opus
1547 4405 1638 4462 Lute-

188 4489 275 4562 rrae,
291 4493 517 4566 quemadmodum
530 4505 560 4553 te
573 4491 732 4570 facturum
752 4493 879 4551 ostendis
895 4533 906 4566 ,
926 4491 1116 4551 excudendum
1130 4490 1308 4558 curaveris,
1330 4488 1380 4544 der
1401 4500 1538 4560 operum,
1561 4495 1591 4539 ur
1605 4484 1640 4540 id

187 4582 326 4629 cremate
346 4570 562 4652 diligenterque
570 4573 649 4648 fiat3
669 4577 709 4632 ad
726 4583 826 4632 cetera
839 4575 914 4631 enim
931 4572 1008 4630 mala
1024 4611 1034 4644 ,
1051 4571 1151 4646 quibus
1164 4567 1255 4645 fama
1276 4569 1451 4640 interpretis
1464 4575 1510 4624 est
1532 4579 1638 4638 oppor-

188 4657 257 4704 tuna
271 4690 282 4723 ,
298 4654 414 4710 accedit
428 4653 621 4711 librariorum
635 4655 839 4736 negligentia,
863 4673 918 4730 qua
931 4655 960 4712 ri
979 4654 1048 4728 quid
1057 4660 1207 4726 peceatum
1215 4647 1349 4725 fuerit,
1370 4653 1423 4704 boc
1447 4662 1552 4721 quoque
1570 4645 1640 4718 ple·

184 4745 305 4804 rumque
318 4729 410 4791 soient
430 4733 642 4793 obtrectatores
656 4735 867 4811 interpretibus
881 4737 1054 4813 assignare.
1076 4731 1201 4790 Videtur
1215 4731 1296 4787 nobis
1309 4729 1356 4785 lale
1371 4743 1469 4784 auctor
1484 4725 1637 4799 prudenter

189 4812 335 4869 omlnatus
350 4831 438 4886 esse,
460 4815 535 4887 quod
559 4815 613 4870 sibi
634 4831 734 4889 postea
750 4817 873 4874 accidit.
902 4815 981 4872 Nam
1000 4831 1066 4871 cum
1080 4812 1248 4870 AristothIs
1266 4809 1453 4866 Politicorum
1478 4806 1639 4863 versionem

188 4887 307 4950 Par'rsiis
320 4895 482 4952 excudisset
503 4913 571 4953 ann.
587 4896 672 4968 1548.
693 4898 896 4968 vascosanus,
919 4909 981 4952 tarn
998 4892 1084 4950 lirede
1097 4907 1212 4964 tamque
1225 4891 1382 4947 oscitanter
1397 4907 1461 4946 eam
1477 4897 1639 4960 repraesen-

188 4971 268 5027 tavit
282 5011 291 5044 ,
306 4987 338 5030 ut
351 4992 389 5032 ex
404 4977 458 5032 bac
474 4979 559 5034 unica
575 4995 661 5033 causa
681 4978 874 5052 Sepulvedam
894 4989 1043 5050 tamquam
1066 4978 1176 5034 malum
1196 4973 1384 5046 interpretem
1395 4968 1452 5052 ‚Cb
1469 4969 1547 5026 Patr.
1560 4965 1641 5023 Dan.

190 5049 313 5112 Huetius
330 5055 509 5118 traduxerit.
532 5059 599 5137 Qua
613 5059 649 5117 de
665 5077 695 5118 re
709 5075 760 5117 svo
774 5063 847 5119 loco.
