4292 5984
530 414 660 484 XVIII.
985 407 1487 484 SUMMARIUM.

506 537 607 626 uiam
644 534 775 650 Iniquo
790 607 793 617 .
808 533 980 652 exemplo
1010 565 1033 620 a
1065 534 1215 623 Pontifi-
1269 529 1309 624 re
1337 568 1404 643 se,
1425 539 1627 654 quomodo
1640 545 1723 626 non
1740 539 1784 624 sit
1820 536 1990 626 defectio

507 686 551 743 ce
574 657 863 770 inpetratum.
1270 653 1441 743 infamiae
1478 653 1628 744 futura.
1673 657 1847 744 Clemens
1880 664 1987 746 Pon·
2141 665 2142 746 l

569 778 622 861 V.
683 772 877 860 foederati
905 801 961 858 res
993 773 1044 859 ad
1077 773 1217 862 bellum
1271 771 1360 862 tifex
1388 777 1603 861 Marchioni
1637 777 1859 891 persuadere
1901 777 1987 864 niti·

510 889 726 980 necessarias
756 916 1004 1094 compatrum.
1041 893 1240 979 Pisorriae'
1273 920 1334 981 tur
1353 893 1418 998 ‚id
1433 889 1574 980 facinus
1601 894 1651 978 ab
1677 895 1760 1010 ipso
1782 894 1842 1012 pie
1864 921 1989 1014 atque
2141 932 2142 954 ι

513 1010 687 1100 Mardrio
718 1010 770 1097 de
803 1039 845 1096 ce
881 1034 925 1096 to
956 1009 1023 1096 sibi
1064 1011 1218 1098 consilio
1275 1037 1401 1099 sancte
1418 1014 1567 1128 'patrari
1598 1043 1727 1127 posse.

513 1136 656 1248 Regem
668 1128 823 1214 Gallum
846 1129 1122 1243 inHispaniam
1147 1156 1217 1216 tra·
1304 1133 1402 1216 XIII.
1443 1135 1497 1218 At
1511 1132 1687 1218 Piscariae
1704 1131 1986 1222 Marc'hioMo-

513 1247 675 1336 ducendi
706 1249 949 1336 vehementer
986 1276 1052 1362 per
1083 1248 1219 1336 litteras
1274 1278 1414 1336 tonum
1442 1278 1573 1366 capere
1585 1249 1740 1356 stanit,
1761 1250 1828 1364 qui
1840 1277 1990 1381 captus,
2141 1307 2142 1354 3

512 1396 601 1454 cum
616 1365 757 1451 Carolo
768 1369 926 1451 Caesare
951 1368 1216 1482 conqueritur.
1276 1367 1463 1457 intentatis
1509 1368 1702 1456 tormentis
1734 1430 1747 1474 ,
1774 1395 1987 1481 conjurato

515 1526 520 1535 ¹
574 1488 643 1572 VI.
704 1483 831 1570 Caroli
869 1484 1034 1568 Caesar-is
1079 1486 1129 1571 ad
1162 1487 1221 1571 Pi·
1276 1516 1360 1572 rum
1398 1487 1548 1573 consilia
1574 1486 1717 1602 planius
1744 1510 1859 1602 atque
1879 1517 1986 1605 aper·

514 1604 648 1692 scoriae
677 1602 908 1690 Marchionis
952 1603 1120 1719 querelas
1167 1633 1221 1688 sa·
1277 1605 1351 1692 tius
1380 1603 1559 1692 indicat.¹

514 1717 695 1810 tisfactio.
1246 1715 1250 1724 ⁸
1331 1725 1438 1808 XIV.
1491 1723 1556 1810 Ad
1579 1723 1754 1810 nuntium
1781 1725 1881 1859 capti
1897 1728 1984 1813 Mo
2141 1731 2142 1744 '

574 1843 658 1926 VII.
712 1839 969 1953 Hieronymus
985 1843 1222 1930 Moronusa
1279 1842 1363 1926 roni
1393 1847 1484 1928 Dux
1515 1839 1650 1928 Sfortia
1675 1869 1817 1958 magno
1848 1867 1987 1932 umore

515 1955 697 2045 Pontifice
737 1957 968 2075 Venerisque
1009 1959 1060 2044 ad
1110 1961 1224 2045 Pisca·
1272 1959 1465 2074 perculsus
1493 1960 1549 2045 sui
1578 1959 1766 2077 purgandi
1794 1989 1905 2046 causa
1932 1963 1987 2049 ad

517 2077 593 2164 riae
621 2075 884 2161 Marchionem
910 2076 1092 2162 nittitur.
1122 2078 1224 2190 Ejus·
1281 2078 1543 2164 Marchiouem
1577 2077 1688 2164 mittit
1720 2139 1733 2183 ,
1760 2102 1800 2164 et
1840 2107 1987 2195 praeter

520 2195 609 2282 dem
634 2193 767 2279 oratio
783 2194 1053 2280 Marchionem
1084 2195 1135 2282 ad
1163 2195 1224 2281 de·
1282 2195 1605 2283 Mediolanensem
1678 2197 1987 2284 Cremonensem·
2141 2258 2142 2298 r

519 2309 720 2397 lectionem
733 2311 968 2416 solicitantis,
992 2315 1115 2429 Regni
1128 2317 1226 2398 Nea·
1274 2319 1358 2428 que
1374 2343 1475 2401 arces
1493 2314 1679 2401 cunctati
1707 2314 1841 2400 radit.
1876 2318 1987 2400 Mar-
2141 2303 2142 2386 i

520 2428 676 2546 politani
704 2428 870 2544 praemio
896 2430 1116 2543 proposito.
1282 2431 1370 2518 chio
1402 2429 1558 2518 Sfortiae
1589 2431 1804 2536 rentmtiat,
1837 2457 1881 2517 ut
1913 2433 1988 2519 illas

596 2550 695 2632 VIII.
767 2546 842 2630 Hic
903 2574 941 2630 se
986 2548 1227 2635 vehementer
1284 2571 1441 2665 quoque
1471 2552 1562 2637 duas
1588 2579 1688 2636 arces
1718 2549 1758 2634 in
1785 2579 1891 2636 suam
1919 2581 1987 2665 po

520 2663 555 2752 le
582 2662 633 2748 ati
673 2661 846 2778 ‘pollicitis
893 2689 1130 2752 commotum
1167 2669 1228 2754 rei
1286 2690 1457 2753 testatem
1482 2668 1691 2784 permittat.

551 2783 559 2799 '
624 2780 740 2867 ultate
770 2783 1039 2870 tannunmodo
1069 2786 1267 2876 deterre»
1344 2787 1434 2870 XV.
1492 2786 1627 2874 Sfortia
1652 2813 1751 2871 arces
1766 2813 1989 2874 memoratas
2141 2861 2142 2872 ,

522 2898 553 2985 ri
584 2898 728 2984 simulat
745 2959 757 3004 ,
775 2925 819 2985 ut
834 2900 1128 2990 Foederatorum
1143 2933 1231 2990 con·
1285 2903 1432 2989 tradere
1459 2929 1638 2991 renuente
1669 2965 1681 3010 ,
1716 2907 1862 3018 Gaspar
1902 2909 1990 2992 Fro-

525 3015 600 3102 silia
629 3010 767 3102 facilius
795 3015 982 3132 exploret.
1287 3021 1487 3138 despergus
1500 3051 1587 3109 cun
1601 3020 1991 3110 mbusmillibusGer·
2141 3021 2142 3040 ¹

559 3136 771 3219 'IX-X.
831 3137 1020 3222 Moronus
1050 3139 1232 3256 conspira-
1287 3167 1512 3248 manorum,
1535 3140 1669 3257 quibus
1701 3166 1892 3253 praeerat,
1909 3143 1991 3227 Me·

527 3251 637 3337 tionis
679 3251 798 3337 socios
818 3252 1015 3340 nominat.
1056 3257 1230 3345 Marchio
1288 3256 1542 3344 diolanensem
1564 3259 1738 3360 obsidet;
1761 3258 1990 3346 Cremonen·

529 3369 580 3454 ad
611 3368 706 3454 tanti
733 3370 916 3456 momenti
937 3373 1133 3490 negotium
1160 3376 1231 3463 do-
1288 3374 1332 3461 sis
1357 3404 1512 3492 quoque
1538 3376 1754 3463 obsideor.
1796 3423 1803 3428 ·

362 3557 365 3564 .
528 3485 581 3571 mi
605 3487 841 3574 tractandum
872 3488 993 3604 ipsum
1020 3491 1158 3606 rejicit,
1183 3523 1231 3581 eo
1332 3494 1435 3578 XVI.
1485 3481 1630 3580 Interea
1657 3496 1740 3579 Rex
1754 3491 1885 3578 Gallus
1903 3521 1994 3582 cum

528 3603 663 3691 scilicet
690 3603 868 3711 consilio,
890 3629 934 3692 ut
951 3610 1139 3696 Antonius
1150 3611 1232 3697 Lei-
1288 3610 1430 3698 Carolo
1446 3639 1577 3725 pacem
1600 3636 1807 3725 utcumque
1833 3607 1940 3717 facit,
1954 3641 1993 3698 et
2141 3607 2142 3614 ‘

528 3751 579 3810 va
594 3750 681 3836 post
702 3721 865 3840 stragula
879 3723 1107 3834 occrtltatus,
1124 3729 1232 3843 quod
1288 3728 1395 3814 sein
1438 3728 1645 3832 libertatem
1685 3727 1848 3817 vindicat
1890 3731 1994 3816 certis

455 3909 456 3912 s
531 3839 690 3948 accidit,
708 3841 837 3926 audire
862 3841 995 3954 possit.
1289 3846 1565 3934 conditionibus
1581 3909 1594 3952 ,
1609 3875 1654 3934 ea
1668 3845 1879 3963 praesertim
1894 3875 2014 3962 ,qua

548 3959 641 4092 'XI
693 3958 869 4044 Piscatiae
885 3959 1059 4047 Marchio
1075 3960 1123 4047 de
1135 3964 1231 4048 Pon·
1288 3964 1470 4078 pollicitus
1496 3991 1552 4051 est
1578 3963 1836 4084 burgundiam
1864 3965 1991 4052 redde-

530 4069 635 4158 nfieis
679 4101 965 4193 oeterorumque
1009 4079 1234 4167 Foederato
1289 4110 1357 4188 re,
1381 4106 1420 4169 et
1450 4082 1740 4170 Mediolanemis
1768 4081 1995 4197 Principatus
2141 4183 2142 4190 Ν

531 4218 617 4276 rum
647 4191 802 4277 consiliis
813 4196 1010 4282 Caesarem
1040 4197 1235 4286 certiorem
1287 4198 1367 4313 jure
1395 4203 1546 4288 tedere.

395 4401 400 4411 ,
532 4337 599 4421 per
625 4306 762 4394 litteras
788 4306 897 4396 facit.
1336 4320 1458 4404 XVII.
1504 4320 1600 4415 Quo
1625 4317 1703 4433 jure
1726 4315 1886 4404 Carolus
1901 4321 1996 4406 Cae-

576 4427 674 4510 len.
731 4431 898 4516 Reverso
939 4429 991 4516 ad
1022 4431 1120 4518 diem
1151 4439 1236 4522 Mo
1288 4439 1358 4522 sar
1375 4438 1662 4555 Burgtmdiam,
1686 4466 1802 4553 quam
1830 4434 1884 4520 sui
1919 4465 1996 4522 ma·

533 4567 657 4647 tono,
690 4544 864 4630 Pisctriae
886 4549 1061 4634 Marchio
1080 4554 1236 4638 tandem
1289 4555 1388 4666 iores
1402 4556 1669 4661 obtinuerant,
1685 4577 1892 4668 repeteret,
1916 4551 1997 4668 ipsis

534 4661 724 4773 respondit
739 4724 753 4766 ,
770 4663 836 4748 sibi
849 4689 1134 4752 auctoramento
1167 4673 1237 4753 Ca-
1290 4669 1489 4781 majoribus
1519 4672 1653 4763 ordine
1683 4670 1997 4778 memoratis,.ex-

535 4777 631 4862 rolo'
647 4781 794 4868 Caesari
817 4781 1010 4900 obligato,
1039 4811 1121 4870 non
1135 4785 1238 4876 vide'·
1292 4788 1468 4906 plicattu.

1927 4909 1996 5022 Jus
