4368 5984
571 405 613 474 rs
956 402 1106 492 JOAN.
1124 407 1237 480 GEN.
1254 405 1561 480 SEPULVEDAE

523 523 678 630 fuerint
703 531 978 638 nunccupando,
1023 535 1089 612 vel
1110 537 1219 612 unius
1251 541 1385 640 graeci
1415 533 1528 616 uerbi
1550 538 1756 618 intellectus
1787 544 1982 624 multorum

541 646 759 732 Latinorum
777 656 997 733 circuitione
1014 653 1270 756 explicandus.
1305 651 1420 759 ,Quod
1433 668 1475 734 ut
1504 671 1614 760 saepe
1644 680 1708 736 res
1724 654 1985 764 ipsafiictita-

538 792 581 849 re
610 770 742 848 suadet
758 774 928 873 ratioque
945 768 1202 872 latinitatis,
1240 775 1298 850 sic
1329 773 1512 854 interdum
1544 785 1622 852 tarn
1646 778 1832 856 molestum
1865 791 1922 857 est
1945 791 1984 858 et

539 892 789 990 importunum
807 945 818 989 ,
836 901 878 968 ut
905 892 1131 989 orationem,
1159 913 1251 992 quae
1268 894 1365 970 alios
1384 885 1535 992 fuisset
1550 895 1736 994 illustris,
1763 896 1981 1000 implicitam

539 1007 706 1107 reddat,
738 1019 774 1086 et
791 1005 958 1087 tenebris
989 1003 1161 1106 offuscet.
1178 1003 1251 1086 'lta
1267 1003 1326 1102 fit
1348 1013 1565 1116 plerumque
1580 1065 1595 1110 ,
1613 1023 1655 1089 nt
1678 1016 1715 1088 si
1731 1018 1871 1113 quisse
1887 1005 1981 1098 Phi-

537 1128 668 1230 lologis
689 1126 944 1206 commendare
972 1127 1157 1226 studeat,
1178 1125 1412 1234 Philosoptis
1437 1145 1576 1234 porum
1617 1125 1870 1233 satisfaciat,
1898 1155 1981 1210 cum

537 1243 673 1346 quibus
708 1249 885 1324 monstris
903 1257 981 1322 tom
1007 1247 1101 1324 duro
1125 1249 1324 1324 eonomine
1351 1248 1567 1353 depugnavi
1592 1302 1606 1348 ,
1637 1259 1680 1326 ut
1704 1265 1815 1354 saepe
1851 1274 1980 1329 manus

529 1355 678 1462 fiterim
692 1364 879 1466 daturus,
904 1367 980 1442 nisi
996 1365 1102 1469 cujrts
1122 1362 1238 1468 jussa
1254 1363 1579 1464 administrarem,
1595 1370 1847 1446 meminissem.
1864 1367 1978 1458 Quae

538 1503 726 1591 postrema
754 1479 870 1563 verba
894 1479 1043 1594 egregie
1073 1504 1285 1565 consonant
1314 1507 1402 1563 cum
1437 1480 1509 1584 iis,
1534 1509 1633 1595 quae
1665 1476 1812 1566 inferius
1845 1481 1978 1596 scripta

537 1595 709 1712 reliquit.
747 1597 861 1700 Scio,
888 1595 1040 1710 inquit,
1062 1598 1148 1683 huic
1164 1623 1302 1704 quoque
1329 1607 1434 1708 operi
1459 1614 1620 1706 paratos
1652 1625 1734 1680 esse
1750 1602 1977 1685 obtrectato-

535 1741 622 1819 res,
639 1721 703 1820 qoi
736 1742 812 1799 meo
829 1723 964 1799 nomini
982 1773 996 1820 ,
1012 1723 1394 1829 quarumquaratione
1404 1725 1578 1824 poss-int,
1609 1713 1802 1822 afficiendi
1819 1779 1831 1822 ,
1866 1745 1979 1802 meas

540 1859 608 1940 que
625 1837 800 1944 cujusque
824 1843 975 1943 generis
1006 1836 1346 1920 lucubratiunculas
1367 1839 1615 1918 calumniandi
1648 1845 1856 1921 occasiones
1889 1841 1977 1922 dili-

535 1967 670 2060 genter
692 1961 896 2063 arripiunt.
1283 1994 1295 2017 ·

624 2070 695 2156 Ad-
712 2069 968 2186 eloquentiam
998 2071 1108 2186 quod
1139 2069 1312 2177 attinet,
1343 2071 1557 2188 Sepulveda
1585 2073 1746 2158 candide
1777 2071 1977 2187 profitetur

431 2277 439 2306 ,
536 2215 615 2272 non
640 2189 794 2274 olianta
818 2219 856 2274 se
888 2190 1123 2295 adhibitam,
1160 2219 1278 2304 quam
1300 2220 1400 2306 quae
1447 2215 1737 2305 extemporanea
1765 2191 1972 2296 facultate,

483 2311 490 2326 '
530 2308 927 2423 quantulumcumque
953 2337 1028 2392 usu
1046 2309 1114 2393 sibi
1143 2333 1457 2423 comparaverat,
1499 2311 1755 2423 suppetebat.
1788 2310 1833 2395 ld
1865 2309 1967 2393 enim

532 2425 638 2511 omni
663 2457 739 2541 ope
764 2427 914 2512 annisus
934 2451 990 2512 est
1014 2487 1029 2532 ,
1052 2427 1215 2540 primum
1243 2452 1287 2512 ut
1317 2455 1442 2512 sermo
1480 2451 1573 2513 esset
1603 2427 1756 2512 Latinus
1781 2428 1967 2541 quidem,

535 2542 696 2629 sednon
730 2541 879 2631 fucatus
897 2571 966 2628 nec
994 2543 1235 2630 ambitiosus:
1260 2543 1396 2630 deinde
1421 2567 1464 2630 ut
1491 2543 1703 2630 orationem
1735 2605 1751 2647 ,
1779 2569 1970 2657 quantum

536 2689 593 2745 res
615 2687 832 2775 pateretur,
860 2662 1084 2746 illustraret:
1125 2685 1208 2746 tum
1237 2661 1494 2776 inprimitus
1530 2662 1695 2747 auctoris
1729 2690 1810 2745 non
1849 2660 1972 2747 modo

536 2777 768 2895 incorruptas
782 2780 979 2867 sententias
1006 2779 1073 2865 sed
1099 2781 1219 2867 verba
1232 2780 1345 2866 uiam
1375 2843 1388 2887 ,
1420 2805 1605 2899 quatenus
1637 2779 1817 2866 sermonis
1848 2777 1973 2866 Iatioi

537 2898 635 2984 tatio
659 2900 832 3013 patitur,
859 2893 1085 2984 transferret.
1832 2935 1835 2940 Δ

531 3050 535 3065 ·
625 3017 741 3104 Libro
769 3021 838 3103 Vl.
864 3018 974 3130 hujus
1006 3016 1128 3131 operis
1156 3019 1351 3133 praemissa
1367 3043 1422 3104 est
1437 3022 1490 3101 ad
1518 3018 1735 3103 Cleostratam
1751 3014 1840 3102 Vtt.
1861 3019 1973 3112 Pons,

536 3133 653 3232 Max.
691 3134 756 3252 Jo.
788 3137 939 3220 Genesii
965 3136 1200 3252 Sepulvedae
1221 3135 1417 3246 praefhtio
1448 3145 1488 3219 in
1522 3141 1737 3221 Alexandri
1772 3134 1973 3245 Aphrodi-

535 3261 606 3334 siei
625 3263 892 3340 enarrationem
916 3262 1166 3365 posteriorum
1189 3259 1367 3342 librorum
1393 3257 1616 3342 Aristotelis
1640 3259 1688 3337 de
1711 3261 1840 3362 prima
1869 3248 1964 3342 Ptr-

534 3375 737 3479 cosmato..
753 3378 795 3456 In
811 3402 857 3457 ea
873 3401 942 3459 nos
974 3372 1088 3458 docet
1103 3397 1236 3458 auctor
1264 3373 1483 3487 opinionem
1514 3400 1580 3486 per
1605 3372 1748 3456 Italiam
1771 3371 1886 3488 longe
1912 3369 1964 3455 la·

533 3511 647 3606 teque
676 3491 981 3599 disseminatam,
1009 3491 1210 3577 Alexandri
1225 3491 1499 3576 enarrationem
1521 3491 1697 3606 quintum
1713 3491 1846 3574 librum
1863 3487 1968 3574 haud

493 3617 496 3622 ’
532 3635 726 3725 quaquam
743 3612 951 3717 excedere,
971 3611 1235 3726 neminemque
1251 3610 1326 3722 jam
1348 3639 1457 3715 esse,
1486 3608 1606 3694 modo
1632 3608 1785 3693 Graecis
1809 3607 1968 3720 scripto·

532 3725 631 3812 tibus
654 3727 913 3846 dignoscendis
940 3728 1055 3844 paulo
1079 3724 1205 3814 funes
1229 3729 1437 3834 curiosior,
1464 3727 1524 3812 cui
1540 3755 1643 3813 error
1678 3725 1842 3811 hicnon
1874 3748 1970 3808 esset

531 3840 571 3927 in
587 3847 711 3957 primis
735 3877 957 3963 persuasus.
991 3853 1033 3931 ln
1060 3846 1161 3930 hanc
1196 3847 1418 3933 sententiam
1443 3875 1491 3931 ex
1513 3843 1719 3930 Academia
1734 3841 1966 3929 Bononiensi
1989 3894 2012 3912 κ

532 3963 738 4051 amicorum
753 3967 888 4054 litteras
909 3991 1129 4080 acceperat,
1166 3965 1204 4050 in
1232 3966 1331 4051 hanc
1360 3994 1406 4050 ex
1422 3964 1633 4078 Gymnasio
1660 3961 1859 4048 Patavino-
1876 3963 1967 4044 Hoc

531 4078 598 4163 sibi
627 4085 773 4168 Romae
803 4085 1033 4172 doctissimus
1067 4083 1226 4201 quisque
1258 4106 1507 4172 asseverator.
1538 4082 1630 4177 Qua
1657 4081 1706 4166 de
1723 4109 1763 4165 re
1790 4077 1969 4191 iudicium

530 4191 626 4285 serre
641 4202 786 4288 tamdiu
814 4203 984 4308 distulit,
1007 4202 1130 4290 donec
1163 4203 1426 4319 posterioribus
1449 4198 1571 4302 libris,
1592 4199 1641 4286 de
1664 4197 1798 4313 quibus
1811 4223 1969 4311 quaere·

531 4314 669 4425 batur,
686 4321 879 4435 perlectis,
895 4346 1022 4407 totum
1046 4353 1143 4436 opus
1167 4321 1436 4410 accuratissime
1462 4314 1724 4403 consideraret.
1751 4317 1843 4412 Qua
1875 4343 1969 4426 pro-

530 4433 653 4521 vincia
678 4437 872 4556 diligenter
893 4440 1022 4544 obita,
1055 4471 1151 4555 opus
1182 4443 1369 4557 integrum
1398 4438 1520 4524 eidem
1543 4435 1688 4522 auctori
1710 4431 1969 4536 tribuendum,

530 4549 665 4642 diserte
690 4560 953 4672 pronunciavit
973 4584 1140 4674 quatuor
1166 4560 1340 4645 inductus
1372 4553 1600 4658 rationibus,
1636 4555 1739 4668 queis
1771 4576 1886 4632 nemo
1912 4575 1968 4631 sa·

529 4699 601 4758 nus
635 4678 755 4763 modo
784 4707 864 4764 non
902 4677 1142 4764 assentiamur.
1179 4675 1301 4760 Prima
1330 4697 1384 4759 est
1425 4667 1704 4783 inscriptionum
1735 4665 1966 4779 antiquitas:

528 4819 695 4907 quatuor
712 4797 810 4882 enim
825 4797 1075 4914 antiquissima
1091 4793 1312 4908 exetnplan'a
1329 4853 1342 4894 ,
1357 4817 1523 4907 quorum
1540 4787 1653 4872 fidem
1667 4787 1704 4868 in
1722 4784 1894 4872 versione
1906 4811 1967 4868 se-

527 4938 638 5008 cutus
658 4943 753 5026 est,
790 4915 992 5006 Alexandri
1011 4913 1166 5002 nomine
1198 4910 1276 5001 sine
1299 4908 1375 5000 ulla
1405 4905 1640 5004 dumetum
1655 4903 1826 5024 iuscripta
1857 4927 1965 5006 erant

1907 5047 1971 5117 ate
