<?xml version="1.0" encoding="UTF-8"?>
<!DOCTYPE html PUBLIC "-//W3C//DTD XHTML 1.0 Transitional//EN"
    "http://www.w3.org/TR/xhtml1/DTD/xhtml1-transitional.dtd">
<html xmlns="http://www.w3.org/1999/xhtml" xml:lang="en" lang="en">
 <head>
  <title>
</title>
<meta http-equiv="Content-Type" content="text/html;charset=utf-8" />
  <meta name='ocr-system' content='tesseract 3.04.00' />
  <meta name='ocr-capabilities' content='ocr_page ocr_carea ocr_par ocr_line ocrx_word'/>
</head>
<body>
  <div class='ocr_page' id='page_1' title='image "./joannisgenesiis02sepgoog_0689.png"; bbox 0 0 4326 5986; ppageno 0'>
   <div class='ocr_carea' id='block_1_1' title="bbox 578 452 1572 572">
    <p class='ocr_par' dir='ltr' id='par_1_1' title="bbox 578 452 1572 572">
     <span class='ocr_line' id='line_1_1' title="bbox 578 452 1572 572; baseline -0.006 -15"><span class='ocrx_word' id='word_1_1' title='bbox 578 481 665 572; x_wconf 78' lang='lat'>452</span> <span class='ocrx_word' id='word_1_2' title='bbox 970 474 1055 556; x_wconf 80' lang='lat' dir='ltr'>on</span> <span class='ocrx_word' id='word_1_3' title='bbox 1102 452 1304 555; x_wconf 84' lang='lat' dir='ltr'>nunus</span> <span class='ocrx_word' id='word_1_4' title='bbox 1352 467 1572 554; x_wconf 82' lang='lat' dir='ltr'>ousrrs</span> 
     </span>
    </p>
   </div>
   <div class='ocr_carea' id='block_1_2' title="bbox 514 619 2131 2911">
    <p class='ocr_par' dir='ltr' id='par_1_2' title="bbox 536 619 2131 1742">
     <span class='ocr_line' id='line_1_2' title="bbox 536 619 1988 778; baseline -0.003 -43"><span class='ocrx_word' id='word_1_5' title='bbox 536 671 781 778; x_wconf 85' lang='lat' dir='ltr'>pammque</span> <span class='ocrx_word' id='word_1_6' title='bbox 816 629 998 736; x_wconf 90' lang='lat' dir='ltr'>munitis</span> <span class='ocrx_word' id='word_1_7' title='bbox 1046 628 1155 730; x_wconf 92' lang='lat' dir='ltr'>locis</span> <span class='ocrx_word' id='word_1_8' title='bbox 1197 668 1278 730; x_wconf 89' lang='lat' dir='ltr'>nec</span> <span class='ocrx_word' id='word_1_9' title='bbox 1302 619 1600 766; x_wconf 71' lang='lat' dir='ltr'>&#39;frumentum</span> <span class='ocrx_word' id='word_1_10' title='bbox 1644 663 1727 728; x_wconf 88' lang='lat' dir='ltr'>nec</span> <span class='ocrx_word' id='word_1_11' title='bbox 1782 621 1988 770; x_wconf 79' lang='lat' dir='ltr'>pabulum</span> 
     </span>
     <span class='ocr_line' id='line_1_3' title="bbox 540 768 1985 919; baseline -0.007 -37"><span class='ocrx_word' id='word_1_12' title='bbox 540 778 862 919; x_wconf 85' lang='lat' dir='ltr'>reperiebatur,</span> <span class='ocrx_word' id='word_1_13' title='bbox 896 770 1149 896; x_wconf 89' lang='lat' dir='ltr'>omnibus,</span> <span class='ocrx_word' id='word_1_14' title='bbox 1192 810 1308 912; x_wconf 88' lang='lat' dir='ltr'>quae</span> <span class='ocrx_word' id='word_1_15' title='bbox 1343 771 1498 872; x_wconf 87' lang='lat' dir='ltr'>nostris</span> <span class='ocrx_word' id='word_1_16' title='bbox 1532 768 1632 872; x_wconf 91' lang='lat' dir='ltr'>usui</span> <span class='ocrx_word' id='word_1_17' title='bbox 1666 808 1752 870; x_wconf 90' lang='lat' dir='ltr'>esse</span> <span class='ocrx_word' id='word_1_18' title='bbox 1796 808 1985 912; x_wconf 84' lang='lat' dir='ltr'>possent,</span> 
     </span>
     <span class='ocr_line' id='line_1_4' title="bbox 541 909 2131 1060; baseline -0.005 -37"><span class='ocrx_word' id='word_1_19' title='bbox 541 962 567 1023; x_wconf 87' lang='lat' dir='ltr'>a</span> <span class='ocrx_word' id='word_1_20' title='bbox 603 931 728 1060; x_wconf 89' lang='lat' dir='ltr'>Rege</span> <span class='ocrx_word' id='word_1_21' title='bbox 764 921 813 1022; x_wconf 90' lang='lat' dir='ltr'>in</span> <span class='ocrx_word' id='word_1_22' title='bbox 848 917 1138 1020; x_wconf 89' lang='lat' dir='ltr'>munitissima</span> <span class='ocrx_word' id='word_1_23' title='bbox 1174 914 1273 1015; x_wconf 84' lang='lat' dir='ltr'>loca</span> <span class='ocrx_word' id='word_1_24' title='bbox 1306 909 1526 1031; x_wconf 85' lang='lat' dir='ltr'>conferti,</span> <span class='ocrx_word' id='word_1_25' title='bbox 1570 949 1678 1030; x_wconf 85' lang='lat' dir='ltr'>aut,</span> <span class='ocrx_word' id='word_1_26' title='bbox 1714 912 1751 1013; x_wconf 92' lang='lat' dir='ltr'>si</span> <span class='ocrx_word' id='word_1_27' title='bbox 1785 911 1875 1013; x_wconf 92' lang='lat' dir='ltr'>hoc</span> <span class='ocrx_word' id='word_1_28' title='bbox 1910 913 1987 1016; x_wconf 90' lang='lat' dir='ltr'>mi·</span> <span class='ocrx_word' id='word_1_29' title='bbox 2130 1033 2131 1038; x_wconf 8' lang='grc' dir='ltr'><strong><em>Ν</em></strong></span> 
     </span>
     <span class='ocr_line' id='line_1_5' title="bbox 541 1057 1989 1204; baseline -0.006 -38"><span class='ocrx_word' id='word_1_30' title='bbox 541 1102 624 1166; x_wconf 89' lang='lat' dir='ltr'>nus</span> <span class='ocrx_word' id='word_1_31' title='bbox 659 1064 844 1183; x_wconf 89' lang='lat' dir='ltr'>liceret,</span> <span class='ocrx_word' id='word_1_32' title='bbox 876 1061 976 1204; x_wconf 90' lang='lat' dir='ltr'>igni</span> <span class='ocrx_word' id='word_1_33' title='bbox 1016 1057 1245 1195; x_wconf 89' lang='lat' dir='ltr'>corrumpi</span> <span class='ocrx_word' id='word_1_34' title='bbox 1285 1057 1432 1187; x_wconf 86' lang='lat' dir='ltr'>jussis.</span> <span class='ocrx_word' id='word_1_35' title='bbox 1479 1064 1696 1155; x_wconf 88' lang='lat' dir='ltr'>Praeterea</span> <span class='ocrx_word' id='word_1_36' title='bbox 1744 1066 1989 1161; x_wconf 81' lang='lat' dir='ltr'>Germano-</span> 
     </span>
     <span class='ocr_line' id='line_1_6' title="bbox 541 1198 1989 1348; baseline -0.006 -40"><span class='ocrx_word' id='word_1_37' title='bbox 541 1243 641 1308; x_wconf 85' lang='lat' dir='ltr'>rum</span> <span class='ocrx_word' id='word_1_38' title='bbox 674 1206 921 1348; x_wconf 87' lang='lat' dir='ltr'>complures</span> <span class='ocrx_word' id='word_1_39' title='bbox 956 1200 1139 1302; x_wconf 87' lang='lat' dir='ltr'>morbus</span> <span class='ocrx_word' id='word_1_40' title='bbox 1174 1198 1471 1318; x_wconf 87' lang='lat' dir='ltr'>absumserat,</span> <span class='ocrx_word' id='word_1_41' title='bbox 1514 1234 1792 1319; x_wconf 91' lang='lat' dir='ltr'>contractus,</span> <span class='ocrx_word' id='word_1_42' title='bbox 1825 1233 1876 1300; x_wconf 91' lang='lat' dir='ltr'>ut</span> <span class='ocrx_word' id='word_1_43' title='bbox 1910 1238 1989 1300; x_wconf 83' lang='lat' dir='ltr'>cre</span> 
     </span>
     <span class='ocr_line' id='line_1_7' title="bbox 544 1341 1989 1483; baseline -0.003 -35"><span class='ocrx_word' id='word_1_44' title='bbox 544 1349 690 1450; x_wconf 90' lang='lat' dir='ltr'>ditum</span> <span class='ocrx_word' id='word_1_45' title='bbox 726 1384 822 1468; x_wconf 91' lang='lat' dir='ltr'>est,</span> <span class='ocrx_word' id='word_1_46' title='bbox 858 1388 911 1447; x_wconf 88' lang='lat' dir='ltr'>ex</span> <span class='ocrx_word' id='word_1_47' title='bbox 952 1345 1087 1444; x_wconf 89' lang='lat' dir='ltr'>nimia</span> <span class='ocrx_word' id='word_1_48' title='bbox 1122 1343 1256 1444; x_wconf 86' lang='lat' dir='ltr'>musti</span> <span class='ocrx_word' id='word_1_49' title='bbox 1299 1342 1512 1483; x_wconf 91' lang='lat' dir='ltr'>potione,</span> <span class='ocrx_word' id='word_1_50' title='bbox 1537 1341 1687 1482; x_wconf 93' lang='lat' dir='ltr'>quod,</span> <span class='ocrx_word' id='word_1_51' title='bbox 1723 1379 1852 1482; x_wconf 89' lang='lat' dir='ltr'>parce</span> <span class='ocrx_word' id='word_1_52' title='bbox 1892 1343 1989 1444; x_wconf 78' lang='lat' dir='ltr'>virro</span> 
     </span>
     <span class='ocr_line' id='line_1_8' title="bbox 542 1483 1989 1732; baseline -0.001 -143"><span class='ocrx_word' id='word_1_53' title='bbox 542 1525 839 1732; x_wconf 72' lang='lat' dir='ltr'>suppetente,</span> <span class='ocrx_word' id='word_1_54' title='bbox 881 1529 933 1593; x_wconf 85' lang='lat' dir='ltr'>ex</span> <span class='ocrx_word' id='word_1_55' title='bbox 968 1488 1064 1590; x_wconf 88' lang='lat' dir='ltr'>uvis</span> <span class='ocrx_word' id='word_1_56' title='bbox 1107 1525 1202 1588; x_wconf 95' lang='lat' dir='ltr'>non</span> <span class='ocrx_word' id='word_1_57' title='bbox 1245 1486 1344 1587; x_wconf 89' lang='lat' dir='ltr'>satis</span> <span class='ocrx_word' id='word_1_58' title='bbox 1388 1484 1570 1588; x_wconf 90' lang='lat' dir='ltr'>maturis</span> <span class='ocrx_word' id='word_1_59' title='bbox 1614 1522 1865 1627; x_wconf 85' lang='lat' dir='ltr'>expressum</span> <span class='ocrx_word' id='word_1_60' title='bbox 1900 1483 1989 1588; x_wconf 88' lang='lat' dir='ltr'>cbi-</span> 
     </span>
     <span class='ocr_line' id='line_1_9' title="bbox 541 1629 1458 1742; baseline -0.003 -9"><span class='ocrx_word' id='word_1_61' title='bbox 541 1629 599 1734; x_wconf 90' lang='lat' dir='ltr'>be</span> <span class='ocrx_word' id='word_1_62' title='bbox 632 1668 757 1733; x_wconf 85' lang='lat' dir='ltr'>ant.·</span> <span class='ocrx_word' id='word_1_63' title='bbox 1077 1729 1085 1742; x_wconf 75' lang='grc'><strong>,</strong></span> <span class='ocrx_word' id='word_1_64' title='bbox 1454 1675 1458 1682; x_wconf 75' lang='grc'><strong>’</strong></span> 
     </span>
    </p>

    <p class='ocr_par' dir='ltr' id='par_1_3' title="bbox 514 1768 1989 2911">
     <span class='ocr_line' id='line_1_10' title="bbox 544 1768 1987 1890; baseline -0.002 -15"><span class='ocrx_word' id='word_1_65' title='bbox 544 1827 551 1860; x_wconf 70' lang='lat' dir='ltr'>r</span> <span class='ocrx_word' id='word_1_66' title='bbox 617 1785 715 1875; x_wconf 90' lang='lat' dir='ltr'><strong>XII.</strong></span> <span class='ocrx_word' id='word_1_67' title='bbox 772 1775 874 1877; x_wconf 84' lang='lat' dir='ltr'>His</span> <span class='ocrx_word' id='word_1_68' title='bbox 916 1769 1244 1876; x_wconf 86' lang='lat' dir='ltr'>difficultatibus</span> <span class='ocrx_word' id='word_1_69' title='bbox 1286 1768 1466 1872; x_wconf 87' lang='lat' dir='ltr'>affectus</span> <span class='ocrx_word' id='word_1_70' title='bbox 1506 1769 1724 1890; x_wconf 84' lang='lat' dir='ltr'>Carolus,</span> <span class='ocrx_word' id='word_1_71' title='bbox 1765 1771 1987 1872; x_wconf 86' lang='lat' dir='ltr'>accedente</span> 
     </span>
     <span class='ocr_line' id='line_1_11' title="bbox 540 1910 1987 2018; baseline -0.001 -2"><span class='ocrx_word' id='word_1_72' title='bbox 540 1915 675 2017; x_wconf 89' lang='lat' dir='ltr'>etiam</span> <span class='ocrx_word' id='word_1_73' title='bbox 711 1919 768 2018; x_wconf 90' lang='lat' dir='ltr'>ad</span> <span class='ocrx_word' id='word_1_74' title='bbox 803 1957 946 2018; x_wconf 85' lang='lat' dir='ltr'>causas</span> <span class='ocrx_word' id='word_1_75' title='bbox 981 1913 1172 2016; x_wconf 86' lang='lat' dir='ltr'>Antonii</span> <span class='ocrx_word' id='word_1_76' title='bbox 1206 1912 1366 2013; x_wconf 85' lang='lat' dir='ltr'>Leivae</span> <span class='ocrx_word' id='word_1_77' title='bbox 1403 1945 1548 2014; x_wconf 90' lang='lat' dir='ltr'>morte</span> <span class='ocrx_word' id='word_1_78' title='bbox 1584 1910 1741 2014; x_wconf 89' lang='lat' dir='ltr'>morbo</span> <span class='ocrx_word' id='word_1_79' title='bbox 1775 1913 1987 2014; x_wconf 85' lang='lat' dir='ltr'>incastris</span> 
     </span>
     <span class='ocr_line' id='line_1_12' title="bbox 540 2055 1989 2182; baseline -0.001 -25"><span class='ocrx_word' id='word_1_80' title='bbox 540 2057 773 2182; x_wconf 90' lang='lat' dir='ltr'>absumti,</span> <span class='ocrx_word' id='word_1_81' title='bbox 828 2058 979 2160; x_wconf 87' lang='lat' dir='ltr'>statuit</span> <span class='ocrx_word' id='word_1_82' title='bbox 1029 2056 1266 2157; x_wconf 84' lang='lat' dir='ltr'>exercitum</span> <span class='ocrx_word' id='word_1_83' title='bbox 1311 2055 1358 2156; x_wconf 89' lang='lat' dir='ltr'>in</span> <span class='ocrx_word' id='word_1_84' title='bbox 1393 2055 1561 2156; x_wconf 86' lang='lat' dir='ltr'>Italiam</span> <span class='ocrx_word' id='word_1_85' title='bbox 1610 2059 1842 2166; x_wconf 68' lang='lat' dir='ltr'>reduceres</span> <span class='ocrx_word' id='word_1_86' title='bbox 1891 2095 1989 2156; x_wconf 84' lang='lat' dir='ltr'>nam</span> 
     </span>
     <span class='ocr_line' id='line_1_13' title="bbox 514 2191 1989 2335; baseline -0.003 -34"><span class='ocrx_word' id='word_1_87' title='bbox 514 2199 705 2302; x_wconf 88' lang='lat' dir='ltr'>bellum</span> <span class='ocrx_word' id='word_1_88' title='bbox 740 2202 788 2300; x_wconf 90' lang='lat' dir='ltr'>in</span> <span class='ocrx_word' id='word_1_89' title='bbox 822 2202 1010 2304; x_wconf 88' lang='lat' dir='ltr'>Galliam</span> <span class='ocrx_word' id='word_1_90' title='bbox 1044 2199 1295 2301; x_wconf 88' lang='lat' dir='ltr'>interiorem</span> <span class='ocrx_word' id='word_1_91' title='bbox 1330 2191 1552 2300; x_wconf 86' lang='lat' dir='ltr'>transferte</span> <span class='ocrx_word' id='word_1_92' title='bbox 1572 2274 1587 2318; x_wconf 90' lang='lat'>,</span> <span class='ocrx_word' id='word_1_93' title='bbox 1606 2196 1686 2300; x_wconf 90' lang='lat' dir='ltr'>ubi</span> <span class='ocrx_word' id='word_1_94' title='bbox 1721 2196 1899 2335; x_wconf 74' lang='lat' dir='ltr'>hyemes</span> <span class='ocrx_word' id='word_1_95' title='bbox 1932 2212 1989 2300; x_wconf 90' lang='lat' dir='ltr'>Se·</span> 
     </span>
     <span class='ocr_line' id='line_1_14' title="bbox 537 2340 1987 2483; baseline 0 -41"><span class='ocrx_word' id='word_1_96' title='bbox 537 2343 842 2482; x_wconf 81' lang='lat' dir='ltr'>ptentrionum</span> <span class='ocrx_word' id='word_1_97' title='bbox 885 2343 1214 2483; x_wconf 80' lang='lat' dir='ltr'>propinquitate</span> <span class='ocrx_word' id='word_1_98' title='bbox 1260 2377 1359 2442; x_wconf 92' lang='lat' dir='ltr'>sunt</span> <span class='ocrx_word' id='word_1_99' title='bbox 1407 2375 1640 2462; x_wconf 88' lang='lat' dir='ltr'>matutae,</span> <span class='ocrx_word' id='word_1_100' title='bbox 1675 2376 1850 2483; x_wconf 90' lang='lat' dir='ltr'>tempus</span> <span class='ocrx_word' id='word_1_101' title='bbox 1890 2340 1987 2442; x_wconf 90' lang='lat' dir='ltr'>anni</span> 
     </span>
     <span class='ocr_line' id='line_1_15' title="bbox 538 2482 1986 2624; baseline -0.001 -40"><span class='ocrx_word' id='word_1_102' title='bbox 538 2485 821 2624; x_wconf 87' lang='lat' dir='ltr'>aequinoctio</span> <span class='ocrx_word' id='word_1_103' title='bbox 865 2485 1051 2586; x_wconf 83' lang='lat' dir='ltr'>instante</span> <span class='ocrx_word' id='word_1_104' title='bbox 1088 2482 1377 2624; x_wconf 85' lang='lat' dir='ltr'>prohibebat.</span> <span class='ocrx_word' id='word_1_105' title='bbox 1431 2497 1585 2588; x_wconf 89' lang='lat' dir='ltr'>Castra</span> <span class='ocrx_word' id='word_1_106' title='bbox 1625 2483 1759 2624; x_wconf 89' lang='lat' dir='ltr'>igitur</span> <span class='ocrx_word' id='word_1_107' title='bbox 1802 2483 1893 2584; x_wconf 89' lang='lat' dir='ltr'>sine</span> <span class='ocrx_word' id='word_1_108' title='bbox 1926 2519 1986 2582; x_wconf 85' lang='lat' dir='ltr'>nr·</span> 
     </span>
     <span class='ocr_line' id='line_1_16' title="bbox 537 2621 1982 2767; baseline -0.003 -37"><span class='ocrx_word' id='word_1_109' title='bbox 537 2627 684 2730; x_wconf 88' lang='lat' dir='ltr'>multu</span> <span class='ocrx_word' id='word_1_110' title='bbox 722 2663 888 2762; x_wconf 90' lang='lat' dir='ltr'>movet</span> <span class='ocrx_word' id='word_1_111' title='bbox 934 2626 1109 2728; x_wconf 87' lang='lat' dir='ltr'>servatis</span> <span class='ocrx_word' id='word_1_112' title='bbox 1160 2627 1422 2746; x_wconf 91' lang='lat' dir='ltr'>ordinibus,</span> <span class='ocrx_word' id='word_1_113' title='bbox 1462 2625 1631 2767; x_wconf 86' lang='lat' dir='ltr'>nequid</span> <span class='ocrx_word' id='word_1_114' title='bbox 1682 2625 1827 2728; x_wconf 90' lang='lat' dir='ltr'>simile</span> <span class='ocrx_word' id='word_1_115' title='bbox 1866 2621 1982 2767; x_wconf 83' lang='lat' dir='ltr'>fugae</span> 
     </span>
     <span class='ocr_line' id='line_1_17' title="bbox 536 2763 1987 2911; baseline -0.001 -41"><span class='ocrx_word' id='word_1_116' title='bbox 536 2763 755 2910; x_wconf 88' lang='lat' dir='ltr'>profectio</span> <span class='ocrx_word' id='word_1_117' title='bbox 790 2767 947 2872; x_wconf 86' lang='lat' dir='ltr'>habere</span> <span class='ocrx_word' id='word_1_118' title='bbox 983 2769 1235 2890; x_wconf 85' lang='lat' dir='ltr'>videretur,</span> <span class='ocrx_word' id='word_1_119' title='bbox 1268 2803 1312 2870; x_wconf 88' lang='lat' dir='ltr'>et</span> <span class='ocrx_word' id='word_1_120' title='bbox 1348 2807 1510 2911; x_wconf 86' lang='lat' dir='ltr'>agmen</span> <span class='ocrx_word' id='word_1_121' title='bbox 1551 2764 1987 2909; x_wconf 56' lang='lat' dir='ltr'>neminefimpedicn·</span> 
     </span>
    </p>
   </div>
   <div class='ocr_carea' id='block_1_3' title="bbox 454 2909 2135 5016">
    <p class='ocr_par' dir='ltr' id='par_1_4' title="bbox 533 2909 2134 3340">
     <span class='ocr_line' id='line_1_18' title="bbox 537 2909 2134 3051; baseline 0.001 -40"><span class='ocrx_word' id='word_1_122' title='bbox 537 2947 582 3012; x_wconf 92' lang='lat' dir='ltr'>te</span> <span class='ocrx_word' id='word_1_123' title='bbox 618 2945 693 3012; x_wconf 87' lang='lat' dir='ltr'>aut</span> <span class='ocrx_word' id='word_1_124' title='bbox 728 2913 811 3013; x_wconf 88' lang='lat' dir='ltr'>iter</span> <span class='ocrx_word' id='word_1_125' title='bbox 848 2949 1095 3014; x_wconf 84' lang='lat' dir='ltr'>remorante</span> <span class='ocrx_word' id='word_1_126' title='bbox 1130 2912 1185 3011; x_wconf 86' lang='lat' dir='ltr'>ad</span> <span class='ocrx_word' id='word_1_127' title='bbox 1221 2911 1354 3051; x_wconf 84' lang='lat' dir='ltr'>Alpes</span> <span class='ocrx_word' id='word_1_128' title='bbox 1392 2910 1629 3051; x_wconf 87' lang='lat' dir='ltr'>produxit,</span> <span class='ocrx_word' id='word_1_129' title='bbox 1657 2909 1780 3014; x_wconf 93' lang='lat' dir='ltr'>nullo</span> <span class='ocrx_word' id='word_1_130' title='bbox 1815 2949 1986 3013; x_wconf 85' lang='lat' dir='ltr'>suontm</span> <span class='ocrx_word' id='word_1_131' title='bbox 2133 2977 2134 2982; x_wconf 19' lang='grc' dir='ltr'><strong><em>κ</em></strong></span> 
     </span>
     <span class='ocr_line' id='line_1_19' title="bbox 535 3053 1985 3195; baseline 0.001 -43"><span class='ocrx_word' id='word_1_132' title='bbox 535 3054 619 3153; x_wconf 87' lang='lat' dir='ltr'>nisi</span> <span class='ocrx_word' id='word_1_133' title='bbox 653 3093 731 3195; x_wconf 87' lang='lat' dir='ltr'>per</span> <span class='ocrx_word' id='word_1_134' title='bbox 770 3057 981 3158; x_wconf 88' lang='lat' dir='ltr'>morbum</span> <span class='ocrx_word' id='word_1_135' title='bbox 1022 3055 1304 3173; x_wconf 87' lang='lat' dir='ltr'>desiderato,</span> <span class='ocrx_word' id='word_1_136' title='bbox 1342 3053 1530 3194; x_wconf 85' lang='lat' dir='ltr'>exceptis</span> <span class='ocrx_word' id='word_1_137' title='bbox 1565 3053 1656 3174; x_wconf 91' lang='lat' dir='ltr'>iis,</span> <span class='ocrx_word' id='word_1_138' title='bbox 1688 3055 1770 3194; x_wconf 89' lang='lat' dir='ltr'>qui</span> <span class='ocrx_word' id='word_1_139' title='bbox 1813 3057 1985 3158; x_wconf 84' lang='lat' dir='ltr'>adversa</span> 
     </span>
     <span class='ocr_line' id='line_1_20' title="bbox 533 3195 1985 3340; baseline 0.004 -46"><span class='ocrx_word' id='word_1_140' title='bbox 533 3196 786 3296; x_wconf 86' lang='lat' dir='ltr'>valetudiue</span> <span class='ocrx_word' id='word_1_141' title='bbox 832 3233 908 3297; x_wconf 88' lang='lat' dir='ltr'>aut</span> <span class='ocrx_word' id='word_1_142' title='bbox 929 3198 1031 3297; x_wconf 84' lang='lat' dir='ltr'>&#39;alia</span> <span class='ocrx_word' id='word_1_143' title='bbox 1073 3237 1199 3298; x_wconf 88' lang='lat' dir='ltr'>causa</span> <span class='ocrx_word' id='word_1_144' title='bbox 1235 3196 1440 3336; x_wconf 85' lang='lat' dir='ltr'>impediti</span> <span class='ocrx_word' id='word_1_145' title='bbox 1476 3197 1633 3300; x_wconf 84' lang='lat' dir='ltr'>lentius</span> <span class='ocrx_word' id='word_1_146' title='bbox 1663 3195 1892 3340; x_wconf 86' lang='lat' dir='ltr'>longiusve</span> <span class='ocrx_word' id='word_1_147' title='bbox 1919 3237 1985 3300; x_wconf 81' lang='lat' dir='ltr'>ca·</span> 
     </span>
    </p>

    <p class='ocr_par' dir='ltr' id='par_1_5' title="bbox 454 3337 2135 5016">
     <span class='ocr_line' id='line_1_21' title="bbox 534 3337 2135 3479; baseline 0.005 -42"><span class='ocrx_word' id='word_1_148' title='bbox 534 3375 619 3438; x_wconf 88' lang='lat' dir='ltr'>stra</span> <span class='ocrx_word' id='word_1_149' title='bbox 667 3349 894 3479; x_wconf 87' lang='lat' dir='ltr'>sequentes</span> <span class='ocrx_word' id='word_1_150' title='bbox 933 3339 996 3440; x_wconf 85' lang='lat' dir='ltr'>&#39;in</span> <span class='ocrx_word' id='word_1_151' title='bbox 1038 3378 1191 3440; x_wconf 89' lang='lat' dir='ltr'>manus</span> <span class='ocrx_word' id='word_1_152' title='bbox 1237 3337 1432 3440; x_wconf 90' lang='lat' dir='ltr'>hostium</span> <span class='ocrx_word' id='word_1_153' title='bbox 1472 3339 1747 3442; x_wconf 87' lang='lat' dir='ltr'>inciderunt.</span> <span class='ocrx_word' id='word_1_154' title='bbox 1790 3341 1909 3444; x_wconf 85' lang='lat' dir='ltr'>Galli</span> <span class='ocrx_word' id='word_1_155' title='bbox 1941 3384 1988 3444; x_wconf 89' lang='lat' dir='ltr'>e·</span> <span class='ocrx_word' id='word_1_156' title='bbox 2134 3423 2135 3432; x_wconf 18' lang='lat' dir='ltr'>a</span> 
     </span>
     <span class='ocr_line' id='line_1_22' title="bbox 533 3481 1989 3624; baseline 0.003 -43"><span class='ocrx_word' id='word_1_157' title='bbox 533 3481 627 3581; x_wconf 92' lang='lat' dir='ltr'>nim</span> <span class='ocrx_word' id='word_1_158' title='bbox 664 3481 783 3584; x_wconf 85' lang='lat' dir='ltr'>vicos</span> <span class='ocrx_word' id='word_1_159' title='bbox 829 3516 951 3583; x_wconf 91' lang='lat' dir='ltr'>metu</span> <span class='ocrx_word' id='word_1_160' title='bbox 987 3484 1266 3602; x_wconf 88' lang='lat' dir='ltr'>deserentes,</span> <span class='ocrx_word' id='word_1_161' title='bbox 1305 3519 1585 3623; x_wconf 87' lang='lat' dir='ltr'>quacumque</span> <span class='ocrx_word' id='word_1_162' title='bbox 1627 3521 1788 3624; x_wconf 87' lang='lat' dir='ltr'>agmen</span> <span class='ocrx_word' id='word_1_163' title='bbox 1832 3485 1989 3586; x_wconf 90' lang='lat' dir='ltr'>transi-</span> 
     </span>
     <span class='ocr_line' id='line_1_23' title="bbox 532 3622 1991 3767; baseline 0.006 -45"><span class='ocrx_word' id='word_1_164' title='bbox 532 3623 687 3744; x_wconf 88' lang='lat' dir='ltr'>visset,</span> <span class='ocrx_word' id='word_1_165' title='bbox 725 3663 827 3744; x_wconf 88' lang='lat' dir='ltr'>eos,</span> <span class='ocrx_word' id='word_1_166' title='bbox 847 3625 930 3765; x_wconf 86' lang='lat' dir='ltr'>q&#39;ui</span> <span class='ocrx_word' id='word_1_167' title='bbox 964 3623 1050 3725; x_wconf 87' lang='lat' dir='ltr'>tati</span> <span class='ocrx_word' id='word_1_168' title='bbox 1086 3665 1137 3725; x_wconf 89' lang='lat' dir='ltr'>ex</span> <span class='ocrx_word' id='word_1_169' title='bbox 1171 3625 1401 3730; x_wconf 87' lang='lat' dir='ltr'>intervallo</span> <span class='ocrx_word' id='word_1_170' title='bbox 1436 3622 1764 3767; x_wconf 85' lang='lat' dir='ltr'>sequebantur,</span> <span class='ocrx_word' id='word_1_171' title='bbox 1793 3667 1847 3728; x_wconf 88' lang='lat' dir='ltr'>ex</span> <span class='ocrx_word' id='word_1_172' title='bbox 1883 3628 1991 3731; x_wconf 82' lang='lat' dir='ltr'>insi·</span> 
     </span>
     <span class='ocr_line' id='line_1_24' title="bbox 454 3765 1963 3869; baseline 0.008 -5"><span class='ocrx_word' id='word_1_173' title='bbox 454 3785 465 3796; x_wconf 86' lang='lat'>&#39;</span> <span class='ocrx_word' id='word_1_174' title='bbox 529 3766 614 3866; x_wconf 90' lang='lat' dir='ltr'>diis</span> <span class='ocrx_word' id='word_1_175' title='bbox 640 3765 944 3869; x_wconf 88' lang='lat' dir='ltr'>invadebant.</span> <span class='ocrx_word' id='word_1_176' title='bbox 1957 3777 1963 3787; x_wconf 54' lang='lat'><strong>⁴</strong></span> 
     </span>
     <span class='ocr_line' id='line_1_25' title="bbox 601 3911 1989 4056; baseline 0.007 -48"><span class='ocrx_word' id='word_1_177' title='bbox 601 3918 715 4008; x_wconf 89' lang='lat' dir='ltr'><strong>XIII.</strong></span> <span class='ocrx_word' id='word_1_178' title='bbox 789 3921 910 4012; x_wconf 89' lang='lat' dir='ltr'>Cum</span> <span class='ocrx_word' id='word_1_179' title='bbox 951 3912 1168 4014; x_wconf 89' lang='lat' dir='ltr'>Nicaeam</span> <span class='ocrx_word' id='word_1_180' title='bbox 1211 3947 1395 4015; x_wconf 87' lang='lat' dir='ltr'>ventum</span> <span class='ocrx_word' id='word_1_181' title='bbox 1438 3948 1542 4037; x_wconf 91' lang='lat' dir='ltr'>est,</span> <span class='ocrx_word' id='word_1_182' title='bbox 1586 3952 1748 4056; x_wconf 92' lang='lat' dir='ltr'>paucos</span> <span class='ocrx_word' id='word_1_183' title='bbox 1791 3911 1858 4017; x_wconf 93' lang='lat' dir='ltr'>ibi</span> <span class='ocrx_word' id='word_1_184' title='bbox 1898 3916 1989 4019; x_wconf 92' lang='lat' dir='ltr'>dies</span> 
     </span>
     <span class='ocr_line' id='line_1_26' title="bbox 529 4055 1993 4196; baseline 0.008 -46"><span class='ocrx_word' id='word_1_185' title='bbox 529 4087 826 4153; x_wconf 87' lang='lat' dir='ltr'>commoratus</span> <span class='ocrx_word' id='word_1_186' title='bbox 868 4056 1093 4176; x_wconf 85' lang='lat' dir='ltr'>Carolus,</span> <span class='ocrx_word' id='word_1_187' title='bbox 1127 4055 1304 4196; x_wconf 86' lang='lat' dir='ltr'>imperii</span> <span class='ocrx_word' id='word_1_188' title='bbox 1340 4099 1512 4162; x_wconf 87' lang='lat' dir='ltr'>summa</span> <span class='ocrx_word' id='word_1_189' title='bbox 1547 4057 1595 4160; x_wconf 92' lang='lat' dir='ltr'>in</span> <span class='ocrx_word' id='word_1_190' title='bbox 1639 4093 1787 4160; x_wconf 91' lang='lat' dir='ltr'>totum</span> <span class='ocrx_word' id='word_1_191' title='bbox 1827 4058 1993 4160; x_wconf 84' lang='lat' dir='ltr'>exerci-</span> 
     </span>
     <span class='ocr_line' id='line_1_27' title="bbox 526 4193 1994 4344; baseline 0.005 -50"><span class='ocrx_word' id='word_1_192' title='bbox 526 4227 626 4296; x_wconf 86' lang='lat' dir='ltr'>tum</span> <span class='ocrx_word' id='word_1_193' title='bbox 662 4195 784 4298; x_wconf 90' lang='lat' dir='ltr'>Vasti</span> <span class='ocrx_word' id='word_1_194' title='bbox 822 4193 1072 4297; x_wconf 89' lang='lat' dir='ltr'>Marchioni</span> <span class='ocrx_word' id='word_1_195' title='bbox 1107 4200 1298 4320; x_wconf 88' lang='lat' dir='ltr'>tradita,</span> <span class='ocrx_word' id='word_1_196' title='bbox 1334 4200 1479 4344; x_wconf 91' lang='lat' dir='ltr'>ipsum</span> <span class='ocrx_word' id='word_1_197' title='bbox 1515 4198 1638 4334; x_wconf 88' lang='lat' dir='ltr'>jubet</span> <span class='ocrx_word' id='word_1_198' title='bbox 1675 4203 1723 4302; x_wconf 91' lang='lat' dir='ltr'>in</span> <span class='ocrx_word' id='word_1_199' title='bbox 1769 4203 1994 4306; x_wconf 88' lang='lat' dir='ltr'>Taurinos</span> 
     </span>
     <span class='ocr_line' id='line_1_28' title="bbox 527 4338 1994 4485; baseline 0.01 -53"><span class='ocrx_word' id='word_1_200' title='bbox 527 4375 686 4476; x_wconf 86' lang='lat' dir='ltr'>agmen</span> <span class='ocrx_word' id='word_1_201' title='bbox 722 4338 962 4458; x_wconf 86' lang='lat' dir='ltr'>deducere,</span> <span class='ocrx_word' id='word_1_202' title='bbox 999 4338 1153 4480; x_wconf 90' lang='lat' dir='ltr'>ibique</span> <span class='ocrx_word' id='word_1_203' title='bbox 1189 4354 1514 4446; x_wconf 89' lang='lat' dir='ltr'>Germanorum</span> <span class='ocrx_word' id='word_1_204' title='bbox 1551 4380 1685 4485; x_wconf 89' lang='lat' dir='ltr'>atque</span> <span class='ocrx_word' id='word_1_205' title='bbox 1731 4344 1994 4446; x_wconf 89' lang='lat' dir='ltr'>Italicorum</span> 
     </span>
     <span class='ocr_line' id='line_1_29' title="bbox 526 4481 1989 4627; baseline 0.006 -50"><span class='ocrx_word' id='word_1_206' title='bbox 526 4513 648 4618; x_wconf 84' lang='lat' dir='ltr'>parte</span> <span class='ocrx_word' id='word_1_207' title='bbox 694 4515 811 4580; x_wconf 86' lang='lat' dir='ltr'>certa</span> <span class='ocrx_word' id='word_1_208' title='bbox 854 4481 1067 4601; x_wconf 88' lang='lat' dir='ltr'>dimissa,</span> <span class='ocrx_word' id='word_1_209' title='bbox 1103 4523 1208 4585; x_wconf 90' lang='lat' dir='ltr'>eum</span> <span class='ocrx_word' id='word_1_210' title='bbox 1251 4486 1427 4626; x_wconf 88' lang='lat' dir='ltr'>reliquis</span> <span class='ocrx_word' id='word_1_211' title='bbox 1463 4487 1604 4625; x_wconf 89' lang='lat' dir='ltr'>copiis</span> <span class='ocrx_word' id='word_1_212' title='bbox 1640 4525 1824 4627; x_wconf 86' lang='lat' dir='ltr'>operam</span> <span class='ocrx_word' id='word_1_213' title='bbox 1861 4489 1989 4608; x_wconf 88' lang='lat' dir='ltr'>darc,</span> 
     </span>
     <span class='ocr_line' id='line_1_30' title="bbox 524 4623 1986 4768; baseline 0.005 -48"><span class='ocrx_word' id='word_1_214' title='bbox 524 4655 574 4720; x_wconf 89' lang='lat' dir='ltr'>ut</span> <span class='ocrx_word' id='word_1_215' title='bbox 609 4627 854 4764; x_wconf 84' lang='lat' dir='ltr'>Augustam</span> <span class='ocrx_word' id='word_1_216' title='bbox 889 4658 934 4766; x_wconf 87' lang='lat' dir='ltr'>et</span> <span class='ocrx_word' id='word_1_217' title='bbox 979 4623 1148 4764; x_wconf 86' lang='lat' dir='ltr'>reliqua</span> <span class='ocrx_word' id='word_1_218' title='bbox 1184 4626 1353 4729; x_wconf 89' lang='lat' dir='ltr'>circum</span> <span class='ocrx_word' id='word_1_219' title='bbox 1399 4629 1566 4768; x_wconf 87' lang='lat' dir='ltr'>oppida</span> <span class='ocrx_word' id='word_1_220' title='bbox 1601 4669 1627 4730; x_wconf 87' lang='lat' dir='ltr'>a</span> <span class='ocrx_word' id='word_1_221' title='bbox 1659 4629 1804 4732; x_wconf 86' lang='lat' dir='ltr'>¹Gallis</span> <span class='ocrx_word' id='word_1_222' title='bbox 1849 4669 1986 4728; x_wconf 85' lang='lat' dir='ltr'>oceu-</span> 
     </span>
     <span class='ocr_line' id='line_1_31' title="bbox 522 4765 1988 4912; baseline 0.004 -46"><span class='ocrx_word' id='word_1_223' title='bbox 522 4801 623 4904; x_wconf 82' lang='lat' dir='ltr'>pata</span> <span class='ocrx_word' id='word_1_224' title='bbox 665 4765 714 4868; x_wconf 91' lang='lat' dir='ltr'>in</span> <span class='ocrx_word' id='word_1_225' title='bbox 752 4801 1016 4905; x_wconf 84' lang='lat' dir='ltr'>potestatem</span> <span class='ocrx_word' id='word_1_226' title='bbox 1060 4768 1302 4912; x_wconf 86' lang='lat' dir='ltr'>redigeret.</span> <span class='ocrx_word' id='word_1_227' title='bbox 1354 4770 1570 4876; x_wconf 88' lang='lat' dir='ltr'>Alvarum</span> <span class='ocrx_word' id='word_1_228' title='bbox 1611 4783 1836 4876; x_wconf 83' lang='lat' dir='ltr'>Bazanum</span> <span class='ocrx_word' id='word_1_229' title='bbox 1873 4811 1988 4872; x_wconf 87' lang='lat' dir='ltr'>cum</span> 
     </span>
     <span class='ocr_line' id='line_1_32' title="bbox 1910 4953 1985 5016; baseline -0.013 0"><span class='ocrx_word' id='word_1_230' title='bbox 1910 4953 1985 5016; x_wconf 83' lang='lat' dir='ltr'>vr·</span> 
     </span>
    </p>
   </div>
   <div class='ocr_carea' id='block_1_4' title="bbox 0 0 2168 5986">
    <p class='ocr_par' dir='ltr' id='par_1_6' title="bbox 0 0 2168 5986">
     <span class='ocr_line' id='line_1_33' title="bbox 0 0 2168 5986; baseline 0 5"><span class='ocrx_word' id='word_1_231' title='bbox 0 0 2168 5986; x_wconf 95' lang='lat' dir='ltr'> </span> 
     </span>
    </p>
   </div>
  </div>
 </body>
</html>
