4294 5984
559 473 809 560 CAROLI
853 473 907 557 V.
949 476 1069 556 LIB.
1103 477 1158 556 V.
1476 496 1557 586 143

142 679 268 762 vere,
314 632 363 738 in
401 621 690 806 ‘hybernaquc
733 633 954 753 secedere,
1003 668 1046 734 et
1087 671 1251 735 novam
1293 636 1603 748 Helvetiorum
1665 629 1667 636 Α

141 824 350 907 manum,
386 819 499 921 quac
534 788 627 914 jam
662 779 883 898 conducta
920 815 1043 898 erat,
1074 815 1319 922 exspectare
1355 785 1602 889 constituit.

140 944 243 1036 Hoc
277 964 330 1028 ut
365 922 487 1026 ficret
523 922 839 1046 commodius,
877 922 1048 1064 copiis,
1086 963 1202 1065 quae
1236 926 1292 1026 ad
1317 933 1607 1094 Mogontiam

140 1073 455 1191 consederant,
492 1065 541 1172 in
567 1107 663 1169 sua
693 1075 828 1169 castra
868 1067 1111 1231 revocatis,
1161 1069 1350 1171 duorum
1388 1075 1608 1176 mensium

140 1215 336 1322 inducias
382 1255 409 1314 a
452 1221 704 1354 Prospero
717 1210 967 1332 Columna,
1009 1212 1138 1312 missa
1179 1213 1429 1358 legatione,
1472 1221 1604 1359 petit.

138 1364 218 1465 Sed
252 1398 356 1460 cum
390 1357 461 1456 ille
495 1359 683 1495 spatium
721 1355 778 1455 ad
810 1289 1142 1457 delibeiandum
1177 1399 1220 1459 se
1254 1398 1499 1462 sumturum
1531 1402 1610 1464 res

143 1505 397 1645 pondisset,
445 1504 501 1603 ab
544 1500 703 1601 eodem
749 1499 1021 1640 postulavit,
1059 1536 1109 1600 ut
1150 1502 1281 1646 legati
1320 1504 1606 1647 colloquendi

140 1685 347 1810 utrinque
395 1685 544 1744 causa
564 1645 611 1744 in
652 1643 851 1744 medium
903 1642 1052 1744 locum
1100 1685 1204 1746 cum
1240 1649 1455 1748 mandaris
1496 1652 1606 1752 mit

139 1805 364 1908 terentur,
398 1788 478 1930 qui
513 1789 569 1887 de
605 1825 651 1886 re
687 1786 945 1944 communi,
984 1826 1034 1886 ac
1069 1784 1347 1911 induciarum
1382 1795 1605 1896 conditio-

142 1934 270 2036 nibus
294 1933 542 2074 agitarent.

228 2088 288 2178 V.
382 2087 489 2176 Hoc
524 2075 781 2216 impetrato,
818 2109 862 2172 et
895 2071 1047 2172 loto
1035 2109 1148 2172 rnter
1183 2074 1340 2179 urbem
1384 2114 1427 2180 et
1469 2091 1605 2184 castra

141 2221 293 2322 medio
341 2218 609 2337 constituto,
647 2259 700 2317 cx
745 2215 1044 2318 Caesarianis
1041 2219 1354 2316 frenandus
1343 2259 1434 2359 ipse
1480 2224 1607 2324 Alar-

142 2403 235 2480 t0,
272 2361 595 2521 Hieronymus
607 2371 857 2478 Moronus,
885 2397 928 2460 et
955 2367 1108 2458 Paulus
1138 2358 1390 2479 Victorius,
1418 2404 1469 2460 ex
1498 2365 1606 2464 Gal-

141 2504 197 2602 lis
241 2505 474 2623 Gallea'tius
512 2504 832 2640 Vicecorries,
844 2537 912 2602 et
960 2498 1161 2601 Thomas
1216 2504 1409 2671 Bojerius
1459 2506 1605 2608 missi.

143 2643 319 2761 Quibus
353 2644 749 2808 colloquentibus,
773 2680 871 2788 post
905 2649 1085 2787 longam
1122 2643 1228 2744 de⁸
1213 2647 1377 2774 Justitia
1412 2644 1534 2747 belli
1550 2690 1608 2749 u·-

145 2789 341 2930 triusqu'e
390 2790 522 2930 partis
538 2789 948 2930 disputationem,
982 2733 1106 2890 ⁸⁸Galli
1143 2789 1341 2891 duorum
1389 2791 1608 2894 mensium

142 2931 373 3052 inducias,
410 2970 458 3034 ut
495 2969 756 3096 coeperant,
791 2932 1094 3095 postularunts
1139 2972 1189 3031 ea
1231 2933 1514 3054 conditione,
1555 2969 1606 3036 ut

144 3010 430 3178 Almiralliiss
444 3116 596 3178 omma
612 3118 765 3218 ,quae
798 3077 907 3176 citra
935 3076 1149 3175 Ticinum
1179 3111 1459 3218 occupasset,
1497 3089 1609 3178 Cae-

143 3221 319 3320 sarianis
369 3220 609 3322 remitteret
660 3257 793 3381 atque
842 3221 1054 3327 traderem
1092 3222 1180 3320 sed
1223 3219 1287 3320 illi
1327 3221 1481 3342 alteri,
1530 3221 1610 3363 qui

142 3363 379 3464 consilium
402 3365 656 3464 Almirallii
670 3404 762 3466 non
796 3362 1087 3505 ignorabant,
1116 3405 1227 3464 nec.
1239 3363 1294 3464 de
1331 3366 1451 3506 pa'rtc
1487 3367 1609 3474 Prin-

142 3507 310 3647 cipatus
348 3507 507 3606 soliciti
543 3544 690 3628 erant,
727 3543 874 3609 totum
910 3510 1138 3650 negotium
1174 3510 1229 3608 ad
1271 3509 1485 3610 Carolum
1519 3517 1609 3606 La-

145 3659 303 3780 trojum
340 3689 433 3751 rem
463 3586 804 3820 Neapolitanam
842 3691 925 3796 pro
955 3665 1108 3795 Rege,
1130 3652 1201 3752 uti
1235 3690 1396 3793 supra
1393 3652 1605 3768 diximus,

143 3805 495 3932 procurantem,
505 3803 653 3928 cujus
696 3798 905 3898 aduentus
942 3798 1203 3963 propediem
1245 3791 1606 3946 exspectabatur,

143 3946 415 4064 rejecerunts
449 3939 524 4040 nic
567 3940 702 4042 enim
730 3943 878 4043 Caroli
921 3941 1142 4074 Caesaris,
1184 3935 1608 4098 Foederatorumque

144 4087 288 4210 jussu,
319 4113 377 4180 ut
420 4083 564 4182 vicem
610 4086 851 4224 Prosperi
848 4047 1131 4200 Columnae,
1176 4119 1256 4220 qur
1303 4090 1391 4212 jam
1435 4081 1611 4221 pridem

145 4220 442 4362 aegrotabat,
450 4225 649 4327 bellum
676 4228 1024 4342 administraret,
1066 4225 1122 4324 ad
1167 4223 1422 4324 exercitum
1449 4223 1615 4323 adven·

147 4361 296 4466 tabat
334 4368 458 4466 llo⁸
424 4368 599 4508 igitur
592 4363 799 4487 infecta,
823 4365 1014 4466 ualli·
998 4405 1050 4466 ιιι
1091 4404 1230 4466 castra
1273 4368 1458 4486 reversi,
1500 4404 1614 4517 pau*

150 4505 301 4647 cisque
339 4504 540 4607 diebus⁸
529 4511 790 4646 interjectis,
828 4549 931 4612 curn
967 4547 1156 4653 magnae
1191 4511 1333 4610 nives
1343 4506 1617 4629 decidissent,

147 4651 467 4788 Almiralliu's'‚
493 4655 655 4751 omissa
687 4656 939 4755 Mediolani
962 4654 1235 4788 obsidione,
1272 4647 1656 4818 Abbiagrassum'

149 4795 301 4956 copias
336 4777 537 4917 redusit,
574 4821 757 4896 etcum
793 4799 989 4896 cecer'mn
1026 4796 1243 4894 Gallicum
1280 4793 1531 4934 peditatum
1569 4835 1619 4893 ex
1723 4789 1729 4806 ⁸

1507 4946 1616 5036 Pro-
