4294 5972
613 463 862 548 CAROLI
909 463 961 547 V.
996 464 1114 546 LIB.
1142 471 1223 550 1x.
1534 478 1622 570 299

190 629 349 726 hominis
386 655 544 743 morte,
583 627 655 724 tali
696 653 1007 759 temperantque
1057 625 1164 722 modo
1208 627 1357 743 illata,
1408 628 1527 727 ceteri
1558 639 1656 759 perss

188 777 324 871 territi
360 777 403 869 in
439 772 565 906 effide
601 774 893 869 contineantur.
1184 785 1185 788 ‘

282 923 441 1016 XVIII.
533 912 708 1014 Perusia
750 909 1036 1054 Perusinique
1072 909 1176 1055 'agri
1225 911 1402 1014 castellis
1442 947 1486 1012 et
1526 915 1651 1056 oppi-

188 1057 290 1182 dis,
327 1097 442 1199 quae
483 1098 509 1156 a
552 1055 764 1158 Pontifice
812 1049 1101 1177 defecerant,
1150 1056 1332 1198 receptis
1386 1053 1650 1186 Philiberrus

187 1203 340 1343 copias
382 1213 631 1304 Cortonam
674 1201 878 1319 induxit,
913 1238 1160 1344 coeptaque
1196 1200 1534 1344 oppugnatione
1569 1243 1650 1344 op

187 1346 378 1487 pidanos
415 1350 472 1448 ad
502 1345 778 1447 deditionem
805 1345 1068 1486 compulit,
1112 1345 1366 1465 militibus,
1411 1344 1492 1486 qui
1525 1383 1649 1486 prae-

185 1489 302 1591 sidio
344 1526 495 1610 erant,
541 1527 644 1590 cum
681 1487 862 1632 singulis
905 1489 1180 1592 vestimentis
1227 1527 1272 1592 et
1312 1488 1499 1632 gladiis,
1552 1525 1647 1632 quo

183 1634 351 1735 vellent
384 1634 533 1758 abite,
571 1634 819 1775 permissis.
871 1631 1138 1735 Florentiam
1184 1673 1436 1778 progressus
1496 1636 1646 1774 copias

179 1780 432 1920 generatim
474 1777 694 1882 distribuit
741 1775 1061 1920 disponitque,
1112 1813 1157 1878 et
1199 1779 1354 1881 urbem
1406 1775 1642 1881 obsidione

182 1922 362 2065 cingit,
400 1963 537 2066 quam
589 1921 870 2024 obsidionem
905 1921 986 2020 diu
1025 1958 1071 2021 et
1117 1921 1272 2025 acriter
1314 1959 1496 2064 urgente
1538 1920 1644 2024 Phi-

180 2065 374 2187 liberto,
411 2066 553 2168 multa
578 2102 715 2206 parva
741 2063 938 2206 praelia,
985 2075 1014 2164 0
1048 2062 1219 2204 pidanis
1270 2065 1643 2207 praesidiariisque

181 2209 399 2310 militibus
436 2207 793 2351 erumpentibus,
836 2207 956 2308 varia
997 2103 1175 2307 idrtum
1209 2200 1349 2310 facta.
1396 2219 1515 2309 Cum
1550 2219 1643 2340 jam

181 2351 426 2456 Florentini
461 2393 606 2455 rerum
642 2351 981 2454 necessariarum
1016 2350 1170 2493 inopia
1211 2386 1505 2471 tentarentur,
1546 2363 1643 2453 Fet*

182 2496 360 2598 ruchius
395 2498 572 2599 Pisanus
609 2503 895 2640 Joannesque
936 2496 1089 2600 Paulus
1131 2491 1316 2598 Chierus
1357 2535 1461 2596 cum
1496 2533 1642 2596 arma-

182 2677 332 2744 torum
368 2641 506 2743 tribus
542 2639 737 2744 millibus
785 2679 1042 2784 magnoque
1082 2677 1337 2742 commeatu
1381 2640 1641 2759 adventare,

182 2819 228 2884 et
262 2785 518 2928 Florentinis
554 2784 750 2887 subsidio
784 2787 931 2886 venire
972 2785 1258 2886 nuntiantur.
1311 2793 1418 2884 Hoc
1457 2783 1642 2926 cognito

181 2917 442 3030 Philiberrus
475 3007 491 3051 ,
533 2931 685 3030 ceteris
721 2931 770 3029 in
806 2928 1040 3030 obsidione
1073 2928 1263 3049 relictis,
1311 2967 1414 3028 cum
1456 2939 1643 3029 Germa-

180 3073 249 3175 nis
287 3074 407 3173 mille
444 3111 487 3175 ct
523 3075 714 3174 totidem
741 3073 898 3174 Italicis
949 3112 1000 3172 ac
1041 3108 1164 3215 parte
1205 3072 1422 3212 equitatus
1456 3067 1642 3173 obviam

179 3216 272 3356 ipse
308 3218 585 3322 venientibus
621 3216 818 3321 hostibus
854 3211 1076 3358 profectus
1127 3215 1365 3316 Pistotium
1402 3214 1560 3323 venite
1599 3249 1643 3315 et

178 3361 336 3461 Italicis
378 3360 676 3482 cohortibus,
723 3402 827 3464 cum
871 3361 1029 3502 quibus
1070 3357 1280 3461 Fabtitius
1323 3360 1642 3462 Mattamaldus

178 3503 268 3605 hoc
304 3505 526 3648 oppidum
561 3503 822 3626 obtinebat,
857 3547 909 3606 ex
944 3504 1161 3646 praesidio
1186 3502 1412 3623 deductis,
1446 3543 1550 3604 cum
1575 3500 1642 3610 his

179 3647 422 3751 Fabricium
468 3651 701 3794 separatim
743 3649 979 3791 procedere
1018 3649 1067 3749 in
1117 3645 1291 3751 hostem
1337 3645 1495 3782 jubet,
1547 3646 1640 3786 ipse

179 3792 262 3892 alia
297 3793 372 3894 via
406 3833 510 3896 cum
560 3795 621 3895 ire
646 3797 897 3940 pergeret,
940 3790 1059 3895 haud
1102 3792 1237 3936 longe
1281 3827 1531 3933 progressus
1583 3790 1640 3890 ad
1685 3791 1688 3798 ’

181 3935 363 4058 vicum,
400 3940 480 4079 qui
516 3947 680 4041 Sanctus
722 3945 929 4042 hhrcrllus
971 3937 1176 4055 dicitur,
1224 3937 1273 4034 in
1324 3931 1469 4034 hostes
1520 3931 1638 4034 inci-

183 4078 281 4197 dit,
317 4083 569 4223 praelioque
612 4085 851 4185 commisso
903 4079 1168 4181 Philiberrus
1217 4077 1309 4219 ipse
1351 4116 1452 4178 cum
1506 4076 1680 4218 equi·

182 4255 275 4323 tatu
319 4225 578 4346 immissus,
629 4229 740 4328 dum
776 4228 886 4327 inter
932 4224 1112 4364 primos
1151 4221 1412 4363 praeliatur,
1466 4218 1640 4321 duobus

178 4367 395 4508 scloppeti
439 4369 534 4468 telis
576 4365 834 4470 confoditur
869 4445 885 4489 ,
935 4402 980 4468 et
1024 4405 1129 4468 cum
1171 4401 1365 4508 quatuor
1416 4361 1640 4505 equitibus

177 4509 472 4650 cataphractis
508 4513 757 4615 occiditur.

266 4663 390 4756 XIX.
481 4667 585 4756 Hoc
643 4697 741 4759 casu
793 4655 1006 4758 Germani
1055 4651 1309 4758 conturbati
1362 4651 1641 4770 consistunt,
1724 4769 1726 4774 Ι

182 4833 281 4935 pars
331 4799 466 4900 etiam
532 4801 693 4943 pedem
743 4793 897 4900 referre
951 4799 1215 4940 incipiente
1264 4796 1407 4896 hostes
1461 4795 1643 4896 alacrius

1168 4950 1269 5083 Ppt
1589 4937 1647 5035 it-
