4326 5986
588 493 673 608 398
982 507 1066 590 ιιιι
1113 501 1318 585 araus
1373 498 1600 585 oasrxs

536 671 764 811 equitatu,
806 661 1122 826 Hispanorum
1149 700 1374 765 veteranae
1411 661 1615 764 cohortes
1640 700 1777 765 cornu
1803 656 1986 774 dextrum

536 811 836 928 obtinebant,
880 808 1099 908 sinistram
1143 808 1291 909 Italica
1327 846 1527 928 manus,
1566 806 1637 908 cui
1678 845 1874 950 praeerat
1906 824 1984 916 Fer·

535 958 701 1058 nandus
738 953 1041 1054 Sanseverinus
1078 950 1240 1051 Salerni
1276 951 1513 1093 Princeps3
1553 987 1655 1093 post
1699 985 1908 1116 utrosque
1947 959 1985 1060 in

534 1101 681 1202 media
717 1097 926 1200 Germani
961 1094 1162 1266 bipartiti
1197 1096 1523 1237 procedebant:
1560 1131 1659 1196 tum
1696 1136 1720 1197 e
1756 1098 1902 1202 uitum
1930 1141 1988 1201 ca

536 1241 864 1384 taphractorum
901 1249 1044 1403 major
1080 1277 1209 1382 pars,
1245 1275 1288 1340 et
1311 1241 1358 1340 in
1386 1238 1452 1341 his
1489 1239 1687 1381 proceres
1713 1137 1802 1342 pere
1835 1281 1988 1366 omnes,

533 1384 721 1486 ducibus
758 1385 943 1526 exceptis
975 1422 1079 1483 cum
1131 1383 1291 1485 vexillo
1326 1385 1614 1524 Imperatorio
1644 1384 1757 1486 inter
1791 1386 1921 1488 Italos
1954 1424 1990 1492 et

535 1539 778 1632 Germanos
823 1526 979 1647 ibant,
1021 1567 1111 1669 qua
1154 1563 1277 1668 parte
1320 1562 1538 1630 tormenta
1584 1568 1768 1670 quoque
1815 1529 1986 1633 invehe-

535 1671 726 1777 bantur
765 1682 869 1773 Post
913 1671 1118 1772 Italos
1077 1711 1193 1772 crrca
1240 1670 1447 1835 paludem
1495 1685 1594 1776 Rex
1636 1682 1848 1774 Hazenus
1896 1717 1989 1778 cum

533 1817 757 1977 sexaginta
805 1814 974 1915 circiter
1017 1808 1132 1915 Afris
1184 1813 1406 1956 equitibus
1458 1812 1694 1978 pergebat.
1749 1829 1988 1924 Extremam

534 1997 706 2077 actem,
744 1957 816 2059 cui
852 1994 1044 2120 praeerat
1090 1971 1194 2059 Dux
1236 1956 1463 2078 Albanus,
1507 1961 1814 2102 Hispanorum
1856 2001 1984 2103 nuper

535 2102 807 2242 conscriptae
843 2139 997 2241 copiae
1041 2141 1145 2202 cum
1188 2103 1384 2204 ducentis
1430 2102 1661 2266 equitibus
1713 2103 1987 2207 claudebant.

535 2257 750 2348 Ceterum
784 2246 998 2387 peditatus
1034 2243 1152 2346 hunc
1189 2246 1440 2348 ordinem
1428 2285 1477 2347 ιιι
1519 2247 1611 2348 acie
1646 2283 1744 2349 tota
1788 2245 1989 2370 servabat,

534 2427 587 2491 ut
624 2389 778 2491 extimi
811 2426 950 2490 essent
976 2389 1263 2520 jaculatores,
1287 2390 1485 2518 scilicet,
1517 2427 1567 2493 ut
1596 2429 1880 2555 quacumque
1906 2433 1989 2534 par·

537 2570 582 2636 te
615 2530 808 2634 hostes
796 2568 1091 2674 ingruerent,
1121 2533 1282 2634 eodem
1316 2535 1458 2637 modo
1494 2534 1551 2635 ab
1588 2533 1654 2635 his
1689 2535 1890 2676 primurn
1919 2574 1986 2638 cx·

536 2677 819 2816 ciperentur.
855 2675 1213 2818 Impedimenta,
1254 2717 1370 2819 quae
1415 2678 1526 2780 servi
1568 2717 1728 2843 magna
1783 2720 1841 2780 ex
1883 2717 1988 2822 parte

535 2816 667 2952 bajul
655 2858 761 2961 tque
796 2816 859 2922 ob
896 2859 1107 2962 magnam
1148 2829 1452 2954 jumentorum
1486 2823 1687 2964 inopiam
1730 2824 1988 2963 portabant,

401 2993 404 3007 ’
536 2964 714 3105 agmine
748 2963 899 3065 medio
935 3002 977 3067 et
1014 2965 1174 3107 palude
1209 2964 1551 3086 claudebantur,
1579 3004 1630 3068 ut
1666 3004 1805 3067 essent
1836 2966 1988 3070 abbo

533 3105 669 3210 stibus
705 3109 876 3248 penitus
913 3147 1083 3218 aversas
1122 3146 1343 3212 tormenta
1377 3153 1449 3214 sex
1496 3119 1586 3242 ejus
1623 3112 1834 3254 generis,
1875 3115 1985 3254 quod

534 3257 728 3387 Cagnones
764 3250 942 3372 dicunt,
981 3253 1098 3355 circa
1132 3267 1372 3358 Germanos
1425 3291 1583 3357 nautae
1630 3255 1897 3397 servitiaque
1928 3294 1988 3355 tc-

533 3394 678 3558 migio
715 3395 901 3496 deducta
933 3395 1174 3518 vehiculis,
1199 3435 1249 3501 ut
1280 3398 1450 3520 solent,
1499 3399 1707 3542 imposita
1748 3399 1992 3506 trahebant3

533 3537 621 3680 ipsr
664 3539 875 3639 Germani
917 3581 970 3640 ex
1010 3541 1176 3642 vocatis
1220 3542 1415 3644 dimidiis
1459 3548 1669 3644 colubrinis
1714 3544 1848 3664 duo,
1891 3544 1994 3645 toti·

533 3683 727 3824 demque
761 3682 950 3824 Hispani
986 3685 1186 3826 proxime
1222 3686 1489 3848 conscripti.
1526 3697 1633 3787 Hoc
1670 3687 1823 3788 ordine
1863 3726 1995 3788 serva-

533 3859 613 3942 to,
647 3829 914 3965 quadratum
949 3866 1138 3990 agmen,
1171 3829 1350 3971 cupiens
1387 3830 1444 3928 ad
1485 3829 1637 3932 locum
1672 3829 1816 3931 castris
1865 3831 1996 3938 destr-

534 4003 718 4088 natum,
755 3967 835 4070 ubi
872 3973 994 4108 putei
1029 4009 1150 4072 erant
1186 3970 1506 4075 commodioris
1531 4013 1707 4117 aquae,
1743 3977 1996 4115 pervenire,

533 4109 825 4274 procedebat.
866 4120 1046 4224 Tantus
1074 4115 1194 4218 enim
1229 4153 1321 4216 erat
1355 4151 1494 4216 aestus
1531 4118 1708 4219 ardente
1743 4116 1865 4237 sole,
1896 4159 1997 4218 cunr

528 4254 623 4356 ¹dies
659 4256 885 4396 paululum
921 4259 1217 4399 processisset,
1257 4296 1307 4360 ut
1343 4258 1509 4360 itineris
1546 4261 1778 4363 accedente
1814 4260 1994 4379 labore,

535 4396 697 4498 milites
732 4401 887 4503 sudore
923 4440 972 4501 ac
1014 4402 1087 4503 siti
1121 4399 1478 4522 conficerentur,
1517 4403 1702 4541 quidam
1745 4401 1882 4506 etiam
1925 4447 1996 4505 ex-

535 4541 770 4682 spirarent
819 4552 943 4644 Nam
985 4546 1065 4644 etsi
1100 4545 1299 4685 plerique
1345 4480 1643 4687 laguriculas,
1692 4581 1735 4646 et
1785 4547 1991 4648 uterculos

533 4687 712 4828 singulis
748 4685 1022 4810 attributos,
1063 4727 1176 4830 aqua
1218 4727 1295 4789 seu
1335 4726 1444 4789 vrno
1490 4689 1634 4791 diluto
1661 4687 1993 4829 proficiscentes
2114 4785 2115 4830 ÷

534 4832 852 4973 repleverant,
907 4868 1054 4935 tamen
1105 4831 1230 4975 potio
1287 4828 1567 4936 vehementer
1624 4825 1906 4934 calefacta
1878 4833 1996 4936 sttim
2114 4869 2115 4880 ι

1938 5013 1994 5076 ct·
