4298 5980
591 463 674 584 196
939 487 1025 568 on
1068 483 1268 567 nutus
1310 482 1541 567 cusrrs

544 640 778 744 certamine
828 640 1065 742 commisso
1114 633 1258 737 hostes
1306 673 1383 778 per
1429 637 1534 735 duas
1583 632 1751 734 latiores
1804 633 1899 739 vias
1944 639 2009 740 ad

544 782 695 890 forum
729 825 867 928 usque
905 783 1223 925 propulemnt,
1257 813 1354 882 tum
1396 774 1543 878 hostes
1583 778 1844 901 tormentis,
1885 823 2013 924 quae

544 932 601 1030 ad
624 929 767 1072 capita
793 930 965 1028 viarum
988 926 1196 1066 disposita
1221 958 1376 1042 erant,
1401 958 1496 1022 rem
1531 955 1756 1061 gerentes,
1789 957 1834 1020 et
1865 927 2015 1068 sclop-

545 1073 657 1215 petis
705 1071 918 1214 omnique
968 1069 1139 1170 tatione
1190 1098 1511 1210 propugnantes
1563 1065 1741 1165 illorum
1782 1064 2010 1207 impetum

449 1246 452 1254 “
547 1217 865 1323 sustinuerunt3
912 1213 1072 1358 quibus
1107 1209 1234 1315 rebus
1270 1244 1314 1310 et
1348 1207 1545 1311 hostium
1580 1208 1867 1312 multitudine
1903 1252 2008 1355 per-

545 1395 695 1460 motus
741 1358 946 1460 Marchio
987 1358 1233 1459 cedendum
1274 1396 1361 1455 esse
1402 1351 1531 1454 urbe·
1560 1352 1861 1477 existimavit,
1897 1359 2007 1459 suis·

546 1541 635 1642 que
670 1503 885 1623 reductis,
921 1537 964 1604 et
1000 1503 1081 1644 qui
1114 1497 1510 1638 subsequebantur,
1546 1498 1688 1600 redire
1722 1499 1868 1632 jussis,
1903 1511 2004 1604 Me-

546 1647 781 1747 diolanum.
810 1644 1038 1750 revertitur
1045 1723 1061 1766 ,
1097 1643 1204 1743 arcis
1242 1643 1396 1761 etiam,
1439 1680 1554 1782 quae
1589 1641 1719 1742 nullis
1752 1681 1845 1745 erat
1876 1685 2003 1747 com-

546 1789 764 1893 meatibus
799 1790 1035 1910 instructa,
1077 1786 1292 1929 praesidio
1334 1818 1495 1927 praeter
1536 1825 1743 1928 paucos,
1786 1789 1865 1928 qui
1901 1793 2003 1892 vul·

545 1933 718 2034 neribus
753 1933 942 2076 acceptis
976 1932 1035 2033 ad
1071 1971 1169 2032 earn
1204 1923 1526 2071 confugerant,
1562 1930 1777 2032 deducto.
1819 1941 2001 2036 Horum

544 2067 665 2178 litere
692 2073 919 2218 Philippus
961 2087 1129 2177 Ferrera
1173 2109 1217 2176 et
1241 2073 1485 2176 Franciscus
1514 2073 1853 2195 Marrochinus,
1888 2115 1998 2218 quos

544 2218 753 2320 Matcbio
788 2221 1045 2339 discedens,
1080 2251 1134 2318 ut
1173 2255 1318 2318 arcem
1343 2295 1362 2338 ,
1400 2217 1435 2316 si
1477 2217 1574 2318 fieti
1617 2255 1804 2361 posset,
1848 2222 1998 2322 tantis-

545 2393 655 2502 per,
690 2365 800 2465 dum
834 2364 927 2504 ipse
963 2361 1173 2504 postridie
1208 2401 1313 2461 cum
1347 2360 1555 2464 omnibus
1590 2363 1729 2503 copiis
1765 2399 1997 2464 revertere-

546 2539 654 2626 tur,
688 2507 988 2625 custodirent,
1024 2503 1219 2603 hortatus
1255 2540 1346 2604 est.
1385 2505 1469 2602 Sed
1504 2543 1607 2604 cum
1644 2505 1692 2605 hi
1726 2501 1881 2608 frustra
1921 2545 1999 2610 tres

546 2648 639 2746 dies
673 2678 1014 2788 exspectassent,
1040 2679 1084 2744 et
1116 2655 1205 2777 jam
1228 2659 1330 2747 Dux
1357 2645 1551 2747 Urbinas
1581 2687 1686 2750 cum
1720 2650 1894 2792 reliquis
1928 2691 1996 2752 co·

477 2805 489 2833 ³
546 2788 630 2928 piis
666 2823 710 2886 et
746 2787 975 2890 tormentis
1011 2788 1207 2909 adesset,
1243 2789 1417 2929 ipsique
1450 2788 1613 2892 cibaria
1647 2795 1997 2904 consumsissentr

548 2968 714 3070 equos,
751 2931 831 3073 qui
865 2925 981 3032 forte
1015 2932 1214 3052 aderant,
1240 2931 1558 3051 conscendunt,
1589 2971 1633 3034 ct
1668 2931 1784 3034 facta
1818 2937 1998 3077 eruptio

547 3112 604 3175 ne
651 3112 728 3214 per
770 3074 960 3192 hostes,
1010 3075 1089 3214 qui
1138 3113 1291 3216 parum
1338 3069 1585 3214 frequentes
1631 3115 1776 3179 arcem
1827 3076 1995 3182 obside

548 3213 696 3336 bant,
744 3220 972 3326 evadentes
1020 3217 1331 3322 Mediolanum
1372 3215 1612 3324 incolumes
1657 3219 1803 3326 cuncti
1842 3259 1997 3366 pervc-

547 3395 733 3460 nerunt.

603 3512 771 3608 XXXI.
825 3516 947 3608 Haec
982 3507 1069 3611 ubi·
1098 3512 1332 3633 nuntiata,
1369 3511 1523 3657 copiae
1558 3515 1847 3636 Pontificiae,
1889 3553 1994 3655 quae

547 3645 607 3805 ad
638 3647 902 3752 Placentiam
946 3691 1267 3796 processerant,
1308 3660 1477 3761 Padum
1518 3696 1655 3801 ponte
1696 3661 1846 3802 ligneo
1889 3697 1995 3759 com
2128 3655 2129 3680 ,

548 3825 732 3890 missum
779 3805 1084 3928 trajecerunt,
1120 3835 1162 3898 et
1206 3841 1249 3898 se
1291 3803 1471 3904 Venetis
1510 3813 1862 3936 conjunxerunt,
1904 3837 1994 3902 tum

547 3932 724 4071 utrique
758 3939 1055 4057 Mediolano,
1097 3977 1149 4039 ut
1188 3945 1466 4044 Caesarianos
1509 3944 1795 4067 obsiderent,
1843 3985 1995 4086 appro
2127 4057 2128 4066 Ν

546 4073 851 4214 pinquantes,
902 4084 959 4182 ad
1009 4082 1321 4226 Melignanum
1374 4090 1701 4191 consederunt.
1758 4091 1994 4190 Franciscut

546 4211 741 4341 Sfortia',
775 4256 1020 4363 postquam·
1046 4226 1292 4369 longinqua
1328 4226 1569 4332 obsidione·
1596 4234 1702 4333 arcis
1737 4232 1994 4374 praesidium

548 4360 604 4456 ad
639 4366 877 4466 maximam
911 4366 1180 4470 cibariorum
1221 4372 1421 4512 inopiam
1460 4412 1747 4515 pervenerat,
1794 4377 1992 4476 ducentos
2126 4433 2127 4440 κ

547 4495 748 4603 homines
773 4584 799 4624 ,.
831 4545 882 4607 ut
923 4512 1209 4614 multitudine
1253 4517 1491 4617 imminuta
1536 4554 1805 4622 commeatus
1849 4514 1994 4655 inopia

547 4639 862 4768 sublevaretur,
896 4685 1044 4790 utque
1068 4653 1124 4752 ab
1160 4655 1228 4756 his
1263 4659 1510 4778 Foederati,
1550 4700 1685 4800 quam
1728 4662 1775 4762 in
1816 4689 1994 4799 angusto

545 4827 612 4888 res
638 4829 764 4916 esset,
791 4795 1097 4918 edocerentur,
1132 4797 1256 4931 jubet
1289 4837 1369 4940 per
1395 4804 1757 4906 caesarianorum
1793 4799 1997 4906 munitio
