4368 5984
577 415 703 490 xxvr.
932 411 1090 512 'Jontc
1109 416 1225 490 cau.
1241 410 1549 489 susurrante

553 541 740 662 epistola¹
771 538 823 626 X.
853 539 943 627 Kal.
972 544 1168 630 Novemb.
1198 543 1408 658 conscripta
1433 542 1584 628 easdem
1617 542 1915 638 Annotationes
1934 579 1995 638 rra·

549 663 767 778 purioribus
783 664 939 768 diebus,
971 662 1093 777 inquit
1110 721 1124 767 ,
1141 667 1193 747 ad
1202 678 1239 746 te
1256 690 1305 747 est
1331 665 1419 750 urbe
1436 663 1604 748 Bononia
1630 673 1812 750 misimus.
1834 685 1851 725 ²

646 785 749 868 Cum
776 782 869 868 baec
893 781 1048 896 epistola
1068 783 1119 867 ad
1144 783 1289 867 Erasmi
1313 813 1446 868 manus
1474 783 1672 898 pervenit,
1689 786 1812 871 multo
1829 785 1903 898 jam
1929 819 1996 876 an·

557 929 598 991 te
616 899 1124 1018 acceperatAntapologiam
1140 901 1310 988 Lutetiae
1334 915 1535 1008 excusam,
1565 902 1604 990 in
1632 932 1711 1018 qua
1741 905 1925 1019 scriptoris
1946 909 1997 994 in·

556 1023 714 1140 genium
731 1045 770 1106 et
793 1017 1049 1134 eloquentiam
1076 1043 1131 1106 est
1145 1021 1378 1123 admiratus,
1397 1049 1531 1108 verum
1561 1021 1651 1136 quia
1681 1021 1923 1138 perspiciebat
1950 1055 1998 1116 ex

559 1138 775 1253 hujrumodi
791 1138 970 1225 librorum
986 1139 1278 1255 reciprocatione
1303 1138 1392 1222 nibil
1423 1139 1522 1225 nasci
1547 1168 1655 1255 posse
1677 1167 1822 1257 praeter
1838 1143 1999 1251 dissidia,

560 1259 765 1346 consultius
794 1257 989 1344 arbitratus
1010 1285 1161 1344 estnon
1192 1258 1449 1374 respondere,
1473 1285 1544 1342 ceu
1569 1257 1742 1346 discimus
1770 1289 1817 1346 ex
1842 1263 1999 1378 epistola

560 1394 581 1455 3
601 1378 769 1494 Friburgi
784 1401 932 1462 exarata
964 1377 1158 1491 prosttidie
1185 1376 1348 1494 Virginis
1370 1401 1554 1462 assumtae
1582 1405 1671 1462 ann.
1695 1407 1828 1489 1532,
1858 1380 1897 1464 in
1919 1410 1999 1496 qua

559 1523 714 1616 gustum
742 1495 905 1612 aliquem
934 1495 1105 1581 Stunicae
1128 1495 1435 1584 observationum
1459 1495 1497 1579 in
1522 1500 1573 1580 D.
1589 1495 1816 1611 Hieronymi
1843 1528 2000 1613 operaa

560 1616 733 1732 quodam
749 1615 799 1700 ad
815 1643 853 1700 se
876 1614 1027 1700 missum
1044 1615 1189 1722 innuit,
1212 1612 1425 1732 fateturque
1449 1613 1613 1731 ingenue
1643 1615 1826 1701 nonnulla
1858 1617 1908 1703 eis
1937 1618 1999 1702 in·
2105 1681 2107 1684 -

559 1762 668 1841 esse,
698 1761 798 1850 quae
827 1732 893 1818 sibi
917 1737 1001 1820 usui
1027 1727 1180 1820 forent.
1224 1737 1357 1832 Quare
1391 1734 1565 1819 Stunicae
1594 1731 1934 1822 animadversiones
1962 1736 2002 1824 in

559 1853 825 1941 annotationes
840 1881 923 1937 suas
937 1852 977 1937 in
993 1881 1140 1942 novurn
1154 1858 1439 1939 Testamentum
1457 1852 1507 1939 ad
1523 1879 1562 1936 se
1578 1850 1674 1938 mitti
1688 1852 1867 1968 postulat.
1887 1869 1910 1928 4

651 1971 734 2058 Fuit
749 1970 914 2056 Didacus
929 1971 989 2058 hic
1017 1971 1200 2087 Lopezius
1214 1971 1366 2058 Stunica
1381 1972 1437 2059 vir
1453 1975 1599 2057 Graece
1615 1971 1824 2087 Latineque
1852 1971 2001 2078 doctus,

560 2117 748 2178 sacrarum
764 2088 1163 2205 ecclesiasticarumque
1193 2120 1319 2177 rerum
1344 2089 1607 2205 peritissimus,
1638 2113 1677 2175 et
1693 2091 1864 2207 egregius
1881 2090 2003 2206 pieta·
2100 2089 2103 2094 ’

561 2208 608 2294 tis
623 2208 772 2314 cultor,
802 2208 992 2323 inquibus
1015 2208 1187 2296 laudibus
1217 2239 1288 2325 pto
1304 2209 1395 2296 virili
1427 2207 1692 2326 exaggerandis
1715 2209 1855 2294 multus
1870 2235 1925 2294 est
1941 2213 2003 2294 Se·

560 2327 726 2442 pulveda
754 2351 837 2413 tum
870 2327 1180 2443 inAntapologia
1211 2328 1389 2414 adversus
1415 2333 1643 2428 Erasmum,
1671 2349 1754 2412 turn
1780 2327 1819 2410 in
1845 2326 2001 2442 epistola

560 2445 735 2532 editionis
747 2445 1039 2534 salmanticensis
1068 2447 1179 2530 XVI.
1206 2445 1257 2532 ad
1286 2447 1466 2530 Inechum
1499 2444 1737 2530 Mendozam
1771 2443 2003 2560 Episcopum

559 2569 819 2679 burgensem,
850 2563 890 2648 in
917 2593 995 2681 qua
1015 2563 1207 2649 Stunicam
1238 2562 1353 2678 paulo
1382 2588 1470 2648 ante
1500 2589 1522 2646 e
1552 2561 1645 2649 vivis
1668 2590 1840 2677 ereptum
1871 2561 2000 2668 deflet,

561 2710 762 2798 moresque
791 2680 868 2794 ejus
900 2704 1023 2797 'atque
1054 2680 1246 2798 ingenium
1274 2681 1380 2768 brevi
1403 2679 1604 2797 quodam,
1632 2681 1697 2767 sed
1726 2680 1888 2798 eleganti
1922 2681 2001 2796 epi·

560 2827 768 2916 grammate
790 2799 959 2920 depingit
989 2799 1066 2912 eius
1094 2801 1244 2886 tumulo
1270 2799 1577 2904 inscribendum,
1621 2800 1732 2917 quod
1764 2800 1916 2887 mittimc
1940 2799 2002 2886 bic

558 2917 708 3013 uiduus
738 2919 1066 3039 praetereundtun.
1095 2925 1157 3006 En
1171 2917 1289 3007 illud:

736 3161 843 3248 Flete
863 3168 1004 3267 virum,
1022 3158 1231 3265 Charites,
1254 3159 1360 3268 jacet
1385 3159 1447 3240 hic
1463 3161 1625 3241 virtutis
1655 3159 1826 3240 alumnus

858 3281 892 3364 S
892 3288 1019 3364 tunica
1034 3337 1047 3384 ,
1062 3286 1153 3364 secli
1169 3284 1252 3362 laus
1266 3282 1485 3394 delitiaeque
1503 3283 1576 3359 sui.

738 3397 814 3483 Vos
831 3422 968 3505 quoque
983 3405 1103 3508 lugete
1119 3399 1188 3481 heu
1204 3458 1217 3503 ,
1236 3398 1399 3499 Musae,
1415 3421 1500 3478 aum
1515 3408 1707 3498 utrumque
1726 3387 1866 3476 colebat

861 3514 925 3599 llle
941 3517 1089 3601 choram
1102 3530 1263 3621 sanate,
1286 3528 1423 3624 gratm
1438 3509 1705 3618 utriquefait3

736 3631 996 3742 Wrtutumqae
1009 3644 1122 3746 gregi
1138 3660 1252 3718 carus
1268 3663 1277 3716 :
1296 3642 1469 3742 languere
1484 3635 1663 3714 videntur

857 3753 1047 3842 Doctrina
1060 3755 1310 3866 reprobitas,
1347 3775 1497 3856 eamque
1519 3751 1664 3860 pudore
1678 3752 1791 3831 saus.

646 3985 815 4101 Epistola
831 3990 969 4078 isthaec
992 3991 1227 4108 Sepulvedae
1244 4014 1345 4076 caret
1368 3986 1660 4103 subscriptione,
1696 3981 1763 4070 scd
1788 3979 1839 4068 ad
1854 4006 2000 4068 annum

563 4125 687 4210 1530.
718 4106 911 4194 referenda
924 4111 1073 4198 videtur
1091 4173 1103 4217 ,
1133 4139 1214 4226 quo
1231 4135 1426 4194 mortuum
1443 4106 1632 4192 Stunicam
1656 4100 1878 4186 arbitramur
1896 4105 2000 4182 Nea·

556 4219 633 4332 poli
652 4280 665 4324 ,
685 4251 766 4338 quo
782 4229 896 4340 paulo
908 4253 996 4315 ante
1014 4230 1135 4315 alieno
1153 4253 1191 4315 et
1207 4227 1413 4342 periculoso
1430 4251 1601 4338 tempore
1629 4222 1679 4306 ab
1700 4219 1793 4304 urbe
1809 4211 1998 4332 profectus

555 4333 678 4425 fuerat
693 4402 706 4447 ,
722 4343 779 4430 uti
797 4345 973 4434 Schottus
990 4343 1127 4434 refert.
1154 4346 1282 4435 Multa
1297 4346 1406 4461 hujus
1423 4343 1492 4431 viri
1507 4337 1734 4430 celeberrimi
1749 4361 1895 4426 exstant
1908 4366 1998 4420 mo-

1925 4481 1998 4538 nu·

597 4590 613 4632 t
656 4575 755 4652 Epa„
778 4579 848 4640 edit.
871 4579 1015 4644 Salmant.

597 4673 615 4714 a
656 4659 726 4718 Vid.
743 4663 864 4736 episto.
879 4664 967 4739 ejusd.
987 4667 1056 4724 edit.

592 4757 611 4815 3
652 4737 842 4800 Desideratus
857 4744 928 4804 haee
943 4749 1067 4821 epistola
1083 4747 1114 4801 in
1132 4745 1261 4804 editione
1280 4741 1469 4817 Coloniensi3
1484 4740 1515 4798 in
1530 4737 1772 4800 salmantinum
1788 4751 1816 4792 a.
1870 4811 1878 4827 ι
1938 4809 1945 4822 1

590 4835 612 4894 4
652 4818 700 4877 De
718 4820 855 4882 Stunicae
874 4827 1110 4884 annotationibus
1130 4827 1162 4881 in
1180 4825 1296 4883 Scholia
1316 4824 1430 4881 Erasmi
1450 4823 1481 4879 in
1500 4819 1674 4894 Hieronymi
1698 4833 1805 4891 operas
1819 4823 1850 4871 et
1869 4827 1900 4868 ¹¹¹
1918 4829 1996 4888 01⁰⁵·

547 4897 615 4958 dem
639 4901 708 4956 novi
735 4902 918 4963 Testamenti
938 4909 1100 4964 versionem
1119 4906 1259 4963 videndus
1279 4907 1340 4980 ipse
1359 4903 1498 4961 Erasmus
1517 4906 1547 4960 in
1576 4897 1707 4974 epistolis
1729 4913 1757 4970 4
1782 4895 1832 4953 lib·
1849 4893 1933 4951 XVI·
1959 4893 1995 4950 ²⁶

545 4979 850 5122 {prpungBarbirium
868 4999 912 5062 ις.
926 4987 976 5047 lib.
984 4987 1052 5046 XX.
1069 4987 1105 5048 ad
1118 4985 1266 5049 Fraucisc.
1280 4987 1467 5066 Vergaraua5
1485 4997 1516 5046 et
1536 5000 1583 5063 39·
1593 4978 1682 5058 eiiii·
1703 4979 1753 5042 lib·
1776 4976 1814 5040 ‘d
1829 4975 1992 5038 Humum

591 5079 655 5122 tan
679 5079 735 5124 um,
