4298 5980
540 416 791 502 ennom
833 417 887 501 V.
928 420 1043 556 ΒΙΒ.
1085 417 1196 504 vrt.
1507 425 1596 514 215

163 572 308 740 psius
343 567 579 678 clientibus
643 609 895 695 nocerent,
936 573 1108 717 magnis
1161 571 1316 718 poenis
1369 570 1643 750 infamiaque

167 719 462 840 constitutis,
507 715 643 883 siquis
678 718 748 820 vel
791 717 947 841 miles,
996 719 1067 820 vel
1103 715 1412 884 praefectus
1395 759 1519 854 Jussts
1556 726 1641 830 edi

168 905 338 1011 ctoque
374 861 566 998 Lanoji,
608 903 689 1006 qur
673 862 872 967 Caroli
909 863 1105 966 Caesaris
1145 863 1292 968 vicem
1324 867 1373 968 in
1404 868 1525 972 Italia
1558 909 1642 1015 ge

166 1049 305 1133 reret,
342 1049 435 1114 non
470 1008 690 1173 paruisset.

245 1167 296 1262 ΙΙ.
374 1152 587 1258 Recitatis
624 1148 822 1254 litteris
808 1192 857 1255 m
890 1147 1056 1258 ducum
1091 1151 1501 1301 praefectorumque
1545 1197 1644 1264 con·

166 1295 302 1420 cilio,
349 1297 655 1458 expositisque
684 1294 925 1418 mandatis,
963 1337 1115 1403 omnes
1151 1295 1242 1403 fere
1277 1305 1519 1442 parendum
1556 1345 1645 1408 esse

168 1442 389 1576 Lanoji
373 1477 523 1575 Jussts,
561 1474 606 1540 et
642 1437 829 1540 induciis
856 1444 1071 1545 standum
1106 1482 1395 1548 censuerunt.
1431 1448 1514 1549 Sed
1553 1446 1645 1552 hoc

167 1587 310 1750 vulgo
350 1585 546 1686 militum
582 1579 663 1684 ubi
700 1583 1009 1688 denuntiatum
1045 1623 1126 1710 est,
1158 1625 1203 1690 et
1238 1589 1509 1694 induciarum
1545 1631 1645 1694 con

169 1730 369 1832 ditiones
408 1728 659 1872 expositae,
702 1729 894 1834 clamore
950 1768 994 1832 et
1041 1733 1235 1835 tumultu
1276 1733 1503 1837 concitato
1552 1737 1645 1838 tol·-

164 1873 352 1976 lendurn
382 1912 473 1974 csse
509 1870 744 1972 demedio
773 1873 983 2012 quitalia
1017 1877 1226 1978 mandata
1263 1877 1529 2017 pertulisset,
1564 1919 1646 1983 vo-

170 2013 345 2124 ciferati
383 2050 660 2174 coeperunt,
694 2053 773 2113 nec
810 2013 1089 2116 induciarum
1131 2019 1405 2121 conditiones
1451 2061 1541 2125 esse
1575 2019 1647 2124 fe-

171 2161 365 2281 tendas,
435 2198 510 2259 uas
547 2154 733 2298 turpiter
768 2163 964 2312 Lanojus
997 2160 1262 2322 accepissets
1299 2162 1384 2264 sibi
1420 2203 1529 2306 ergo
1574 2169 1647 2268 vel

172 2303 274 2406 sine
321 2200 508 2405 duellas
552 2299 921 2462 procedendum,
963 2338 1008 2401 et
1005 2301 1176 2465 pacis
1211 2302 1491 2406 conditiones
1533 2308 1647 2409 male

171 2447 232 2546 de
268 2487 311 2546 se
358 2447 520 2548 metito
561 2442 808 2567 Pontifici,
853 2477 896 2541 et
941 2444 1022 2584 qui
1064 2444 1112 2544 in
1163 2445 1362 2587 ipsorum
1403 2438 1647 2600 perniciem

170 2628 387 2733 magnam
423 2589 541 2691 orbis
576 2622 747 2729 partem
781 2585 1071 2706 concitasset,
1107 2588 1271 2689 dandas
1307 2630 1425 2710 esse,
1461 2630 1554 2692 non
1589 2592 1648 2696 ab

171 2773 232 2836 eo
274 2732 576 2876 accipiendas.
614 2743 719 2850 Qua
755 2730 971 2832 sententia
1006 2730 1064 2831 ab
1101 2731 1227 2834 omni
1262 2668 1458 2837 milituin
1492 2735 1648 2837 multi-

178 2877 339 2979 tudine
419 2874 605 2997 tobata,
646 2917 699 2978 ex
741 2870 925 2979 ducibus
967 2875 1185 3017 Georgius
1233 2878 1509 2998 Ferrariam,
1552 2889 1648 2980 Va

172 3021 232 3124 sti
214 2917 472 3125 Mareliio
520 3035 645 3123 Senas
681 3059 769 3122 sese
805 3017 1113 3127 contulerunts
1150 3018 1427 3141 Borbonius,
1471 3055 1648 3163 postea-

178 3205 320 3331 quam
355 3205 436 3268 nee
471 3208 497 3267 a
531 3162 779 3286 militibus,
816 3199 868 3264 ut
903 3160 1007 3266 ab
994 3198 1176 3305 incepto
1212 3163 1366 3266 itinere
1401 3205 1450 3264 ae
1487 3203 1649 3306 propo

175 3313 263 3412 sito
302 3311 590 3431 desisterent,
629 3306 921 3472 impetrare,
929 3346 1007 3409 nec
1044 3347 1155 3429 eos,
1198 3343 1248 3410 ut
1291 3345 1379 3410 erat
1424 3307 1646 3452 stipendio

178 3493 275 3555 non
332 3489 589 3596 suppetente
640 3453 857 3595 precatius
910 3451 1185 3595 imperator,
1227 3465 1429 3556 coErcere
1471 3487 1646 3598 posset,

175 3638 273 3700 non
309 3599 485 3737 putavit
520 3637 602 3698 nec
637 3599 693 3700 ad
730 3639 860 3700 suum
896 3593 1097 3702 officium
1140 3631 1182 3699 et
1224 3596 1519 3741 dignitatem,
1566 3635 1647 3696 nec

175 3743 236 3841 ad
264 3741 417 3842 Caroli
446 3742 638 3846 Caesaris
674 3742 864 3845 rationes
898 3740 1134 3862 interesse,
1161 3775 1210 3842 ut
1244 3781 1336 3882 rpse
1372 3779 1554 3900 quoque
1588 3738 1646 3840 ab

177 3886 371 3985 exercitu
407 3885 678 4010 discederet,
714 3926 772 3988 ne
808 3888 844 3988 si
879 3918 997 3993 tanta
1033 3883 1346 3988 multitudo
1316 3920 1409 3984 stne
1453 3880 1647 4047 imperio

175 4019 386 4150 ferretur,
424 4029 561 4131 obvia
599 4072 802 4175 quaeque
838 4033 1064 4132 devastans
1100 4064 1231 4168 atque
1271 4024 1534 4190 diripiens
1522 4066 1568 4128 ιιι
1603 4061 1651 4126 ιι

177 4209 333 4274 rnnem
371 4171 578 4303 injuriam
616 4212 660 4276 et
698 4174 967 4277 maleficium
1003 4169 1358 4274 intolerantius
1346 4205 1561 4292 trruetet,
1603 4201 1647 4270 et

154 4316 439 4419 ·Pontificiae
482 4316 661 4419 ditionis
706 4320 913 4460 populis,
955 4350 1110 4419 contra
1157 4313 1357 4417 inducias
1398 4309 1560 4434 factas,
1603 4344 1648 4413 et

177 4461 330 4563 Caroli
367 4461 560 4565 Caesaris
595 4461 903 4584 voluntatem,
939 4462 1074 4604 longe
1109 4460 1284 4605 gravius
1319 4493 1570 4562 noceretur.
1607 4465 1647 4556 Ι

175 4637 315 4748 taque
348 4604 546 4708 militum
579 4607 798 4710 voluntati
839 4645 1014 4710 morem
1058 4644 1209 4749 gerere
1257 4647 1302 4709 se
1344 4605 1456 4707 velle
1498 4599 1648 4762 palam

175 4749 441 4890 profitentr,
474 4751 837 4895 centurionesque
881 4787 926 4856 et
971 4746 1267 4895 praefectos,
1305 4741 1646 4987 quorumdqui-

1543 4923 1642 5010 ἂι’οι
