4294 5984
570 458 816 540 cnuott
853 459 907 538 v.
956 460 1079 536 tru.
1119 462 1230 540 nt·
1514 459 1575 554 77

145 607 358 748 Najaratn
401 649 506 714 curn
547 611 797 731 militibus,
840 611 920 753 qui
961 647 1086 720 erant,
1129 613 1173 742 ei
1219 613 1275 716 ad
1323 613 1435 718 illius
1471 621 1618 761 Regni

143 759 416 904 praesidium
453 753 679 868 attributi,
716 790 892 874 movet,
917 753 954 856 si
978 791 1123 896 posset
1149 758 1322 860 incusso
1350 795 1512 863 terrore
1543 805 1617 907 op

140 905 332 1049 pidanos
367 903 423 1003 ad
459 901 690 1004 sanitatem
725 937 958 1006 revocares
996 901 1070 1000 sed
1099 939 1201 1000 curn
1240 903 1501 1008 intentando
1538 947 1615 1049 pe-

140 1049 284 1149 riculo
319 1043 430 1149 nihil
467 1044 727 1186 proficeret,
765 1043 1017 1186 oppidum,
1054 1085 1144 1186 qua
1181 1049 1309 1148 datus
1334 1065 1410 1152 'est
1445 1093 1470 1150 a
1508 1054 1615 1194 qui-

139 1189 331 1296 busdam
362 1191 593 1331 oppidanis
617 1189 786 1307 aditus,
822 1187 1006 1329 irrupit,
1029 1222 1071 1286 et
1104 1189 1152 1290 vi
1181 1227 1362 1330 captum
1394 1193 1612 1299 militibus

139 1334 448 1476 diripiendum
493 1332 719 1474 permisit.
773 1343 983 1431 Ceterum
1029 1332 1246 1474 supplicio
1296 1339 1351 1436 de
1400 1339 1483 1460 iis,
1531 1341 1613 1482 qui

137 1478 364 1622 principes
400 1471 571 1578 firerant
608 1473 803 1575 seditiosi
838 1473 1039 1610 consilii,
1077 1515 1257 1601 sumto,
1293 1483 1444 1582 ceteris
1485 1485 1614 1590 venia

138 1622 396 1765 suppliciter
433 1617 682 1764 petentibus
719 1624 842 1720 data.
1081 1753 1084 1760 Ι
1551 1649 1555 1656 ·

216 1777 309 1870 VII.
394 1767 543 1868 Paucis
579 1762 734 1868 diebus
769 1761 1035 1896 interjectis,
1072 1765 1240 1868 litterae
1275 1811 1301 1870 a
1335 1772 1503 1874 Carolo
1540 1773 1611 1873 di-

170 1910 424 2055 lomataque
460 1905 763 2052 perferuntur,
800 1910 960 2048 quibus
997 1906 1175 2012 Inechus
1212 1913 1332 2014 idern
1369 1928 1608 2018 Comesta-

137 1951 583 2175 bilis,et1=edeticus
611 2051 825 2152 Henricus
855 2050 1123 2150 Almirantus
1152 2058 1365 2157 Castellae
1380 2137 1394 2179 ,
1426 2097 1611 2202 propter

137 2235 352 2342 magnam
387 2197 588 2338 ipsorum
615 2196 734 2338 apud
768 2233 921 2296 omnes
963 2193 1136 2292 ordines
1164 2201 1468 2302 auctoritatem
1502 2243 1611 2344 pro-

137 2339 364 2442 curationi
397 2341 546 2483 Regni
581 2377 681 2440 cum
718 2337 952 2437 Hadriano
996 2338 1227 2438 Cardinale
1270 2343 1607 2480 praeficiuntur.

135 2496 250 2606 Quo
292 2522 473 2587 munere
517 2517 745 2624 suscept0‚
793 2478 1098 2584 Comestabilis
1139 2481 1438 2613 (Almirantus
1480 2489 1613 2588 enim·

137 2624 292 2727 aberat
316 2628 364 2726 in
389 2625 650 2746 Catalonia,
686 2622 767 2726 ubi
798 2620 1063 2766 quibusdam
1098 2625 1275 2766 oppidis
1301 2627 1606 2768 imperitabat)

137 2768 329 2912 pecunia
364 2809 417 2870 ex
452 2770 537 2870 suis
573 2766 858 2912 vectigalibus
884 2805 928 2869 et
963 2767 1306 2908 possessionibus
1344 2811 1479 2913 quam
1517 2813 1605 2874 ma·

137 2915 307 3014 nimam
349 2913 530 3056 potuit,
573 2913 817 3057 congessit,
859 2948 904 3013 et
938 2909 995 3011 ab
1030 2913 1269 3014 Emanuele
1304 2916 1604 3060 Portugalliae

137 3065 263 3200 Rege
298 3057 621 3201 quinquaginta
645 3061 906 3159 ducatorum
933 3053 1070 3156 millia
1099 3059 1253 3160 Caroli
1286 3058 1469 3160 nomine
1501 3101 1602 3163 mu-

138 3232 312 3332 tuatus,
347 3201 563 3302 delectum
598 3199 758 3305 habere
794 3200 1013 3320 instituit,
1045 3200 1264 3343 simulque
1299 3239 1604 3308 veteranarum

137 3341 392 3446 cohortium
420 3385 471 3444 ex
503 3339 659 3445 Africo
694 3344 819 3466 bello
844 3345 890 3446 id
921 3343 1130 3485 temporis
1165 3349 1444 3450 redeuntium
1477 3349 1604 3491 quod

171 3489 289 3590 otuit
327 3490 524 3590 mercede
557 3527 609 3588 ac
636 3487 1029 3630 pollicitationibus
1063 3491 1314 3614 accersivit,
1350 3532 1446 3635 pars
1482 3492 1612 3592 enim.

134 3525 274 3734 ierat
309 3673 336 3734 a
372 3631 658 3774 populatibus
699 3628 914 3732 abducta.
942 3631 1078 3734 Simul
1113 3635 1170 3735 ad
1193 3637 1444 3765 Antonium
1469 3639 1603 3734 Man-

136 3775 311 3898 ticum,
349 3785 539 3908 Najarae
575 3788 782 3896 Ducem,
820 3775 909 3918 qui·
935 3817 1019 3919 pro
1055 3789 1205 3921 Rege,
1238 3818 1291 3882 ut
1325 3781 1603 3884 demonstra-1

129 3952 233 4020 tum
255 3955 353 4041 est,
380 3929 629 4024 Navarram
655 3919 912 4043 obtinebat,
948 3918 1099 4022 scribit
1132 3925 1353 4062 petitque,
1384 3958 1435 4022 ut
1464 3959 1601 4063 quan·

125 4061 196 4162 do
238 4071 330 4193 jam
364 4061 489 4165 bono
526 4068 677 4168 animo
702 4067 893 4167 Navarri
921 4066 969 4166 in
1004 4099 1174 4166 nostros
1211 4105 1297 4165 esse
1323 4065 1599 4182 viderentur,

133 4203 220 4306 sibi
265 4245 434 4346 partem
480 4209 676 4350 aliquam
718 4208 921 4351 praesidii
947 4205 1168 4306 ¹veterani.
1183 4243 1241 4308 et
1262 4209 1388 4313 *item
1427 4208 1601 4349 aliquot

136 4383 354 4451 tormenta
374 4353 592 4471 mitteret,
620 4355 745 4492 quod
766 4352 838 4451 ille
867 4389 957 4451 non
977 4386 1155 4492 gravate
1180 4353 1466 4493 Reipublicae
1495 4349 1601 4450 ami·

137 4493 351 4636 citiaeque
377 4487 555 4619 tribuit,
570 4494 720 4626 ‚missis
748 4493 997 4638 quingentis
1023 4495 1242 4598 *literanis
1257 4493 1474 4596 militibus
1494 4533 1599 4594 cum

137 4638 371 4778 Maurico,
418 4639 513 4748 filio
556 4637 739 4788 puero,¹
762 4674 807 4747 et
845 4637 1081 4746 ‘'tormentis
1122 4675 1313 4792 quatuor
1357 4631 1598 4744 mediocri-

1517 4781 1598 4886 bus

15 4947 17 5036 t
