4294 5972
560 153 606 170 ..a

540 411 791 496 ennom
827 411 1129 494 v.L·.113x
1501 425 1590 518 317

168 613 246 688 'aut
291 567 615 734 vectigalibus,
661 603 830 710 praeter
874 566 1086 672 Italorum
1132 462 1370 674 duodecim
1420 571 1557 679 millia
1602 617 1642 684 et

169 761 391 830 veteranas
427 715 735 879 Hispanorum
775 705 1021 822 cohortess
1064 754 1179 858 quae
1216 715 1318 818 licet
1363 758 1471 823 esset
1509 764 1645 868 parva

168 909 371 987 manus,
415 903 495 964 nec
539 899 660 963 enrm
707 899 943 964 numerum
986 896 1093 962 octo
1139 860 1333 966 millium
1377 869 1647 1034 excedebat,

170 1055 263 1116 non
301 1049 451 1114 tamen
487 1047 646 1151 parurn
685 1009 755 1109 vel
790 1005 883 1151 spei
919 1002 1140 1110 addebant
1170 1007 1366 1138 nostris,
1403 1014 1542 1114 vel
1511 1053 1647 1117 trmo·

170 1160 229 1261 ris
267 1154 469 1258 hostibus
511 1149 786 1256 incutiebant
821 1192 915 1254 non
954 1153 1094 1254 modo
1142 1193 1324 1296 propter
1371 1197 1500 1260 usum
1545 1157 1647 1262 belli

172 1302 388 1447 gerendi,
426 1337 471 1403 et
502 1302 627 1444 quod
661 1336 784 1400 erant
821 1297 1018 1440 plerique
1040 1337 1197 1400 eorum
1232 1299 1474 1434 majoribus
1503 1305 1645 1446 sclop-

170 1448 325 1590 petis,
363 1486 499 1611 quous
516 1449 617 1546 archs
612 1449 733 1546 husos
769 1476 929 1545 vocant
972 1443 1169 1565 armati,
1214 1444 1415 1585 ipsorum
1458 1486 1646 1552 tractan-

172 1593 336 1696 dorum
374 1589 661 1754 peritissimi,
708 1590 782 1690 sed
820 1587 954 1688 etiam
985 1625 1175 1750 propter
1211 1591 1399 1734 gloriam
1443 1590 1645 1696 bellicam
1759 1633 1762 1640 ’

120 1795 121 1800 ¹
172 1774 219 1837 et
255 1737 496 1838 multarum
541 1732 831 1835 victoriarum
867 1728 924 1833 ab
958 1729 1170 1834 eisdem
1158 1772 1207 1837 m
1248 1737 1368 1839 Italia
1402 1737 1456 1838 de
1499 1738 1644 1839 multo

69 1987 73 1996 ,
171 1878 418 2012 majoribus
453 1879 591 2020 copiis
611 1916 852 2041 ’partarum
890 1879 1184 2002 memoriam,
1229 1875 1348 1980 fama
1391 1878 1532 1981 sub
1520 1922 1643 2024 rpso

175 2062 279 2125 rum
324 2021 622 2124 adventum
610 2058 659 2121 m
700 2023 898 2162 utrisque
947 2021 1094 2121 castris
1136 2017 1382 2141 referente,
1425 2025 1472 2124 id
1521 2027 1647 2167 quod

177 2167 398 2310 plerisque
435 2201 597 2266 notum
633 2199 752 2286 erat,
788 2161 868 2264 hos
909 2205 995 2265 esse
1041 2164 1344 2324 potissimum,
1382 2166 1464 2305 qui
1498 2171 1648 2272 multis

177 2345 310 2412 antea
357 2311 584 2412 Gallorum
635 2307 821 2412 ducibus
870 2309 1117 2449 superatis,
1160 2347 1299 2451 nuper
1342 2311 1397 2408 ad
1436 2309 1649 2414 Ticinum

179 2456 450 2556 eorumdem
504 2467 679 2617 Regem
740 2453 1018 2553 Franciscum
1078 2491 1246 2594 magno
1298 2449 1399 2554 fuso
1454 2456 1651 2558 exercitu

176 2599 425 2761 cepissentr
476 2598 558 2739 qui
606 2599 662 2698 ad
709 2597 1020 2698 Mediolanum
1067 2597 1254 2718 Italiae,
1306 2598 1563 2742 Galliaeque
1609 2635 1652 2704 et

177 2743 426 2846 Britanniae
462 2743 511 2841 in
548 2782 591 2843 se
612 2741 964 2881 conspirantium
989 2738 1154 2842 viribus
1172 2780 1478 2884 ,magnrsque
1510 2742 1650 2905 cppiis

177 2886 465 2995 restitissents
502 2885 582 3049 qui
610 2899 811 2998 Romam
844 2922 1194 3050 expugnassentr
1225 2887 1305 3028 qui
1342 2926 1523 3029 magnas
1543 2887 1651 2991 item

172 3032 409 3134 Gallorum
445 3031 597 3173 copias
636 3033 692 3130 ad
729 3030 973 3195 Neapolim
1010 3029 1291 3134 delevissent.

51 3184 54 3190 ’
251 3186 365 3277 XllI.
444 3187 607 3317 Neque
642 3213 749 3276 vero
781 3175 973 3318 Hispani
1008 3175 1201 3276 nominis
1242 3173 1350 3274 haec
1384 3174 1529 3278 solum
1568 3215 1649 3277 co

175 3315 327 3422 hortes
365 3320 429 3421 illi
475 3318 593 3420 bello
633 3315 927 3421 interfirerunt
968 3355 1011 3419 et
1052 3319 1278 3421 Antonius
1319 3319 1455 3421 Leiva
1493 3319 1650 3420 itidem

177 3505 236 3566 ex
273 3462 526 3569 Insubribus
565 3501 800 3585 evocatus,
837 3464 912 3565 sed
946 3463 1074 3566 multi
1112 3500 1331 3607 praeterea
1371 3464 1454 3564 viri
1488 3462 1650 3606 princi-.-

175 3647 288 3751 pes,
325 3607 670 3775 frequensque
656 3646 857 3743 juventus
899 3651 950 3712 ex
987 3607 1250 3733 nobilitate,
1287 3609 1367 3752 qui
1401 3617 1651 3710 Turcarum

183 3757 429 3857 adventu
416 3795 463 3858 m
512 3755 778 3899 Hispaniam
814 3755 1017 3857 nuntiato
1069 3756 1240 3898 magnis
1278 3752 1506 3854 itineribus
1547 3789 1651 3893 par·-

181 3895 355 4039 timque
393 3941 470 4044 per
512 3941 651 4043 equos
690 3901 1032 4042 dispositos,0
1003 3895 1147 4000 officii
1183 3939 1255 3998 ac
1277 3896 1450 4039 pietatis
1487 3896 1649 4040 gratia,

179 4041 237 4138 ad
273 4053 446 4203 Regem
485 4058 889 4187 Imperatoremque
935 4082 1061 4145 suum
1108 4079 1152 4144 et
1189 4081 1360 4144 sacrum
1397 4041 1479 4145 bel
1482 4081 1560 4142 um
1600 4081 1688 4180 ex·

181 4185 389 4288 omnibus
438 4189 677 4353 Hispaniae
724 4188 889 4292 finibus
940 4190 1247 4300 advolaruntr
1300 4228 1349 4289 ac
1397 4187 1446 4288 in
1497 4183 1651 4327 primis

179 4329 427 4432 Franciscus
471 4335 650 4437 Stunica
693 4347 946 4470 Sotomajor
987 4345 1299 4470 Bejaranorum
1346 4346 1496 4453 Dux,
1539 4335 1652 4460 Aja

178 4475 347 4581 montis
375 4512 421 4577 et
456 4475 732 4579 Gibraleonis
769 4480 1013 4632 Marchio,
1058 4515 1101 4584 et
1139 4483 1259 4584 idem
1295 4491 1459 4582 Comes
1503 4471 1654 4574 Bellal

180 4620 369 4740 cazaris,
407 4623 489 4762 qui
525 4662 618 4722 non
654 4625 821 4734 solum
834 4665 939 4728 cum
939 4625 1181 4785 equitum
1224 4663 1393 4764 magno
1436 4618 1650 4719 comitatu

180 4765 485 4899 properavit,
479 4765 716 4908 venitque
728 4841 742 4887 ,
778 4770 854 4868 sed
890 4767 1055 4874 etiam
1067 4773 1122 4870 ad
1156 4767 1364 4894 alendum
1397 4761 1517 4868 mille
1546 4759 1653 4861 Ger-I

1549 4941 1644 5001 ma-
