4292 5984
544 483 605 572 44
882 401 1018 576 'uu
1067 465 1267 551 nanus
1315 467 1538 550 casrts

490 620 692 767 Regibus
730 617 849 758 juxta
885 661 930 726 et
965 621 1251 767 popularibus
1288 659 1520 765 acceptus,
1557 655 1742 762 magnus
1788 650 1832 723 et
1868 634 1974 728 Re·-

488 767 590 910 giae
623 771 861 900 Majestatis
900 771 1040 869 cultor
1078 803 1122 868 et
1159 766 1422 906 reipublicae
1456 765 1692 909 Regnique
1728 799 1971 906 patronus,

489 911 559 1014 vir
596 909 757 1012 humili
793 913 977 1054 quidem
1015 913 1147 1030 loc0,
1183 911 1259 1009 sed
1302 910 1468 1010 excelso
1511 910 1664 1010 animo
1710 943 1756 1008 et
1798 913 1852 1010 ad
1896 952 1967 1013 res

488 1092 671 1198 magnas
708 1058 912 1199 gerendas
950 1090 1106 1176 natus,
1143 1053 1383 1195 praestanti
1420 1053 1663 1196 religione,
1699 1091 1831 1195 atque
1868 1093 1967 1157 mo-

489 1239 589 1302 rum
618 1201 871 1301 sanctitate.
910 1211 1114 1315 Quarum
1147 1196 1366 1299 virtutum
1402 1230 1551 1299 extant
1585 1196 1698 1297 clara
1731 1201 1969 1301 documen-

488 1377 534 1446 ta
567 1343 806 1484 Compluti
850 1341 944 1476 (sic
990 1343 1112 1442 enim
1159 1375 1304 1444 vetere
1348 1337 1570 1442 vocabulo
1613 1345 1784 1443 Alcalam
1828 1344 1966 1484 oppi-

490 1487 603 1591 dum
645 1490 700 1588 ad
742 1486 930 1589 Henaris
981 1486 1124 1628 ripam
1175 1485 1224 1586 in
1268 1486 1533 1627 Carpetania
1575 1485 1727 1586 vocari
1773 1487 1966 1624 volunt)

491 1629 658 1732 celebre
695 1631 992 1734 doctrinarum
1026 1629 1321 1766 Gymnasium
1358 1666 1403 1730 et
1438 1631 1668 1772 complura
1709 1628 1966 1732 scholastica

492 1775 696 1918 Collegia
731 1778 789 1878 ab
825 1777 923 1917 ipso
961 1775 1144 1875 condita
1180 1808 1223 1873 et
1260 1775 1432 1916 magnis
1467 1770 1752 1913 vectigalibus
1788 1777 1963 1884 dotatat

492 1922 611 2022 unde
649 1919 815 2061 generis
859 1918 1005 2020 omnis
1049 1916 1378 2058 disciplinarum
1422 1920 1640 2062 magistris
1677 1914 1852 2060 publice
1889 1921 1963 2020 do

491 2059 689 2164 centibus
724 2101 890 2164 merces
927 2060 1171 2180 tribuitur,
1207 2061 1473 2202 alunturque
1510 2062 1758 2205 complures
1794 2062 1963 2164 adoles-

490 2242 634 2307 centes
672 2208 814 2308 studia
849 2206 1091 2308 litterarum
1129 2205 1421 2306 aemulantes.
1463 2214 1685 2308 Praeterea
1721 2208 1961 2348 Templum

398 2389 401 2395 ·
488 2350 733 2452 maximum
764 2353 960 2485 ejusdcm
996 2350 1188 2491 oppidi,
1229 2352 1354 2491 quod
1390 2350 1519 2451 novis
1555 2351 1844 2471 Sacerdoriis,
1882 2366 1964 2454 Ca·

489 2492 768 2596 nonicatibus
804 2531 847 2595 et
872 2492 1153 2596 Portionibus
1189 2496 1351 2594 vocatis
1381 2494 1528 2616 auxit,
1565 2495 1728 2639 quibus
1761 2496 1794 2594 ii
1830 2497 1961 2598 dum-

490 2670 606 2736 taxat
643 2636 879 2780 privilegio
922 2634 1159 2739 Pontificio
1204 2637 1540 2780 praeficiuntur,
1587 2640 1666 2782 qui
1709 2639 1758 2740 in
1801 2641 1961 2740 eodem

488 2781 735 2916 Gymnasio
782 2779 933 2882 edocti
979 2783 1035 2881 ad
1078 2782 1428 2924 Magistrorum‚
1465 2785 1556 2884 sive
1591 2798 1845 2886 Doctorum
1891 2821 1960 2885 or-

493 2925 649 3024 dinem
686 2925 886 3067 provecti
921 2919 1112 3026 fuerint.
1151 2928 1370 3029 Condidit
1403 2967 1621 3070 praeterea
1657 2965 1700 3030 et
1747 2930 1962 3030 instaura-

492 3067 559 3170 vit
586 3065 824 3212 Coenobia
851 3071 1073 3213 quaedam
1104 3072 1483 3176 Franciscanotum
1512 3073 1876 3194 Monachorum,
1911 3109 1960 3174 ut

490 3251 535 3312 se
570 3253 596 3312 a
631 3251 768 3353 puero
805 3214 1013 3316 institutis
1049 3254 1202 3318 eorum
1238 3220 1493 3340 addixerat,
1528 3220 1831 3363 serviebatque
1867 3259 1957 3320 non

493 3355 544 3454 in
573 3356 850 3459 Monachatu
879 3361 1050 3479 modo,
1090 3362 1163 3463 sed
1193 3399 1299 3464 tunc
1329 3365 1464 3466 etiam
1501 3369 1742 3506 (quatenus
1777 3363 1959 3505 quidem

494 3536 703 3640 personae
748 3502 1068 3647 dignitatisque
1115 3506 1230 3607 ratio
1275 3501 1473 3648 ferebat)
1517 3548 1620 3609 cum
1672 3504 1810 3610 factus
1855 3541 1962 3607 essct

492 3643 731 3747 Toletanus
759 3649 949 3751 Antistes
980 3685 1023 3750 et
1052 3660 1283 3752 Romanae
1317 3653 1528 3753 Ecclesiae
1561 3652 1833 3755 Cardinalis.
1864 3658 1964 3750 Nec

492 3823 601 3888 vero
644 3791 790 3891 solum
833 3793 951 3934 pacis
995 3792 1159 3896 artibus
1204 3796 1341 3895 clarus
1386 3791 1470 3898 fuit
1524 3833 1567 3897 et
1612 3798 1659 3897 in
1701 3796 1773 3896 illa
1814 3793 1963 3936 Regni

491 3935 800 4072 procuratione
836 3937 1102 4081 singularem
1145 3938 1359 4039 virtutem
1396 3978 1438 4040 et
1476 3939 1708 4041 consilium
1745 3939 1963 4053 ostendit,

492 4075 568 4175 sed
602 4072 720 4178 bello
758 4079 893 4184 etiam
930 4122 1022 4184 rem
1058 4082 1186 4226 gessit
1220 4119 1467 4184 memoratu
1494 4085 1677 4227 dignam
1714 4120 1758 4183 et
1793 4083 1962 4222 Hispa-

490 4217 591 4320 niae
629 4221 879 4346 salutarem‘,
917 4227 999 4366 qui
1035 4228 1224 4329 exercitu
1261 4261 1417 4328 coacto
1454 4267 1574 4328 mare
1610 4227 1781 4361 trajecit
1817 4262 1862 4326 et
1897 4236 1960 4325 O·

492 4400 646 4464 ranum
680 4369 899 4507 oppidum
933 4369 982 4470 in
1019 4408 1096 4471 ota
1128 4372 1450 4494 Mauritaniae,
1487 4411 1591 4474 cum
1623 4381 1759 4473 Portu
1787 4377 1959 4510 Magno

494 4539 539 4604 et
562 4545 658 4606 arce
677 4508 911 4648 imposita,
941 4514 1020 4649 qui
1051 4514 1172 4612 abest
1205 4515 1307 4614 inde
1337 4552 1528 4653 quatuor
1562 4514 1703 4616 millia
1728 4551 1959 4657 passuum,

492 4649 735 4788 (quoniam
770 4652 1013 4795 Hispaniae
1047 4655 1241 4762 multum
1283 4657 1514 4762 imminere
1550 4656 1816 4800 videbatur)
1858 4694 1963 4761 cum

494 4831 571 4893 sua
607 4832 769 4940 magna
803 4796 932 4904 laude
968 4798 1158 4943 recepit.

1862 4954 1963 5083 Ejus
