4294 5972
555 439 799 525 CAROLI
840 437 895 521 V.
945 439 1062 520 ΠΒ.
1101 441 1153 522 Χ.
1516 445 1602 534 315

175 587 441 705 infestissimi
481 596 725 700 Christiani
765 595 960 700 nominis
998 594 1132 698 hostis
1171 635 1247 739 per
1285 591 1525 720 desidiam,
1568 641 1646 706 aut

174 746 463 894 pertinaciam
502 741 752 886 suffragari
792 753 969 888 Rogare
1007 775 1050 840 et
1084 779 1290 865 monere,
1329 785 1380 844 ac
1400 784 1475 885 per
1491 760 1642 852 Deum

174 889 476 992 immortalem
521 887 765 1008 obtestari,
814 923 864 988 ut
907 924 1124 987 memores
1168 897 1389 1020 majorum
1422 891 1641 1052 gloriae,

173 1073 278 1134 cum
314 1031 476 1173 quibus
510 1072 608 1133 raro
646 1033 884 1195 quisquam
918 1030 1101 1134 bello
1072 1071 1163 1131 stne
1199 1072 1274 1131 sua
1310 1033 1504 1199 pernicie
1531 1077 1641 1137 con-

131 1203 134 1212 '
175 1177 410 1297 tendisset,
448 1216 532 1319 pro
569 1219 645 1278 sua
680 1176 887 1339 pietate,
929 1176 1091 1276 virtute
1135 1211 1179 1276 et
1232 1175 1442 1319 sapientia
1488 1178 1551 1279 ita
1594 1223 1638 1282 se

175 1359 434 1463 comparent
468 1321 796 1463 conspiratione
833 1315 973 1439 facta,
1010 1357 1060 1421 ut
1111 1357 1304 1422 versutus
1341 1319 1517 1442 hostis,
1557 1326 1638 1490 qui

174 1505 269 1568 non
305 1505 449 1566 manus
482 1505 557 1608 spe
600 1467 796 1606 ipsorum
832 1447 1184 1586 discordiarum,
1224 1505 1360 1607 quam
1398 1467 1482 1567 suis
1527 1469 1637 1572 viri

174 1605 256 1710 bus
299 1605 431 1711 fretus
492 1610 672 1752 ptrstina
729 1606 842 1708 bella
887 1645 1164 1732 renovaret,
1209 1611 1363 1711 sentiat
1407 1613 1635 1715 Germanis

173 1792 255 1854 nec
291 1755 502 1856 virtutem
535 1751 680 1855 abesse
715 1753 772 1852 ad
806 1755 1097 1914 pugnandum
1134 1793 1302 1873 manu,
1338 1795 1485 1895 neque
1537 1797 1640 1859 con

172 1865 345 1998 siliunl>
355 1899 411 1999 ad
446 1892 620 1997 fraudes
657 1934 701 1995 et
738 1896 913 1996 insidias
951 1895 1129 1996 hostiles
1163 1898 1340 2001 solerter
1378 1900 1613 2004 evitandas.

138 2161 141 2166 ,
252 2053 331 2142 XI.
413 2041 499 2140 His
542 2076 586 2140 et
630 2035 790 2139 talibus
832 2039 1026 2139 Caesaris
1071 2040 1480 2163 admonitionibus,
1517 2055 1638 2176 ejus

171 2181 365 2325 demque
402 2184 541 2324 gratia
582 2219 626 2283 et
670 2181 928 2283 auctoritate
972 2182 1095 2282 ducti
1135 2193 1459 2286 Germanorum
1507 2190 1638 2292 Prin

174 2367 290 2467 crpes
326 2363 370 2427 et
403 2327 610 2469 legati
574 2325 838 2446 crvitatum,
873 2325 1195 2465 liberaliterque
1233 2327 1454 2469 polliciti,
1489 2330 1635 2432 soluto

174 2469 366 2571 concilio
416 2473 471 2570 ad
515 2511 614 2571 suos
656 2471 845 2612 quisque
888 2469 1187 2570 cohortandos
1237 2506 1281 2571 et
1331 2468 1448 2570 bello
1485 2512 1639 2574 ncces
1644 2557 1674 2592 „
1753 2493 1757 2504 '

173 2615 280 2716 saria
313 2617 664 2755 comparandum
700 2615 956 2735 discedunt,
982 2614 1236 2756 cunctisque
1264 2612 1560 2716 simultatibus
1592 2653 1636 2720 et

173 2756 535 2860 contentionibus
562 2762 615 2858 ad
643 2795 814 2899 tempus
839 2693 1044 2899 deptisitis
1076 2799 1153 2900 per
1181 2794 1325 2859 totam
1354 2760 1634 2868 Germaniam

174 2901 365 3004 delectus
402 2903 597 3004 militum
636 2900 786 3003 haberi
821 2938 1037 3073 coeptus}
1089 2901 1213 3064 quod
1250 2941 1416 3044 magno
1429 2903 1635 3025 studio,

171 3083 426 3189 magnaque
462 3046 775 3188 properatione
810 3044 976 3166 fiebat,
1011 3057 1102 3179 jam
1138 3045 1259 3146 enim
1295 3043 1432 3146 hostis
1468 3084 1635 3188 appro-

172 3190 429 3354 pinquate·
410 3189 718 3310 nuntiabatur.
757 3202 968 3293 Ceterum
1007 3189 1092 3352 nisi
1119 3201 1269 3311 Deus,
1306 3224 1354 3290 ut
1382 3230 1508 3332 saepe
1530 3192 1634 3293 alias

172 3370 221 3434 m
249 3336 453 3436 mammis
481 3375 630 3438 rerum
662 3337 894 3477 angustiis,
928 3334 1067 3435 sicin
1018 3373 1148 3434 mea
1175 3331 1430 3435 difficultate
1455 3373 1519 3435 res
1546 3347 1634 3438 Ca-

172 3478 258 3576 roli
295 3480 530 3619 praecipuo
568 3481 766 3619 quodam
802 3479 1151 3640 admirandoque
1186 3472 1337 3580 favore
1366 3478 1635 3620 respexisset,

171 3621 292 3760 prins
324 3621 459 3723 hostis
496 3623 710 3762 dispersos
748 3657 792 3722 et
833 3623 1070 3764 imparatos
1106 3623 1356 3724 Pannonios
1395 3660 1632 3763 superrones

173 3797 217 3864 et
252 3775 496 3869 Germanos
533 3768 834 3908 oppressisset,
872 3806 1009 3908 quam
1047 3767 1174 3908 plane
1208 3801 1385 3906 possent
1412 3766 1632 3866 Caesaria

172 3941 256 4008 nae
291 3911 446 4052 copiae
488 3912 746 4013 convenire
787 3913 868 4012 Sed
906 3910 1083 4014 volente
1120 3922 1220 4008 Deo
1257 3947 1484 4072 magnum·
1516 3910 1633 4074 peri

171 4052 321 4154 culum
357 4052 663 4156 aChristiano
699 4056 869 4196 populo
905 4038 1125 4192 depellere
1156 4086 1200 4150 et
1236 4053 1389 4154 Caroli
1417 4051 1631 4216 Principis

171 4195 338 4334 optimi
371 4238 421 4298 ac
466 4198 782 4338 religiosissimi
825 4197 910 4338 piis
948 4195 1116 4337 coeptis
1158 4196 1303 4296 adesse
1347 4201 1469 4333 (nec
1513 4197 1642 4302 enim

32 4459 46 4490 ·
169 4335 354 4439 fortuito
381 4373 551 4443 tantam
588 4379 682 4440 rem
711 4380 806 4443 tam
832 4377 1085 4481 opportune
1117 4341 1322 4442 accidisse
1350 4341 1467 4442 credi
1493 4378 1634 4482 opor

170 4487 269 4619 tet)
304 4478 588 4607 factumest,
624 4521 674 4586 ut
710 4483 976 4605 Danubius,
1017 4521 1244 4648 ceteraque
1286 4485 1471 4589 flumina
1507 4484 1633 4626 aquis
1716 4521 1719 4532 ·

170 4627 301 4730 solito
337 4629 483 4732 multo
521 4629 765 4763 majoribus
802 4667 927 4732 aucta
943 4631 1103 4764 ,(erat
1139 4669 1260 4730 emm
1286 4631 1447 4732 mensis
1473 4630 1633 4766 Julius,

170 4805 275 4876 curn
308 4774 432 4878 nives
464 4775 511 4880 in
545 4774 771 4880 montibus
805 4773 1130 4918 liquescunt)
1120 4809 1203 4872 rter
1241 4770 1441 4878 hostiurn
1471 4772 1638 5018 mulpps

1110 4925 1225 5020 Rtr.
1595 4953 1638 5020 t-
