4298 5980
992 261 1028 378 s
1065 323 1074 340 ,

572 467 662 586 236
860 541 869 550 -
968 487 1056 568 DE
1104 485 1314 568 REBUS
1362 483 1584 570 GESTIS

241 693 635 786 m„1‚„,x„ffl,cum
671 660 763 785 jam
799 685 934 752 annus
968 679 1165 792 ageretur
1201 645 1366 751 Christi
1400 645 1656 748 millesimus
1693 640 2004 793 quingentesi.

450 929 452 936 y
526 841 620 908 mus
658 795 896 941 vigesimus
933 832 1147 912 octavus,
1183 832 1240 894 ne
1282 831 1361 935 per
1403 794 1610 894 timorem
1652 827 1729 893 aut
1770 794 2004 936 ignaviam

525 965 745 1054 certamen
785 938 977 1084 effugere
1013 939 1259 1058 videretur,
1286 939 1520 1080 epistolam
1555 939 1612 1038 ad
1643 938 1860 1042 Carolum
1894 946 2003 1047 mit-

527 1096 613 1216 tit,
651 1129 731 1192 nec
775 1087 997 1232 graviter,
1043 1125 1123 1186 nec
1170 1123 1252 1225 pro
1299 1084 1442 1246 Regia
1484 1083 1702 1224 dignitate
1746 1086 1995 1230 scriptam,

525 1241 598 1342 secl
637 1274 761 1339 more
800 1231 1006 1372 militarit
1044 1233 1093 1334 in
1128 1229 1242 1330 hanc
1278 1267 1469 1332 maxime
1507 1229 1798 1332 sententiam.

722 1528 1157 1628 rnnucrscus
1203 1463 1342 1624 urar
1382 1522 1814 1641 orreorum,

526 1687 704 1778 Canoto
723 1681 897 1774 Romu.
916 1681 1169 1770 Irrutnmonr
1194 1703 1447 1783 orsiounro,
1473 1675 1867 1786 Hrsmmanuuoue
1880 1661 1992 1772 Reor

1068 1825 1094 1910 S
1115 1816 1155 1907 A
1171 1819 1207 1907 L
1220 1819 1267 1910 U
1281 1815 1325 1908 T
1342 1818 1378 1908 E
1393 1817 1447 1908 Μ
1462 1888 1472 1908 .

525 1999 530 2006 ·
574 1939 578 1950 ’
635 1954 1003 2080 „Renuntiatum
1038 1941 1174 2052 milri
1188 1985 1251 2051 est
1290 1991 1317 2051 a
1358 1951 1552 2094 legatis,
1595 1993 1709 2096 quos
1747 1953 1804 2052 ad
1838 1990 1883 2052 te
1934 1957 1990 2057 de

530 2175 560 2224 „
576 2139 682 2243 pace
736 2103 876 2221 misi,
923 2135 966 2200 te
1022 2094 1298 2197 conditiones
1358 2096 1636 2238 aequissimas
1692 2133 1990 2236 aspernantem

525 2322 557 2367 „
575 2248 898 2346 excusationem
940 2241 1153 2360 attulise,
1203 2241 1330 2382 quod
1376 2279 1462 2378 ego
1512 2241 1643 2341 istinc
1694 2240 1858 2342 violata
1910 2241 1987 2344 fide

525 2467 557 2512 „
576 2383 886 2532 profugerima
929 2382 1260 2529 quamobrem,
1300 2421 1352 2484 ut
1386 2424 1511 2484 meae
1552 2381 1697 2486 famae
1733 2386 1986 2508 consulam,

525 2610 557 2657 „
575 2574 691 2674 quae
733 2529 845 2632 falsis
889 2573 915 2628 a
966 2565 1008 2630 te
1049 2525 1439 2628 obtrectationibus
1482 2565 1526 2628 et
1571 2527 1803 2627 calumniis
1846 2531 1986 2668 gravi-

525 2715 557 2798 „
572 2710 639 2776 tet
675 2672 932 2814 impetitur,
960 2670 1074 2806 hanc
1110 2673 1165 2771 ad
1202 2707 1245 2770 te
1282 2671 1556 2812 provocandi
1591 2711 1719 2772 causa
1756 2670 1981 2814 epistolam

523 2817 747 2941 „mittere
782 2814 1019 2918 constitui.
1058 2822 1178 2916 Nam
1215 2814 1317 2916 licet
1352 2856 1521 2938 nemo,
1558 2816 1630 2916 cui
1666 2815 1752 2916 sint
1786 2823 1983 2920 custodes

521 3037 554 3084 „
575 2959 805 3103 impositi,
856 2961 954 3062 data
995 2957 1083 3066 fide
1130 2993 1354 3079 teneatur,
1398 3001 1487 3103 qua
1528 2959 1700 3060 ratione
1748 2960 1796 3060 id
1838 3001 1985 3064 meum

525 3100 740 3228 „factum
782 3103 849 3207 vel
897 3103 988 3204 sola
1036 3104 1215 3245 purgari
1256 3140 1433 3245 possets
1478 3141 1626 3204 tamen
1676 3143 1801 3205 meae
1842 3101 1983 3208 famae
2122 3143 2123 3146 ‘

521 3250 818 3371 „consultum
854 3289 940 3351 esse
976 3247 1178 3389 cupiens,
1218 3257 1342 3382 cujus
1378 3287 1590 3393 magnam
1625 3286 1793 3391 semper
1827 3247 1981 3370 lrabui,

518 3411 552 3515 „
568 3387 852 3535 habeboque,
879 3393 988 3494 dum
1017 3391 1111 3490 vita
1146 3427 1366 3534 suppetet,
1391 3395 1638 3515 rationem,
1660 3429 1709 3494 ut
1746 3392 1982 3496 hominum

517 3536 730 3660 „deme
767 3536 970 3679 opinioni
1006 3529 1301 3658 satisfaciam,
1338 3537 1399 3638 sic
1435 3576 1583 3639 tecum
1619 3576 1745 3681 agere
1781 3538 1980 3640 decrevi:

516 3757 550 3803 „
565 3680 601 3779 si
638 3719 710 3780 me
746 3679 881 3782 fidem
916 3682 1065 3781 datam
1100 3680 1282 3784 violasse
1327 3683 1531 3819 jactasti,
1583 3683 1654 3784 vel
1697 3692 1871 3814 jactas,
1912 3716 1983 3782 aut

520 3856 796 3948 „contemta
831 3820 950 3924 fama
987 3823 1237 3966 quidquam
1271 3822 1453 3948 fecisse,
1491 3826 1614 3968 quod
1655 3826 1805 3926 virum
1850 3823 1983 3926 nobi-

516 3966 652 4090 „lem
693 3969 836 4074 bonae
873 3964 1017 4070 famae
1061 3969 1309 4072 studiosum
1351 4010 1445 4071 non
1487 3970 1668 4091 deceat,
1709 4007 1753 4071 te
1797 3971 1982 4111 turpiter

512 4112 744 4235 „mentiri
781 4114 920 4235 dico,
964 4147 1008 4214 et
1049 4113 1225 4255 quoties
1261 4113 1442 4234 dixeris,
1484 4114 1809 4218 mentiturum.
1849 4127 1980 4238 Quo-

513 4293 547 4383 ·„
564 4257 687 4358 niam
728 4257 865 4402 igitur
908 4254 1017 4358 falso
1059 4296 1209 4359 meam
1257 4251 1425 4360 famam
1464 4260 1634 4361 laedere
1669 4293 1854 4359 conatus
1903 4299 1981 4375 es,

511 4400 670 4522 „nihil
707 4405 894 4543 amplius
930 4400 1046 4504 mibi
1081 4402 1272 4527 scribas,
1309 4406 1385 4505 sed
1420 4403 1571 4506 locum
1608 4404 1842 4505 certamini
1878 4401 1978 4502 ido-

513 4577 544 4664 ·,‚
561 4581 695 4644 neum
734 4579 970 4683 tutumque
1009 4547 1231 4684 deligito,
1267 4589 1354 4688 ego
1392 4587 1511 4650 arma
1546 4550 1721 4691 utrique
1758 4542 1975 4648 deferam.

511 4764 543 4811 „
563 4693 627 4786 Ac
682 4687 851 4832 nequid
900 4685 1083 4830 posthac
1139 4721 1302 4789 temere
1358 4691 1407 4791 in
1466 4731 1614 4794 meam
1663 4688 1981 4794 contumeliam

510 4909 542 4960 „
559 4870 716 4956 voce,
749 4835 818 4936 vel
861 4834 1021 4980 scripto
1069 4844 1237 4973 jactes,
1273 4847 1423 4942 Deum
1470 4836 1766 4984 hominesque
1813 4867 1980 4951 testor,

1840 5055 1873 5102 „
1888 5013 1977 5116 Jarn
