4292 5984
559 495 803 576 cauom
845 491 898 576 v.
947 493 1062 572 Lus.
1105 495 1164 572 11.
1519 501 1573 590 55

158 651 286 760 letani
323 648 490 754 idcirco
538 653 681 752 nullos
728 648 965 770 miserunt,
1008 648 1225 788 quoniam
1270 691 1375 752 cum
1415 689 1542 756 more
1584 659 1622 760 i-

156 839 338 944 psorum
377 797 468 897 duo
505 796 714 898 mittendi
750 830 917 914 essent,
945 794 1048 896 alter
1074 803 1281 916 Senator,
1319 797 1426 900 alter
1451 801 1622 903 Tribu-

155 985 236 1047 nus
276 939 443 1084 plebis‚
482 982 594 1084 quos
632 940 735 1042 huie
765 939 937 1042 muneri
966 978 1057 1040 sors
1089 935 1391 1083 praefecisset,
1426 942 1533 1046 haee
1568 987 1622 1050 ex

151 1082 429 1191 Senatoribus
467 1085 654 1189 obvenit
679 1085 851 1223 Joanni
886 1083 1114 1209 Riberae‚
1151 1125 1289 1228 quem
1325 1125 1449 1228 supra
1487 1093 1626 1194 nomi-

159 1233 397 1349 navimus,
436 1229 514 1330 uni
553 1273 604 1331 ex
641 1227 782 1330 tribus
817 1229 898 1370 qui
933 1229 1016 1329 soli
1051 1239 1141 1362 ejus
1177 1229 1343 1332 ordinis
1384 1270 1489 1332 cum
1522 1235 1626 1336 Tri-

159 1374 290 1488 bunis
335 1373 534 1514 quinque
577 1375 626 1473 in
670 1377 881 1474 sententia
921 1414 949 1474 a
988 1372 1114 1474 rebus
1159 1374 1287 1478 novis
1336 1414 1481 1478 aversa
1519 1415 1627 1520 per-

151 1553 373 1622 manserat
412 1558 421 1618 :
482 1557 574 1659 quo
630 1513 797 1620 factum
855 1550 919 1616 est
970 1518 1160 1660 partium
1208 1520 1519 1642 dissensione,
1572 1557 1625 1625 ut

155 1663 365 1766 mandata
400 1659 553 1804 legatis
588 1702 682 1764 non
723 1658 889 1781 libera,
931 1662 1007 1762 sed
1048 1661 1199 1766 multis
1241 1666 1368 1766 rebus
1410 1666 1623 1807 praescri-

157 1809 245 1949 ptis
283 1847 310 1907 a
344 1820 503 1908 Senatu
541 1807 770 1908 darentur:
818 1805 944 1947 quod
989 1806 1121 1950 legati
1156 1847 1255 1909 non
1296 1802 1483 1910 ferentes
1531 1845 1627 1914 mua

155 1991 239 2051 nus
274 1988 554 2068 recusarunt,
592 1949 674 2050 illis
711 1950 852 2049 alteris
888 1987 970 2049 nec
1007 1950 1184 2072 invitis,
1219 1991 1301 2054 nec
1336 1988 1387 2056 ut
1423 1951 1500 2055 alii
1535 1949 1627 2062 suf·-⁴

156 2094 419 2214 ficerenmr,
459 2093 739 2195 curantibus.
776 2091 863 2193 His
897 2090 1024 2194 rebus
1058 2096 1304 2218 nuntiatis,
1339 2098 1523 2200 Carolus
1564 2097 1625 2200 si·

155 2240 252 2340 mul
277 2279 328 2337 ac
358 2238 413 2335 de
440 2233 648 2339 Praesidis
680 2236 947 2380 negligentia
980 2237 1164 2337 certiora
1191 2241 1437 2380 cognovit,
1473 2278 1522 2343 ut
1552 2239 1625 2342 ille

161 2421 259 2481 non
296 2380 440 2480 solum
480 2408 642 2522 sponte
677 2420 752 2481 sua
787 2376 900 2480 nihil
935 2379 1150 2481 seditiosis
1184 2381 1418 2483 conatibus·
1450 2383 1627 2483 obsiste·

157 2523 265 2643 bat,
301 2524 376 2623 sed
414 2524 549 2623 etiam
586 2523 876 2646 admonitus,
913 2558 958 2622 et
995 2519 1052 2624 ab
1088 2523 1188 2665 ipso
1235 2563 1315 2666 per
1355 2525 1514 2626 litteras
1551 2563 1627 2626 ca·-

156 2667 340 2808 stigatus
377 2675 489 2800 jussa
524 2669 670 2811 Regia
707 2669 983 2813 negligenter
1020 2669 1266 2769 admodum
1303 2666 1628 2810 exequebatur,

155 2808 438 2912 vehementer
498 2847 752 2914 commotus
812 2813 855 2913 ei
903 2815 1211 2955 magistratum
1262 2811 1536 2956 abrogavit,
1578 2811 1629 2912 in

157 2963 338 3097 ejusque
374 2955 529 3055 locum
565 2959 816 3060 Antonium
858 2959 1118 3060 Cordubam
1158 2954 1348 3059 Comitis
1390 2953 1623 3058 Cabrensis

161 3091 346 3200 fratrem
377 3095 571 3201 suffecit:
610 3141 723 3242 quae
762 3141 851 3202 sera
880 3102 1081 3244 provisio
1105 3135 1261 3240 parum
1292 3134 1368 3200 aut
1399 3095 1510 3200 nibil
1546 3134 1628 3239 po

161 3244 248 3345 tuit
293 3240 421 3343 rebus
472 3280 565 3344 tam
608 3245 854 3390 profligatis
890 3281 935 3345 et
983 3280 1195 3386 tanquam
1239 3242 1488 3344 exulceratis
1527 3277 1627 3340 me·-

156 3387 276 3488 deri.

232 3539 375 3632 XVII.
452 3529 703 3652 Antonius,
737 3528 818 3634 ubi
854 3531 1069 3634 Toletum
1104 3529 1250 3652 venit,
1287 3568 1382 3632 rem
1424 3525 1630 3632 animati«

165 3711 335 3775 vertens
369 3672 417 3776 in
453 3710 651 3813 apertam
695 3677 828 3777 totius
871 3675 1058 3778 civitatis
1099 3677 1361 3778 seditionem
1402 3708 1625 3815 spectare,

166 3819 324 3959 magni
359 3813 560 3958 publicae
597 3817 756 3960 quietis
791 3821 995 3924 interesse
1030 3822 1206 3964 putavit
1234 3825 1461 3955 Joannem
1496 3813 1631 3914 Padil-

162 3960 253 4058 lam
290 3996 335 4060 et
370 3966 640 4064 Femandum
677 3971 904 4086 Avalum,
939 3965 1158 4114 principes
1194 3996 1238 4061 et
1280 3995 1478 4059 auctores
1510 3954 1630 4058 'novi

159 4103 365 4223 consilii,
408 4105 516 4205 urbe
558 4107 745 4246 pellere,
783 4111 863 4252 qui
908 4148 1083 4210 summa
1128 4141 1214 4246 ope
1263 4101 1513 4245 cunctisque
1556 4139 1629 4200 ra-

163 4245 359 4347 tionibus
395 4249 644 4351 universam
688 4251 864 4392 plebem
906 4249 1123 4351 concitare
1167 4245 1446 4350 nitebanmr.
1489 4241 1630 4387 Igitur

163 4432 217 4490 ex
255 4389 438 4528 epistola
473 4394 641 4536 Regis,
685 4431 798 4534 quae
845 4389 930 4491 firit
972 4391 1149 4535 utrique
1198 4392 1408 4512 recitata,
1453 4387 1513 4490 eis
1550 4389 1631 4490 de·⁸

159 4535 332 4636 nuntiat
369 4534 609 4676 jubetque,
647 4539 714 4639 uti
749 4536 897 4677 primo
935 4574 1117 4679 quoque
1157 4573 1359 4676 tempore
1404 4534 1513 4637 urbe
1561 4572 1632 4632 ce·

160 4679 264 4780 dant
297 4714 342 4842 et
382 4681 439 4780 ad
473 4691 647 4829 Regem
684 4679 1049 4824 proficiscantur,
1083 4682 1285 4788 maximis
1321 4679 1503 4824 poenis,
1541 4671 1626 4779 nisi

156 4857 418 4972 paruermtg
454 4824 717 4931 constitutis.
1567 4957 1635 5064 mi
