4368 5984
700 425 818 496 VITA
843 423 908 496 ET
933 424 1150 500 SCRIPTA.
1526 430 1602 498 LIX

163 557 219 645 ad
237 553 530 674 repugnandum
554 554 797 672 paraverint,
826 581 869 640 et
893 553 995 641 bello
1013 555 1102 642 vieti
1132 550 1268 639 fuerim
1285 613 1298 660 ,
1333 577 1370 638 er
1387 551 1453 669 ipsi
1468 551 1621 670 etipso·

159 705 248 762 rum
264 678 371 764 bona
387 699 498 760 erunt
518 674 556 758 in
571 697 762 788 ¹potestate
792 674 966 788 Principis
991 673 1154 760 victoris.
1185 673 1256 758 Sed
1275 698 1411 758 cuncta
1432 673 1525 758 haec
1550 675 1619 761 bo

158 825 209 880 na
241 793 320 881 fide
343 794 422 914 geri
450 793 592 878 debent
606 793 747 907 absque
764 788 896 876 fraude
913 816 952 878 et
976 792 1126 878 malitia.
1154 791 1277 888 Quod
1306 791 1334 875 si
1358 790 1617 878 admonitione

157 915 420 1029 praetermissa
435 973 447 1017 ,
461 936 502 996 et
527 933 669 1026 negato
698 910 747 996 ad
777 911 1064 996 deliberandum
1091 910 1235 1025 spatio,
1252 909 1391 994 bellum
1409 905 1614 1016 inferatur;

156 1059 252 1118 curn
270 1032 308 1116 id
332 1054 476 1144 praeter
501 1029 557 1142 jus
586 1051 741 1113 naturae
768 1051 807 1112 et
836 1027 918 1140 iusti
934 1028 1106 1144 Principis
1124 1027 1358 1114 voluntatem
1388 1057 1432 1112 ac
1463 1055 1613 1143 praece-

155 1175 273 1264 ptum
291 1148 386 1255 fiat,
416 1148 484 1232 etit
502 1147 662 1232 omnino
691 1146 892 1259 injustum,
923 1175 992 1231 nec
1009 1172 1087 1232 ram
1103 1147 1244 1232 bellum
1260 1144 1464 1260 appellari,
1493 1173 1612 1262 quam

153 1267 399 1354 latrocinium
415 1257 556 1352 debet:
586 1265 712 1379 itaque
743 1263 866 1349 ablata
891 1289 1025 1352 cuncta
1041 1291 1151 1351 erunt
1172 1266 1249 1371 eis,
1278 1266 1344 1380 qui
1359 1293 1425 1378 per
1440 1264 1610 1378 injuriam

155 1411 196 1471 et
225 1385 267 1470 in
298 1413 443 1471 morem
470 1383 649 1469 latrocinii
682 1382 826 1496 spoliati
842 1379 976 1490 fuere,
999 1385 1253 1472 restituenda:
1284 1383 1464 1499 quoniam
1481 1384 1511 1466 si
1524 1382 1610 1470 fuis·

155 1528 244 1589 sent
260 1503 476 1605 admoniti,
501 1499 598 1587 forre
614 1502 690 1588 sine
707 1501 817 1586 armis
845 1531 883 1585 se
901 1531 1046 1617 suaque
1061 1504 1190 1588 omnia
1210 1503 1248 1585 in
1272 1526 1497 1617 potestatem
1525 1531 1609 1617 per·
1726 1523 1728 1526 ’

157 1621 373 1728 misissent,
400 1645 441 1738 et
455 1649 527 1734 pax
544 1619 672 1734 ,cujus
686 1647 796 1704 causa
812 1619 952 1706 bellum
981 1621 1059 1737 geri
1082 1646 1235 1736 oportet
1252 1681 1265 1726 ,
1290 1621 1367 1706 sine
1396 1619 1496 1707 bello
1513 1647 1604 1707 con·

159 1739 316 1857 tigisset.
710 1816 716 1828 t

252 1862 348 1942 Sunt
368 1879 408 1943 et
435 1855 505 1941 alia
520 1917 532 1961 ,
547 1883 647 1972 quae
674 1855 862 1968 pertinent
888 1855 938 1942 ad
965 1883 1104 1942 rectam
1119 1855 1202 1942 belli
1221 1855 1372 1974 gerendi
1389 1855 1601 1967 rationem,

157 1999 204 2060 ur
231 1973 322 2058 nihil
343 1973 481 2089 cupide
495 1973 560 2060 fiat
576 1973 738 2078 scilicet,
765 1973 856 2058 nihil
881 1973 1106 2080 crudeliter,
1137 1976 1227 2060 nihil
1255 2004 1396 2081 avare,
1426 1977 1515 2062 nihil
1530 1978 1603 2064 im·

158 2091 372 2197 moderate.
407 2093 481 2179 Sed
497 2094 526 2178 si
551 2089 804 2202 bellumjusta
825 2119 995 2176 excausa
1019 2116 1058 2177 et
1084 2093 1304 2180 auctoritare
1332 2095 1504 2209 Principis
1521 2093 1603 2181 sue·

157 2211 208 2296 rit
223 2237 436 2324 susceptum
454 2270 467 2314 ,
496 2235 535 2296 et
551 2209 717 2295 hostibus
734 2208 914 2295 indictum
931 2269 943 2313 ,
960 2211 1134 2323 quamvis
1164 2236 1230 2325 pet
1246 2211 1376 2296 milites
1397 2212 1473 2299 sive
1488 2215 1605 2300 duces

159 2327 360 2442 improbos
376 2388 389 2433 ,
405 2355 473 2412 nec
499 2325 653 2439 justitiae
670 2384 684 2431 ,
699 2327 763 2411 sed
778 2327 937 2441 praedae
965 2328 1139 2413 studente
1155 2328 1282 2412 animo
1297 2353 1473 2444 geratur,
1490 2333 1601 2444 quod
1644 2375 1647 2383 ·

158 2472 247 2530 non
274 2439 376 2530 caret
397 2443 626 2559 turpitudine
647 2467 685 2528 et
710 2443 847 2559 culpa,
873 2469 1000 2528 tamen
1030 2447 1203 2562 magnis¹
1226 2445 1412 2562 theologis
1441 2449 1601 2534 auctori·

161 2562 266 2668 bus,
284 2561 323 2648 id
339 2562 471 2648 mentis
498 2564 629 2650 vitium
647 2589 726 2646 non
741 2559 855 2666 facit,
889 2586 933 2647 ut
959 2564 1135 2677 praedam
1152 2563 1316 2679 alioquin
1334 2591 1380 2649 ex
1411 2564 1520 2650 hoste
1547 2565 1599 2652 le·

161 2678 299 2796 grimo
328 2704 472 2794 partam
488 2681 644 2768 reddere
669 2677 770 2764 miles
785 2680 921 2765 debeat
946 2705 1012 2765 aut
1040 2677 1257 2796 praefectus.

253 2797 325 2882 His
351 2797 403 2882 ita
434 2797 668 2900 constitutis,
697 2797 828 2910 repetit
843 2801 1114 2908 Democrates,
1145 2799 1411 2912 sapientissimis
1427 2801 1511 2886 viris
1533 2830 1599 2888 au·

161 2914 329 2999 ctoribus
356 2912 581 3030 prudentes,
606 2913 747 3031 probos
773 2938 811 3000 et
827 2915 1013 3000 humanos
1029 2917 1125 3001 hisce
1143 2916 1371 3003 dissimilibus
1387 2918 1599 3006 hominibus

159 3031 370 3145 imperare,
400 3031 537 3143 justum
553 3061 628 3118 esse
643 3056 682 3117 et
697 3031 877 3144 naturale.
909 3037 1022 3118 Hanc
1047 3035 1146 3119 enim
1161 3062 1310 3120 causam
1341 3035 1504 3122 habuere
1520 3041 1600 3123 Ro·

21 3159 29 3178 '
161 3150 294 3253 mani,
325 3175 367 3234 ut
383 3149 551 3266 legitimo
577 3151 749 3264 justoque
764 3150 919 3265 imperio
946 3150 1128 3268 plerisque
1158 3154 1332 3268 gentibus
1359 3153 1596 3267 imperarent,

161 3293 233 3352 ceu
265 3267 378 3353 tradit
408 3268 641 3386 Augustinus
672 3267 780 3354 variis
804 3269 843 3352 in
866 3267 954 3354 locis
987 3269 1024 3352 in
1058 3294 1173 3386 opere
1205 3272 1514 3384 praestantissimo
1547 3274 1596 3359 de

162 3384 335 3468 Ciuitate
351 3387 455 3468 Dei:
485 3415 583 3504 quae
597 3385 766 3472 Thomas
780 3387 1000 3472 sententiam
1015 3387 1112 3473 hanc
1141 3415 1286 3474 secutus
1314 3389 1351 3472 in
1380 3389 1511 3474 libto²
1547 3391 1597 3476 de

163 3501 360 3610 Regimt'm
377 3503 573 3614 Principis
588 3502 749 3620 collegit.
778 3503 834 3589 Ut
849 3533 943 3590 veto
960 3507 1124 3618 superius
1140 3506 1239 3593 dicta
1271 3505 1498 3623 gravioribus
1522 3503 1597 3591 ful·

164 3619 309 3704 ciantur
324 3619 560 3727 rationibus,
589 3621 709 3738 gentis
724 3620 917 3736 utriusque
946 3653 1068 3708 mores
1084 3649 1123 3709 et
1149 3649 1322 3710 naturam
1350 3621 1598 3709 conferendos

164 3760 291 3822 censet
313 3741 583 3843 Democrates,
613 3768 659 3822 ex
674 3767 755 3853 quo
770 3737 859 3824 disci
876 3739 1016 3855 possit,
1040 3743 1188 3856 optimo
1214 3742 1291 3854 jure
1308 3741 1494 3855 Hispanos
1525 3741 1598 3827 istis

166 3854 260 3939 novi
275 3854 388 3938 Orbis
409 3878 448 3938 et
471 3856 671 3942 insularum
698 3854 944 3962 adjacentium
972 3858 1136 3946 barbaris
1160 3860 1397 3974 imperitare,
1427 3858 1493 3974 qui
1510 3887 1599 3973 pru·

166 3971 295 4056 dentia
313 4029 327 4073 ,
344 3971 496 4088 ingenio
512 4034 526 4078 ,
542 3975 680 4060 virtute
695 3975 825 4078 omni,
841 4001 884 4058 ac
900 3975 1130 4063 humanitate
1144 4001 1222 4062 tam
1239 3977 1397 4091 longum
1425 4005 1601 4092 superan-

165 4111 228 4172 tur
246 4089 296 4172 ab
313 4088 509 4202 Hispanis,
537 4119 653 4208 quam
682 4092 786 4206 pueri
803 4121 825 4174 a
842 4089 1003 4205 perfecta
1028 4121 1150 4180 aetate
1167 4093 1408 4198 hominibus,
1432 4096 1600 4182 mulieres

167 4205 323 4308 avitis,
354 4207 452 4292 saevi
475 4232 514 4293 et
531 4212 711 4292 immanes
727 4237 750 4290 a
766 4209 988 4314 mitissimis,
1018 4210 1229 4327 prodigiose
1260 4210 1545 4324 intemperantes
1577 4241 1601 4298 a
1677 4219 1683 4226 ’

166 4321 445 4408 contineutibus
476 4349 515 4411 et
540 4324 783 4439 temperatis,
811 4325 974 4440 denique
1003 4355 1120 4443 quam
1144 4329 1268 4416 simiae
1299 4357 1418 4443 prope
1450 4329 1602 4417 dixerim

167 4439 218 4522 ab
232 4438 460 4526 hominibus.

257 4561 398 4671 Captae
413 4559 500 4644 hinc
525 4555 759 4644 occasionem
792 4559 1004 4675 Sepulveda
1019 4563 1163 4650 liberius
1185 4563 1225 4648 in
1253 4563 1510 4680 Hispanorum
1528 4564 1607 4652 lau·

168 4671 236 4759 des
248 4677 467 4764 excurrendi
484 4738 497 4782 ,
513 4707 722 4792 eorumque
737 4669 999 4765 fortitudinem
1016 4724 1029 4786 ·,
1050 4683 1320 4770 humanitatem
1338 4744 1350 4790 ,
1366 4680 1538 4794 jttsritiam
1567 4709 1609 4771 et

217 4924 233 4965 a
273 4909 381 4968 Thous.
396 4928 424 4971 a.
439 4929 466 4971 a.
484 4929 512 4986 q.
527 4911 574 4971 66.
598 4924 652 4972 art.
668 4911 695 4970 8.
717 4909 754 4968 ad
771 4912 852 4986 print.
940 4803 1025 4884 ΗΘ
1552 4831 1610 4890 τε·

203 5003 231 5058 Ιι
270 4990 394 5055 Librum
413 4993 490 5054 hune
506 4993 639 5054 Thomas
658 4985 824 5069 abjudicant
843 4993 959 5055 erudiri.
980 4995 1153 5059 V.Eehard
1166 4993 1494 5062 haebraeeorum.
