4298 5980
508 473 511 484 ·
561 431 647 524 216
976 449 1060 532 DE
1104 445 1310 530 REBUS
1363 440 1581 526 GESTIS

518 609 653 732 dam,
689 647 746 712 ne
781 595 931 710 Caroli
966 602 1163 708 Caesaris
1198 601 1400 703 animum
1437 597 1745 718 offenderent,
1788 637 1991 704 meruere
2128 633 2129 660 ¹

520 797 565 856 se
599 739 948 896 praedicabant,
985 744 1246 868 confirmat,
1284 781 1329 846 et
1365 783 1520 848 omnes
1556 783 1637 888 pto
1672 783 1752 844 suo
1793 753 1891 875 jure
1938 787 1993 848 ac

519 935 765 1040 potestate,
802 933 939 1036 quarn
977 925 1199 1034 acceperat
1237 931 1260 990 a
1300 889 1495 1010 Catolo,
1523 929 1567 991 se
1604 885 1731 1029 sequi
1767 926 1819 986 ac
1856 929 1990 992 suum
2128 923 2129 926 ‘

520 1037 726 1142 officium
775 1039 900 1141 obire
942 1036 1108 1174 jubet,
1150 1071 1375 1175 castraque
1417 1070 1603 1153 movet,
1646 1065 1691 1130 et
1743 1069 1824 1173 per
1867 1033 1986 1139 viam

521 1184 780 1287 Flaminiam
815 1223 909 1286 non
946 1182 1098 1324 procul
1133 1179 1241 1282 urbe
1278 1179 1513 1297 Bononia,
1550 1214 1664 1317 quae
1700 1177 1842 1316 portis
1881 1179 1988 1281 clau·

521 1331 576 1430 sis
613 1327 743 1428 firmo
780 1327 995 1469 praesidio
1033 1323 1294 1443 tenebatur,
1329 1321 1529 1421 inducit.
1567 1326 1610 1418 A
1647 1357 1735 1458 qua
1772 1319 1982 1445 civitate,

521 1472 820 1592 Caesarianis,
857 1471 982 1612 quod
1019 1509 1101 1570 nec
1136 1462 1485 1582 commeatibus,
1522 1500 1604 1562 nec
1640 1498 1686 1561 re
1723 1463 1807 1562 alia
1843 1465 1982 1568 suble-

525 1651 774 1735 varentur,
825 1611 1200 1757 indignantibus,
1250 1606 1462 1709 Germani
1511 1605 1643 1748 longe
1692 1640 1736 1706 et
1781 1607 1868 1708 late
1912 1649 1986 1752 per

530 1799 688 1903 agrum
730 1755 879 1861 diffusi
923 1757 1130 1858 aedificiis
1174 1751 1361 1855 incensis
1412 1788 1628 1898 magnum
1669 1749 1985 1858 detrimentum

526 1903 872 2008 Bononiensibus
908 1900 1169 2001 intulerunt.

595 2057 662 2146 111.
737 2045 859 2144 Hinc
903 2045 1075 2186 magnis
1117 2041 1344 2146 itineribus
1385 2041 1629 2187 progressi,
1679 2077 1722 2143 et
1766 2043 1982 2164 Medula,

525 2187 600 2290 cui
631 2188 804 2289 castello
836 2188 1040 2290 Alberrus
1075 2187 1176 2288 Pius
1212 2185 1514 2331 imperitabat,
1551 2230 1604 2290 cx
1637 2186 1792 2290 itincre
1805 2265 1822 2308 ,
1858 2189 1982 2332 quod

527 2332 681 2433 clausis
717 2333 854 2472 portis
898 2369 1061 2474 agmen
1104 2332 1296 2473 recipere
1338 2369 1568 2434 recusasset
1602 2361 1628 2447 ,¹
1657 2369 1905 2474 expugnata
1944 2367 1986 2433 ct

528 2474 736 2596 incensa,
780 2513 862 2576 rtet
900 2487 1098 2579 Romam
1149 2515 1225 2614 per
1275 2489 1506 2577 Senensem
1549 2513 1706 2616 agrum
1741 2476 1986 2580 direxerunt
2130 2517 2131 2548 ³

525 2621 663 2720 vitata
698 2617 944 2736 Florentia,
981 2618 1051 2716 cui
1087 2656 1212 2757 saepe
1249 2619 1555 2758 Hispanorum
1598 2618 1673 2718 illa
1720 2655 1877 2719 manus
1916 2620 1986 2720 di-

529 2759 784 2901 reptionem
820 2760 988 2862 minata
1024 2757 1189 2881 fuerat,
1225 2762 1396 2905 quippe
1431 2761 1667 2904 opulentae
1701 2759 1805 2863 urbi
1841 2803 1893 2863 ox
1927 2804 1988 2864 ea·

531 2941 630 3004 rum
674 2941 892 3024 numero,
935 2944 1047 3046 quae
1092 2903 1141 3002 in
1181 2904 1382 3046 ipsorum
1430 2939 1561 3046 caput
1604 2906 1986 3048 conspiraverant.

529 3057 652 3148 Nam
687 3044 943 3188 perficiendi
978 3043 1228 3148 facultatem
1264 3061 1367 3150 Dux
1414 3047 1574 3150 Urbini
1616 3052 1875 3172 sustulerat,
1909 3051 1988 3192 qui

527 3231 555 3291 a
601 3190 851 3293 Florentinis
900 3189 983 3292 sibi
1030 3188 1322 3293 metuentibus
1373 3193 1600 3294 accersitus
1650 3196 1984 3296 Foederatorum

528 3335 799 3454 exercitum,¹
825 3335 874 3433 in
909 3373 1033 3474 quo,
1060 3333 1130 3434 uti
1165 3335 1513 3438 demonstratum
1541 3371 1636 3456 est,
1669 3335 1844 3478 imperii
1878 3375 1987 3439 sum·
2131 3411 2132 3414 κ

528 3515 650 3579 mam
684 3473 946 3595 obtinebat,
983 3517 1038 3577 eo
1075 3476 1274 3618 praesidii
1308 3479 1450 3622 gratia
1490 3479 1683 3584 celeriter
1727 3481 1989 3602 induxerat,

529 3661 625 3764 quo
659 3621 861 3724 nuntiato
896 3632 1091 3725 Romam
1125 3657 1242 3728 recta
1283 3623 1585 3732 contendendi
1626 3622 1863 3728 consilium
1904 3665 1988 3726 no·

530 3766 627 3866 stris
658 3765 975 3871 confirmatur.

624 3921 702 4012 IV.
802 3911 1001 4016 Romani
1036 3949 1274 4058 postquam
1309 3919 1364 4022 de
1400 3913 1615 4024 Borbonii
1651 3918 1843 4020 adventu
1878 3953 1989 4020 nun«

531 4049 690 4154 tiatum
724 4049 883 4177 fuerat,
920 4097 1008 4159 sese
1044 4060 1101 4159 ad
1137 4060 1470 4186 obsistendum,
1507 4100 1550 4167 et
1585 4060 1743 4166 urbem
1780 4061 1989 4162 tuendam

527 4235 784 4342 comparare
820 4237 1090 4343 coeperunt,
1126 4244 1220 4348 non
1253 4214 1344 4338 jam
1380 4206 1463 4311 sibi
1506 4246 1610 4310 cum
1653 4247 1789 4352 parva
1834 4242 1881 4308 et
1925 4242 1987 4306 tu·

527 4343 759 4447 muluraria
795 4383 961 4463 manu,
997 4382 1041 4446 et
1075 4348 1387 4454 Columneusis
1422 4347 1626 4454 factionis
1668 4349 1884 4475 civibus,
1923 4379 1987 4449 aut

395 4585 396 4590 Ν
527 4485 764 4585 castellanis
807 4528 901 4591 rem
943 4484 1038 4595 fore
1079 4491 1399 4636 intelligentes,
1441 4533 1491 4599 ut
1534 4531 1692 4598 aestate
1739 4497 1987 4639 superiore,

526 4619 688 4767 quibus
716 4641 914 4732 Romam
951 4631 1259 4739 invadentibus
1289 4639 1375 4741 sibi
1409 4639 1663 4782 quiescere,
1701 4676 1746 4743 et
1782 4683 1870 4743 sese
1904 4675 1992 4782 spe·

525 4803 713 4878 cratores
748 4773 952 4926 praebere
987 4773 1213 4908 licuisset,
1248 4785 1325 4894 sed
1358 4823 1463 4898 curn
1491 4781 1803 4894 robustissimo
1841 4822 1888 4889 et
1923 4821 1996 4888 ve«

1937 4965 1997 5031 te«
