4294 5984
552 461 1572 570 CAROLIV.LIB.1V.113

143 629 226 727 lam
261 619 468 741 dietum,
503 658 640 722 castra
677 623 856 763 posuit,
893 623 951 721 ad
993 620 1144 724 locum
1189 661 1326 765 usque
1368 628 1494 765 quod
1536 639 1615 734 Sa·

144 806 244 868 xum
280 771 405 902 OEegis
452 773 591 866 Mauri
631 766 792 866 dicitur
835 763 1128 907 pertinentur
1164 808 1217 866 ex
1253 809 1345 930 quo
1381 769 1483 872 loco
1520 807 1615 876 tor-

144 948 406 1013 mentorum
454 910 549 1010 telis
597 910 844 1051 oppidanos
889 907 1151 1028 infestabat,
1194 944 1237 1009 et
1282 913 1364 1010 viis
1408 917 1614 1020 omnibus
1692 1000 1697 1012 .

142 1056 332 1159 obsessis
369 1053 427 1155 ab
462 1092 515 1154 ea
553 1091 674 1192 parte
709 1052 901 1154 fluminis
944 1047 1372 1158 frumentationibus
1391 1092 1436 1156 et
1470 1060 1613 1198 pabu

145 1196 394 1298 lationibus
431 1193 719 1338 prohibebat.

216 1351 357 1444 XVII.
417 1341 501 1439 His
539 1338 869 1441 difficultatibus
905 1339 1052 1444 affecti
1088 1343 1327 1464 ToletanI,
1363 1385 1470 1446 cum
1506 1385 1615 1450 nun·

144 1483 311 1586 riarum
352 1521 459 1584 esset
501 1522 716 1627 magnum
760 1486 938 1626 pecudis
983 1527 1220 1591 numerum
1260 1487 1317 1588 ab
1359 1492 1612 1593 adversariis

144 1628 432 1789 compulsum
467 1630 601 1769 paulo
638 1669 767 1770 supra
803 1630 960 1730 urbem
995 1627 1052 1731 ab
1088 1632 1244 1733 eadem
1287 1633 1476 1734 fluminis
1514 1675 1613 1776 par-

144 1807 195 1872 te
232 1771 446 1913 pabulari,
480 1809 560 1911 per
594 1811 787 1874 aversam
822 1773 978 1916 egressi
1012 1814 1204 1875 numero
1241 1778 1296 1875 ad
1332 1779 1449 1876 mille
1486 1818 1613 1918 qum-

148 1915 308 2056 genti,
344 1921 545 2057 Tagum,
583 1916 664 2054 qui
700 1951 876 2076 propter
913 1957 1091 2058 magnas
1127 1917 1215 2018 hoc
1249 1958 1367 2022 anno
1402 1960 1614 2022 consecu-

150 2094 219 2156 tas
255 2059 463 2161 siccitates
500 2057 617 2156 vado
653 2058 825 2158 transiri
859 2094 1067 2199 poterat,
1103 2063 1159 2160 ad
1193 2060 1376 2181 locum,
1412 2063 1485 2162 cui
1524 2105 1614 2168 no-

145 2239 259 2302 men
294 2239 357 2300 cst
392 2199 583 2319 Velilla,
619 2210 906 2335 trajecerunt,
943 2241 993 2300 ac
1030 2240 1158 2339 pecus
1194 2242 1355 2361 agere,
1392 2203 1439 2305 in
1476 2207 1612 2366 oppi-

150 2347 308 2482 doque
359 2345 619 2486 compellere
660 2378 925 2485 coeperunt.
977 2351 1124 2475 Hujus
1167 2381 1229 2443 rer
1270 2341 1407 2442 factus
1457 2348 1615 2446 certior

145 2485 376 2587 Antonius
410 2489 616 2629 Zugniga
657 2527 761 2587 cum
806 2486 1006 2627 equitatu
1052 2523 1097 2586 et
1137 2485 1255 2586 bona
1298 2520 1415 2625 parte
1458 2487 1614 2627 copia

149 2665 258 2726 rum
298 2629 529 2788 oppidanis
579 2631 802 2736 occurrits
846 2630 920 2730 sed
963 2627 1012 2728 hi
1054 2666 1149 2728 non
1195 2627 1338 2728 solum
1380 2667 1613 2732 occurren-

152 2770 272 2872 tium
305 2770 524 2912 impeturn
557 2767 733 2876 fortiter
767 2773 1091 2892 sustInuerunt,
1133 2771 1208 2871 sed
1252 2806 1303 2871 ut
1343 2773 1503 2913 pedem
1545 2807 1615 2872 et-

154 2911 248 3014 iam
284 2908 521 3034 referrent,
556 2952 820 3059 coegerunt.
860 2916 1014 3016 Hoc
1003 2954 1051 3014 ιιι
1086 2916 1238 3016 urbem
1281 2915 1484 3014 nuntiato
1526 2954 1614 3055 op-

190 3057 312 3157 idani
357 3056 520 3160 sublati
561 3101 648 3159 sese
695 3100 785 3202 qua
829 3059 1082 3200 proximum
1125 3051 1212 3156 fuit
1257 3051 1501 3196 frequentes
1546 3053 1615 3158 ef

152 3095 381 3322 fundunt,
417 3203 473 3304 ad
508 3204 679 3344 suisque
715 3241 851 3343 opem
883 3195 1110 3303 ferendam
1144 3197 1248 3319 alii,
1285 3236 1382 3339 pars
1426 3199 1482 3300 ad
1526 3237 1615 3341 op

154 3279 448 3486 pugnandum
476 3384 636 3508 castra,
659 3342 959 3448 defensoribus
985 3380 1252 3484 magnopere
1281 3344 1472 3460 nudata,
1506 3382 1615 3443 enn-

155 3489 380 3595 tenduntr
416 3527 551 3628 quare
585 3489 756 3613 timor,
792 3526 838 3589 et
873 3487 1108 3627 trepidatio
1143 3486 1488 3588 adversariorum
1523 3485 1616 3584 ani·

159 3668 261 3734 mos
297 3664 527 3774 tantopere
562 3630 762 3747 incessit,
797 3668 847 3731 ut
881 3633 1075 3772 undique
1109 3623 1217 3770 fuga
1251 3626 1444 3748 fieret,
1432 3665 1615 3788 rpseque

158 3777 251 3874 dux
295 3812 399 3875 cum
434 3775 632 3938 equitatu
667 3776 714 3878 in
752 3809 890 3877 castra
924 3775 1119 3936 primurn
1154 3773 1422 3906 rejiceretur,
1457 3767 1616 3869 deinde

157 3915 244 4016 ubi
277 3956 376 4018 suos
413 3920 573 4060 passim
607 3915 884 4059 diffugientes
919 3918 1090 4064 cernit,
1132 3956 1218 4016 sese
1260 3908 1390 4052 firgae
1431 3910 1617 4011 manda·

158 4092 261 4175 ret,
296 4061 438 4162 donec
473 4103 500 4162 a
534 4071 663 4164 Petro
699 4071 895 4206 Nugne,
931 4099 1065 4202 quern
1099 4095 1230 4198 supra
1264 4052 1496 4156 nomInavi
1509 4130 1525 4174 ,
1560 4089 1618 4154 re·

160 4235 346 4303 vocatus
379 4241 470 4304 est.

224 4347 537 4445 XV111.1-1ic
572 4345 695 4448 enim
729 4349 800 4448 vir
835 4383 1026 4446 strenuus
1061 4379 1106 4444 et
1139 4339 1290 4463 fortis,
1327 4340 1408 4484 qui
1442 4374 1619 4444 centum

25 4539 27 4610 2
169 4487 339 4629 equites
370 4488 591 4606 ducebat,
628 4526 754 4610 curn,
789 4491 946 4634 sagitta
970 4485 1177 4591 transfixo
1204 4483 1409 4607 brachie,
1439 4482 1620 4588 curandi

26 4615 30 4766 l
150 4631 306 4771 gratia
340 4671 393 4732 ex
427 4634 593 4775 praelio
628 4635 891 4737 excedens
880 4672 929 4735 ιιι
974 4633 1139 4772 Syslam
1184 4633 1478 4737 commodum
1522 4663 1623 4769 per

168 4775 382 4896 venisset,
417 4818 598 4922 accepto
634 4819 815 4885 suorum
848 4774 979 4922 fugae
1019 4779 1208 4898 nuntio,
1244 4817 1325 4880 nec
1367 4772 1512 4916 spatio
1556 4813 1621 4872 sa

242 4919 354 5022 Tam.
374 4929 408 5026 I.
1219 4927 1252 5022 P
1540 4913 1625 5057 gir
