4284 5982
620 405 1132 486 subintrarunt.
1490 371 1640 488 .v11.‘'

201 533 300 622 XIII.
359 527 540 621 Totrillas
553 541 688 647 ,quae
722 561 746 616 a
775 529 859 620 civi·
908 561 992 618 rum
1045 555 1286 649 progressus,
1309 531 1348 618 in
1374 535 1613 652 popularium

23 699 27 708 ’
141 661 264 746 'utrum
282 652 410 771 legatis
438 680 526 738 cum
550 649 738 766 praesidio
760 674 859 735 tene
908 675 1026 736 castra
1052 650 1240 767 pervenit.

143 775 311 880 bantur,
345 770 495 861 diversis
536 768 701 886 partibus
729 772 859 855 Petrus
966 769 1089 858 XVII.
1152 770 1357 888 Episcopus
1377 796 1504 862 autem
1527 803 1616 868 cum

44 927 48 938 ’
141 892 363 982 fernandez
403 888 583 975 Velascus
633 916 858 1006 oppugnat,
908 915 1014 1004 parte
1045 888 1237 1006 copiarum
1276 893 1489 1007 Ampudiae
1518 928 1619 1012 prae·

143 1006 291 1100 fortiter
319 1005 605 1096 defendentibus
639 1005 858 1122 oppidanis,
909 1005 1042 1092 sidium
1073 1005 1200 1124 pellit,
1227 1011 1413 1126 Magazae
1436 1014 1619 1130 templum

142 1128 211 1245 qui
271 1126 502 1215 adversarios
558 1126 656 1212 intra
709 1127 861 1210 moenia
910 1123 1070 1241 diripit,
1103 1149 1143 1212 et
1173 1125 1408 1216 Valdolitum
1449 1137 1617 1220 revertit.

144 1245 351 1360 conspicati
368 1304 384 1353 ‚
399 1244 586 1361 proximas
630 1243 766 1330 domos
812 1241 862 1328 in·
908 1242 983 1328 Hic
1038 1242 1236 1361 populares
1265 1275 1351 1380 ,pet
1394 1276 1620 1361 praeconem

145 1365 358 1472 cendunt,
399 1388 439 1451 et
484 1392 627 1478 magno
666 1388 862 1475 campana·
910 1387 1067 1448 cunctos
1091 1361 1319 1450 adversanos
1354 1394 1524 1479 proceres
1555 1368 1622 1454 lae·
1789 1368 1793 1376 ’

144 1512 232 1571 tunt
260 1483 415 1599 strepitu
455 1480 660 1600 periculum
686 1477 791 1566 sociis
822 1477 861 1564 si·
910 1508 972 1566 sae
1019 1478 1224 1593 Maiestatis
1266 1483 1417 1568 crimine
1441 1486 1621 1574 condem·

200 1601 344 1688 'cant.
712 1671 713 1674 κ
910 1622 1022 1684 nant.
1058 1597 1198 1684 Padilla
1230 1600 1530 1688 Torlobatonem
1566 1633 1621 1691 ca·

157 1775 164 1790 ·
206 1721 313 1806 XIV.
373 1717 552 1806 Velascus
576 1719 759 1835 oppidum
783 1741 860 1805 tan·
886 1716 1056 1816 ,stellum
1104 1717 1144 1803 vi
1185 1717 1283 1831 capit
1324 1743 1438 1835 atque
1479 1721 1621 1836 diripit,

145 1829 241 1925 'dem
271 1861 489 1952 expugnat,
506 1862 545 1923 et
572 1866 638 1952 per
673 1837 863 1954 integrum
910 1862 1109 1950 arcemque
1137 1833 1416 1922 munitissimam
1439 1867 1505 1951 per
1524 1839 1624 1956 igna-

150 1954 258 2042 diem
294 1954 466 2042 nilitibus
502 1954 750 2069 diripiendum
785 1983 864 2068 pet·
911 1955 1015 2041 viam
1033 1949 1207 2068 praefecti
1233 1953 1386 2072 recipit,
1402 1954 1529 2072 ibique
1557 1981 1622 2043 sta·

147 2071 283 2160 mittit.
331 2078 376 2158 In
413 2072 693 2190 expugnatione
736 2071 862 2160 civita·
910 2070 988 2161 tiva
1011 2070 1222 2159 constituit.

145 2213 231 2274 tum
245 2189 358 2307 legati
388 2189 647 2306 comprehensi
678 2189 862 2296 nonnulli
993 2192 1131 2276 XVIII.
1215 2186 1471 2277 Comestabilis
1535 2145 1622 2278 Βιιτζ
1799 2191 1801 2196 ’

145 2307 263 2394 ceteri
290 2303 384 2424 fuga
419 2307 564 2422 elapsi,
591 2313 723 2397 Petrus
753 2307 864 2394 Giro
912 2335 1065 2424 gensem
1099 2333 1225 2394 arcem
1276 2306 1460 2423 praesidio
1503 2310 1627 2396 munit

147 2453 224 2509 nus
258 2427 385 2539 copias
416 2425 574 2512 omnino
609 2425 809 2540 relinquit,
825 2453 865 2512 tt
912 2449 952 2510 et
982 2425 1173 2526 Sanetium
1186 2483 1188 2492 ‹
1201 2422 1403 2511 Velascum
1445 2452 1516 2538 pro
1548 2447 1626 2510 tor·¹

148 2538 405 2674 Pegnplidem
446 2541 626 2649 discedit,
651 2542 786 2657 partim
809 2571 865 2628 ca·
913 2543 1047 2630 mentis
1078 2540 1285 2629 deferendis
1326 2541 1628 2630 Fontemtabiani

148 2655 296 2744 lumnta
340 2658 577 2794 popqlarium
617 2677 865 2766 commotus,
914 2659 1055 2747 mittit.
1086 2667 1217 2748 Petrus
1250 2655 1358 2772 Aiala
1396 2659 1626 2747 Salvarertae
1770 2660 1775 2670 ’

151 2776 290 2889 partim
325 2805 631 2894 propinquorum
666 2805 865 2894 procerum
914 2781 1057 2865 Comes
1102 2807 1149 2865 ex
1188 2778 1342 2865 decreto
1390 2776 1628 2894 popularium

152 2892 500 2980 admonitionibus.
869 2939 871 2942 ·
915 2895 1112 2982 Torsillani
1148 2894 1293 2981 concilii
1336 2895 1538 3011 praemittit
1584 2925 1630 2982 ex

181 3125 203 3143 ..
212 3011 302 3094 XV.
367 3011 573 3128 Utrimque
605 3013 782 3150 enercitus
803 3041 868 3102 co-
916 3013 1019 3148 suis,
1052 3012 1120 3129 qui
1149 3034 1341 3098 tormenta
1375 3039 1420 3096 ex
1455 3017 1667 3148 Ppntera3

151 3128 758 3336 bttlmtlttdnss
773 3135 870 3334 ‘li
917 3131 1080 3364 {iai
1095 3153 1255 3364 ..bt
1272 3128 1630 3334 illabi

153 3389 292 3478 gentos
317 3363 517 3482 populares
554 3390 621 3450 aut
664 3366 720 3456 int
784 3369 867 3473 eit,
917 3391 1078 3475 movet,
1103 3394 1181 3483 qua
1220 3364 1393 3485 graviora
1439 3391 1629 3454 tormenta

153 3506 221 3569 aut
242 3483 377 3598 capit,
415 3483 466 3570 ad
492 3488 650 3568 Zarzam
680 3484 868 3620 octingen·
916 3487 968 3574 ad
1012 3485 1193 3572 Bilbaum
1249 3484 1416 3599 exposita
1464 3485 1627 3572 convehi

152 3620 213 3685 tos
226 3629 443 3718 aggressus,
458 3624 614 3688 cunctos
638 3601 689 3688 ad
712 3603 867 3692 deditio·
917 3604 1214 3692 nuntiabantur.

152 3741 244 3804 nem
271 3717 482 3833 compellit.
976 3723 1082 3809 XIX.
1142 3720 1310 3837 Jacobus
1335 3720 1522 3805 Martinus
1542 3716 1625 3804 Ala

150 3897 165 3954 .'
211 3837 320 3923 XVI.
378 3836 554 3924 Toletani
579 3838 736 3956 cognito
765 3839 865 3926 Petri
918 3869 968 3930 va
997 3841 1210 3929 Antonium
1233 3836 1464 3924 Gomezium
1479 3834 1625 3948 Aialam

151 3952 291 4040 Gitoni
312 3953 469 4040 discessu
480 3957 669 4069 Joanuem
685 3956 865 4044 Padillam
918 3963 1134 4048 Praetorem
1181 3953 1370 4042 Victoriae
1408 3983 1432 4038 a
1467 3953 1627 4040 concilio

151 4097 246 4152 cum
290 4072 551 4188 supplemento
581 4075 768 4182 mittunt,
799 4077 865 4192 qui
918 4077 1157 4195 popularium
1195 4069 1405 4159 Torsillano
1451 4073 1626 4158 constitu

151 4183 336 4272 Valdoliti
372 4221 394 4275 a
444 4191 684 4308 populatibus
727 4223 865 4310 magna
919 4220 1003 4281 tum
1036 4191 1294 4309 inopinantem
1318 4189 1624 4306 comprehendit,

154 4331 245 4390 cum
287 4307 534 4422 gratulatione
574 4309 768 4424 recipitur.
821 4316 865 4395 In
920 4341 959 4399 et
988 4313 1027 4398 in
1058 4309 1267 4398 custodiam
1288 4309 1424 4396 tradit.
1476 4379 1479 4387 .

155 4423 298 4510 horum
343 4425 507 4540 patribus
548 4451 627 4514 erat
676 4425 867 4516 Antonius
977 4431 1068 4519 XX.
1128 4431 1269 4515 Comes
1311 4424 1539 4513 Salvaterrae
1572 4425 1625 4512 ita

157 4547 321 4657 Acugna
373 4542 577 4662 Episcopus
633 4545 866 4634 Zamorensis
920 4549 1090 4636 incitatus
1104 4547 1311 4634 Victoriam
1322 4545 1517 4631 contendit
1533 4605 1546 4649 ,
1560 4575 1626 4658 op

157 4657 279 4788 homo
311 4655 483 4748 factiosus
519 4692 573 4795 ac·
603 4665 867 4773 turbulentus,
919 4667 1052 4782 pidum
1087 4695 1307 4801 oppugnare
1349 4692 1484 4780 parans
1516 4659 1625 4797 ;·-sed

158 4801 225 4887 qul
243 4779 405 4865 Zamota
429 4779 523 4868 urbe
542 4805 677 4902 ejectus
702 4808 742 4870 et
765 4787 866 4872 Tau*
920 4811 1071 4902 accepta
1099 4785 1287 4902 legatione
1327 4811 1457 4897 pacem
1499 4779 1624 4910 Victo

1535 4919 1625 4976 tren·
