4292 5984
596 489 837 580 cauom
880 494 932 574 V.
983 491 1099 574 LIB.
1143 499 1178 574 Ι.
1555 513 1584 599 9

146 659 338 760 Lusum.
379 650 523 758 Addit
557 652 830 773 Manethon,
876 653 1079 756 Sacerdos
1114 647 1404 794 Aegyptius,
1446 655 1625 758 Testam

142 802 402 940 Libycum,
428 800 700 918 Tritonem,
736 810 973 918 Remum,
1001 835 1047 900 et
1067 797 1334 900 Pallaruum.
1365 812 1475 902 Duo
1506 841 1622 943 quo-

142 987 236 1090 que
270 957 496 1083 Geryones
534 943 591 1048 ab
627 943 886 1086 antiquitate
927 940 1233 1063 celebrantur,
1260 939 1400 1063 Afer,
1439 981 1483 1043 er
1519 948 1624 1046 Tri-

139 1092 379 1235 geminus,
414 1090 475 1192 sic
517 1126 731 1209 vocatuS,
764 1128 857 1188 non
886 1091 1011 1230 quod
1048 1129 1161 1190 unus
1194 1089 1351 1230 aliquis
1384 1087 1512 1219 hujus
1538 1130 1622 1191 no-

137 1237 278 1338 minis
311 1232 469 1354 fuerit,
498 1235 572 1335 sed
604 1271 687 1335 tres
727 1226 877 1333 fratres
923 1231 980 1334 ab
1024 1229 1137 1334 Afio
1160 1243 1369 1370 Geryone
1415 1271 1621 1372 procrea*

137 1381 209 1502 ti,
248 1419 422 1482 summa
451 1377 692 1480 concordia
722 1413 824 1518 post
854 1373 1035 1479 obitum
1059 1378 1191 1522 patris
1227 1378 1275 1478 in
1306 1379 1522 1518 Hispania
1554 1419 1622 1481 rea

50 1649 53 1656 Ι
140 1562 351 1670 gnanres.
379 1537 489 1626 Sunt
516 1523 598 1666 qui
610 1519 850 1658 Erythrum
868 1560 1183 1645 memorent,a
1217 1557 1312 1666 quo
1340 1521 1540 1661 Erythria
1558 1537 1622 1630 ln-

139 1671 274 1789 sula,
302 1706 347 1770 et
381 1681 588 1787 Cacum,
619 1668 737 1768 unde
768 1703 946 1774 nomen,
971 1669 1117 1772 monti
1162 1669 1348 1790 datram,
1378 1669 1458 1812 qui
1497 1680 1620 1802 juxta

138 1811 289 1915 fontes
339 1814 472 1914 Durii
514 1810 716 1948 Marntq'm
769 1813 1060 1954 appellatur,
1107 1849 1261 1956 estque
1303 1853 1403 1956 pars
1452 1817 1618 1934 montis

138 1955 394 2078 ldubedae,
436 1996 692 2060 nostrorum
736 1959 923 2095 quidam
959 1955 1070 2056 falso
1105 1960 1351 2060 tradidere:
1393 1955 1467 2060 hic
1498 1959 1620 2060 enim

141 2141 280 2206 mons
313 2111 491 2206 Caunus
534 2102 646 2202 olim
680 2097 928 2200 dicebatur.
970 2104 1180 2243 Gargor-is
1215 2141 1399 2247 quoque
1438 2111 1618 2246 Trogus

138 2255 388 2388 Pompejus
421 2246 660 2363 meminit,
694 2244 833 2384 Regis
862 2245 1169 2363 vettrstissimi,
1206 2248 1288 2384 qui
1313 2248 1483 2386 primus
1517 2249 1620 2348 mel—

138 2391 198 2492 lis
229 2390 469 2530 colligendi
496 2428 625 2488 usum
661 2386 903 2505 invenerit,
938 2423 982 2486 et
1010 2389 1059 2488 in
1096 2427 1145 2486 ea
1180 2419 1307 2524 parte
1343 2391 1620 2526 regnaverit,

140 2571 286 2673 quam
326 2532 525 2674 primum
558 2527 806 2632 Tartessida
829 2607 843 2644 q,
881 2529 1041 2629 deinde
1081 2529 1305 2655 Baeticam
1331 2531 1622 2634 nominarunt

141 2673 203 2776 ab
238 2674 527 2777 interlabente
570 2674 748 2796 fluvio,
795 2672 906 2815 qui,
942 2711 994 2776 ut
1024 2674 1166 2776 Baetis
1194 2709 1383 2816 postea,
1415 2673 1474 2774 sic
1508 2676 1621 2779 olim

144 2826 399 2939 Tartessos,
430 2820 640 2923 Strabone
665 2829 903 2940 auctore,
927 2815 1187 2922 vocabatur.
1227 2829 1460 2920 Memorat
1486 2821 1623 2923 etiam

147 2961 273 3066 idem
307 2971 484 3108 Trogus
509 2965 739 3068 Habidem
771 2977 947 3108 Regem
974 2966 1189 3109 Gargoris.
1220 2962 1362 3066 filiunt
1374 3043 1390 3085 ,
1419 2964 1503 3106 qui
1531 2966 1622 3106 pri-
1728 2983 1730 2990 ’

145 3147 251 3210 mus
280 3147 422 3210 aratro
464 3107 601 3211 boves
634 3111 840 3231 donure,
878 3149 923 3212 er
956 3110 1079 3210 sulco
1112 3107 1331 3212 frumenta
1368 3148 1508 3210 serere
1533 3111 1621 3212 do-

149 3254 316 3373 cuerit,
352 3253 522 3396 quique
557 3291 736 3398 gentem
771 3253 915 3356 adhuc
950 3293 1165 3400 agrestem
1199 3254 1248 3355 in
1270 3255 1495 3356 mitiorem
1530 3255 1624 3356 cul-

148 3437 253 3500 tum
283 3433 327 3498 et
357 3397 641 3502 humaniores
677 3440 820 3503 mores
848 3401 1088 3544 redegerit.
1118 3409 1354 3502 Anacreon
1374 3411 1537 3520 Poeta,
1573 3431 1624 3503 ut

146 3541 332 3663 Strab0,
363 3543 620 3686 Pliniusque
643 3541 797 3668 refert,
817 3544 1116 3690 Arganthonii
1143 3546 1349 3649 meminit
1378 3544 1623 3648 Tartessio«

148 3725 254 3806 rum
298 3689 466 3831 Regis,
499 3691 580 3830 qui
614 3713 754 3794 annos
790 3692 949 3832 vixerit
984 3729 1164 3796 centum
1194 3732 1238 3796 et
1270 3691 1617 3836 quinquagintat

244 3841 360 3934 XlIL
455 3837 537 3938 Sed
582 3839 722 3981 prisca
754 3836 829 3938 illa
867 3874 1073 3982 tempora
1118 3873 1223 3941 'ante
1268 3846 1456 3967 Trojam
1493 3872 1623 3936 ever-2

148 4015 253 4080 ¹saun
299 4015 421 4080 tanta
466 3977 671 4086 caecitate
728 4020 773 4085 et
818 3981 1051 4086 oblivione
1098 3983 1258 4084 obruta
1300 4015 1404 4080 ¹sunt
1439 3975 1501 4078 ob
1542 4017 1623 4078 ve·-

154 4151 407 4245 tustatem,
442 4125 518 4227 vix
553 4165 604 4229 ur
639 4130 783 4230 renuis
823 4131 879 4228 ad
919 4169 1000 4229 nos
1037 4130 1239 4266 ipsorum
1284 4119 1400 4224 fama
1413 4199 1430 4244 ,
1470 4157 1624 4241 etta,

152 4301 209 4364 ut
241 4267 449 4403 equidem
482 4271 705 4390 arbitror,
744 4267 906 4372 fabulis
937 4269 1179 4372 commixta
1210 4268 1482 4412 pervenerit.
1518 4274 1622 4366 Post

156 4406 330 4508 cladem
381 4453 487 4513 vero
534 4419 780 4547 Trojanam
822 4414 1039 4554 quosdam
1089 4455 1181 4516 non
1229 4415 1373 4514 modo
1426 4422 1623 4520 Graeco,

156 4589 294 4671 rum,
332 4557 568 4658 sedetiam
605 4565 906 4691 Trojanorum
937 4561 1068 4660 duces
1103 4601 1152 4658 ac
1193 4596 1393 4698 proceres
1442 4555 1490 4655 in
1533 4545 1622 4656 Hi·-

160 4695 356 4836 spaniam
392 4700 557 4803 delatos
606 4745 720 4826 esse,
762 4700 917 4845 ibique
960 4704 1150 4846 populos
1186 4702 1431 4802 condidisse
1470 4721 1621 4840 graves

160 4873 354 5098 auqtsores
392 4847 700 4991 prodiderunt.
736 4850 877 4968 Quod
912 4849 968 4956 de
1000 4850 1155 4986 Ulysse
1192 4847 1430 4952 confirmat,
1466 4843 1621 4948 Strabo

274 5026 348 5090 ΟΜ.
376 5001 411 5090 I.
1231 4996 1268 5100 B
1555 5025 1625 5088 H!
