4294 5984
568 461 624 574 98
937 457 1021 536 DE
1068 451 1269 531 REBUS
1318 445 1540 528 GESTIS

532 655 595 717 tes
632 655 658 713 a
693 609 842 712 multis
876 605 1200 729 circumventi,
1235 597 1361 704 facile
1397 600 1653 743 capiuntur.
1698 601 1905 736 Joannes·
1937 613 2004 712 Pa-

536 758 664 879 dilla,
701 757 780 896 qui
815 794 920 860 cum
954 765 1086 854 Petro
1129 765 1305 854 Bazano
1341 745 1440 848 viro
1476 737 1582 849 forti
1616 746 1895 850 Valduernae
1921 757 2004 856 Vi-

537 901 797 1004 ce-Comite
832 931 1140 1017 concurrerat,
1167 929 1210 996 et
1246 894 1393 1036 ipsum
1429 931 1481 991 ex
1519 929 1638 1034 equo
1676 892 2003 1023 deturbaverat,

540 1084 697 1150 ausum
740 1040 978 1145 levioribus
1021 1040 1149 1142 armis
1193 1078 1281 1138 sese
1329 1031 1521 1170 objicere
1563 1034 1882 1180 cataphracto,
1929 1082 2003 1144 ca-

541 1227 641 1335 ptus
679 1225 742 1290 est
777 1190 834 1291 ab
861 1181 1049 1290 Alfonso
1072 1195 1253 1287 Cueva.
1291 1194 1503 1299 Ceteros,
1535 1215 1635 1282 tum
1671 1182 1873 1323 equites,
1909 1219 2002 1292 turn

543 1335 711 1479 pedites
749 1331 977 1475 dissipatos
1013 1363 1144 1471 atque
1180 1327 1405 1469 palantes,
1427 1325 1570 1427 Farius
1597 1336 1762 1427 Comes
1784 1367 1891 1428 cum
1917 1369 2002 1471 par-

543 1517 588 1579 te
625 1478 842 1620 equitatus
877 1512 1068 1618 quatuor
1103 1472 1240 1576 millia
1275 1506 1479 1613 passuum
1513 1470 1626 1572 ultra
1661 1471 1865 1575 Villalare
1901 1514 2002 1579 con·

543 1659 724 1724 sectatus
761 1655 856 1741 est,
890 1618 1032 1762 magis
1068 1654 1119 1720 ut
1153 1653 1363 1718 terrorem
1397 1612 1629 1746 injiceret,
1666 1655 1802 1757 quam
1838 1637 1891 1721 u't
1928 1658 2000 1720 ne·

543 1807 640 1867 cem
677 1759 880 1867 inferret.
925 1774 1090 1904 Neque
1137 1762 1255 1863 enim
1296 1793 1373 1860 aut
1413 1755 1549 1879 huic,
1586 1793 1661 1860 aut
1695 1761 1846 1903 Regni
1877 1800 2001 1903 prae·

544 1906 710 2009 ridibus
754 1908 974 2048 perdere,
1017 1904 1085 2008 vel
1126 1904 1388 2005 imminuere
1440 1900 1671 2045 populares
1715 1905 1843 2005 cordi
1881 1943 2001 2027 erat,

545 2053 619 2152 sed
655 2087 838 2152 conatus
874 2088 1026 2154 eorum
1062 2047 1311 2190 impedire,
1346 2048 1363 2148 i
1396 2086 1552 2188 sosque
1591 2047 1648 2148 ad
1689 2042 1891 2150 officium
1932 2090 2001 2151 re·

544 2232 725 2298 vocare.
762 2209 912 2334 Itaque
947 2191 1035 2295 hoc
1071 2193 1237 2334 praelio
1274 2228 1320 2293 et
1354 2087 1460 2333 diga
1486 2231 1539 2292 ex
1568 2189 1856 2334 populatibus
1892 2232 2003 2336 qua-

545 2339 766 2481 dringenti
801 2339 974 2439 circiter
1010 2334 1159 2455 caesi,
1204 2378 1256 2436 ex
1304 2334 1438 2433 altera
1478 2371 1602 2473 parte
1645 2335 1810 2478 viginti
1845 2341 2002 2440 admo-
2139 2451 2140 2476 ἶ

544 2481 653 2580 dum
690 2482 854 2621 equites
890 2479 1013 2580 tenui
1046 2473 1224 2580 fortuna
1260 2477 1518 2580 desiderati.
1555 2478 1772 2581 Postridie
1807 2484 2004 2616 Joannes
2139 2477 2140 2486 Ν

545 2623 737 2742 Padilla,
772 2622 1017 2723 Franciseus
1059 2621 1382 2742 Maldonadus,
1426 2657 1559 2764 atque
1605 2625 1801 2758 Joannes
1841 2636 2001 2726 Bravus
2140 2687 2141 2718 ;

545 2765 810 2908 proditionis
845 2766 1040 2869 damnati
1075 2802 1119 2867 et
1143 2768 1200 2868 ad
1224 2766 1345 2867 idem
1371 2767 1595 2868 castellum
1630 2765 1774 2908 capite
1809 2766 2003 2868 mulctati
2141 2887 2142 2890 Ν

546 2942 670 3012 sunt.
707 2907 939 3030 Quicum
974 2912 1030 3012 ad
1065 2950 1219 3012 necem
1254 2910 1542 3032 ducerentur,
1571 2913 1781 3054 praeconi
1816 2910 2003 3014 claman⁴

547 3051 583 3150 ti
628 3093 702 3152 eos
746 3047 875 3156 fitisse
924 3091 1065 3157 morte
1105 3055 1421 3158 condemnatos
1462 3053 1525 3159 ob
1565 3089 1787 3196 patratum
1841 3054 2002 3160 crimen

546 3193 683 3296 laesae
703 3198 981 3332 majestatis:
1018 3207 1235 3320 Merttiris,
1280 3199 1427 3342 inquit
1471 3204 1668 3335 Joannes
1708 3213 1888 3303 Bravus.
1927 3201 2003 3300 Ad

548 3376 682 3479 quem
720 3381 952 3445 conversus
979 3342 1168 3444 Padilla:
1197 3349 1387 3487 Quaado,
1425 3342 1605 3485 inquit,
1641 3347 1819 3464 ficare,
1865 3374 1910 3444 ut
1937 3351 2003 3444 ‘uit

532 3481 665 3612 furtu
700 3489 910 3623 nobilisque
938 3496 1166 3624 pugnasti,
1187 3489 1267 3620 fac
1303 3519 1347 3589 ut
1377 3495 1443 3624 pie
1479 3519 1518 3589 et
1552 3491 1768 3588 Christiane
1801 3493 2000 3590 moriaris.

544 3633 695 3728 Petrus
730 3668 837 3732 vero
874 3631 1169 3735 Maidonadus
1205 3665 1249 3735 et
1290 3631 1412 3735 idem
1457 3628 1723 3734 Pimcntelus
1762 3629 2003 3774 cognomi.

544 3805 702 3892 nanus,
734 3787 1042 3877 Beneventano
1069 3777 1241 3882 Comiti
1276 3816 1359 3919 pro
1401 3812 1594 3922 cognato
1631 3775 1885 3917 deprecanti
1923 3776 2003 3876 da⁴

544 3945 612 4012 tus
647 3916 792 4019 estin
827 3922 1100 4032 custodiams
1144 3960 1195 4023 ca
1242 3922 1373 4066 lege,
1415 3958 1466 4024 ut
1509 3915 1835 4064 magistratibus
1879 3957 2002 4062 repe·

543 4057 737 4159 tentibus
772 4061 918 4202 ipsum
955 4066 1047 4167 sine
1082 4105 1208 4170 mora
1245 4067 1509 4170 restitueret.

612 4211 798 4305 XXVII.
872 4215 975 4310 Post
1010 4211 1226 4352 praelium
1263 4214 1321 4316 ad
1355 4212 1589 4332 Villalare,
1625 4243 1910 4350 sumtumque
1945 4201 1999 4304 de

542 4344 823 4485 popularium
852 4350 1034 4458 ducibus
1071 4355 1364 4498 supplicium,
1391 4358 1606 4500 praesides
1633 4371 1864 4493 Symancas
1897 4385 2001 4448 eon·

540 4523 787 4611 cesserunt,
823 4534 966 4638 eoque
989 4500 1306 4603 Valdolitenses
1342 4503 1400 4601 ad
1436 4541 1510 4602 eos
1545 4501 1715 4641 legatos
1752 4535 1907 4640 pacem
1942 4521 2002 4589 at-

538 4665 626 4768 que
662 4634 836 4738 veniam
873 4679 1046 4744 oratum
1083 4641 1299 4767 mittunt,
1336 4681 1472 4785 quam
1507 4637 1636 4746 facile
1670 4642 1873 4744 universo
1912 4672 2003 4776 po-

533 4773 668 4914 pul0‚
695 4782 881 4925 exceptis
918 4785 998 4926 qui
1033 4783 1251 4930 principes
1287 4788 1509 4896 seditionis
1547 4787 1659 4892 inter
1695 4825 1770 4888 eos
1805 4781 2004 4942 fuerant,

1746 4959 1749 4964 ·
1905 4959 1999 5024 tm-
