<?xml version="1.0" encoding="UTF-8"?>
<!DOCTYPE html PUBLIC "-//W3C//DTD XHTML 1.0 Transitional//EN"
    "http://www.w3.org/TR/xhtml1/DTD/xhtml1-transitional.dtd">
<html xmlns="http://www.w3.org/1999/xhtml" xml:lang="en" lang="en">
 <head>
  <title>
</title>
<meta http-equiv="Content-Type" content="text/html;charset=utf-8" />
  <meta name='ocr-system' content='tesseract 3.04.00' />
  <meta name='ocr-capabilities' content='ocr_page ocr_carea ocr_par ocr_line ocrx_word'/>
</head>
<body>
  <div class='ocr_page' id='page_1' title='image "./joannisgenesiis02sepgoog_0603.png"; bbox 0 0 4294 5972; ppageno 0'>
   <div class='ocr_carea' id='block_1_1' title="bbox 600 457 1598 574">
    <p class='ocr_par' dir='ltr' id='par_1_1' title="bbox 600 457 1598 574">
     <span class='ocr_line' id='line_1_1' title="bbox 600 457 1598 574; baseline 0.037 -36"><span class='ocrx_word' id='word_1_1' title='bbox 600 457 840 540; x_wconf 72' lang='lat' dir='ltr'>cnnou</span> <span class='ocrx_word' id='word_1_2' title='bbox 882 458 1094 544; x_wconf 70' lang='lat' dir='ltr'>utris.</span> <span class='ocrx_word' id='word_1_3' title='bbox 1145 467 1197 544; x_wconf 87' lang='lat' dir='ltr'>x.</span> <span class='ocrx_word' id='word_1_4' title='bbox 1511 473 1598 574; x_wconf 80' lang='lat'>359</span> 
     </span>
    </p>
   </div>
   <div class='ocr_carea' id='block_1_2' title="bbox 71 617 1688 5045">
    <p class='ocr_par' dir='ltr' id='par_1_2' title="bbox 71 617 1688 4515">
     <span class='ocr_line' id='line_1_2' title="bbox 185 617 1643 761; baseline -0.003 -25"><span class='ocrx_word' id='word_1_5' title='bbox 185 635 275 738; x_wconf 84' lang='lat' dir='ltr'>non</span> <span class='ocrx_word' id='word_1_6' title='bbox 318 627 468 730; x_wconf 86' lang='lat' dir='ltr'>tamen</span> <span class='ocrx_word' id='word_1_7' title='bbox 488 667 493 674; x_wconf 91' lang='lat'>·</span> <span class='ocrx_word' id='word_1_8' title='bbox 515 655 663 739; x_wconf 89' lang='lat' dir='ltr'>recta,</span> <span class='ocrx_word' id='word_1_9' title='bbox 709 658 765 719; x_wconf 90' lang='lat' dir='ltr'>ne</span> <span class='ocrx_word' id='word_1_10' title='bbox 811 617 963 720; x_wconf 91' lang='lat' dir='ltr'>militis</span> <span class='ocrx_word' id='word_1_11' title='bbox 1013 619 1309 761; x_wconf 65' lang='lat' dir='ltr'>suspicionem</span> <span class='ocrx_word' id='word_1_12' title='bbox 1359 617 1402 728; x_wconf 87' lang='lat' dir='ltr'>et</span> <span class='ocrx_word' id='word_1_13' title='bbox 1444 665 1643 754; x_wconf 90' lang='lat' dir='ltr'>metum,</span> 
     </span>
     <span class='ocr_line' id='line_1_3' title="bbox 185 761 1645 914; baseline -0.002 -35"><span class='ocrx_word' id='word_1_14' title='bbox 185 813 405 914; x_wconf 88' lang='lat' dir='ltr'>suumque</span> <span class='ocrx_word' id='word_1_15' title='bbox 443 766 688 912; x_wconf 86' lang='lat' dir='ltr'>periculum</span> <span class='ocrx_word' id='word_1_16' title='bbox 724 799 902 908; x_wconf 85' lang='lat' dir='ltr'>augeret</span> <span class='ocrx_word' id='word_1_17' title='bbox 916 842 931 885; x_wconf 93' lang='lat'><em>,</em></span> <span class='ocrx_word' id='word_1_18' title='bbox 967 764 1039 902; x_wconf 85' lang='lat' dir='ltr'>secl</span> <span class='ocrx_word' id='word_1_19' title='bbox 1074 761 1302 908; x_wconf 88' lang='lat' dir='ltr'>paululum</span> <span class='ocrx_word' id='word_1_20' title='bbox 1338 770 1385 869; x_wconf 92' lang='lat' dir='ltr'>in</span> <span class='ocrx_word' id='word_1_21' title='bbox 1421 771 1530 874; x_wconf 88' lang='lat' dir='ltr'>latus</span> <span class='ocrx_word' id='word_1_22' title='bbox 1567 776 1645 878; x_wconf 85' lang='lat' dir='ltr'>de·</span> 
     </span>
     <span class='ocr_line' id='line_1_4' title="bbox 185 907 1648 1058; baseline -0.004 -34"><span class='ocrx_word' id='word_1_23' title='bbox 185 925 387 1026; x_wconf 82' lang='lat' dir='ltr'>flectens3</span> <span class='ocrx_word' id='word_1_24' title='bbox 427 917 483 1015; x_wconf 88' lang='lat' dir='ltr'>ad</span> <span class='ocrx_word' id='word_1_25' title='bbox 520 951 659 1056; x_wconf 90' lang='lat' dir='ltr'>quem</span> <span class='ocrx_word' id='word_1_26' title='bbox 690 907 771 1010; x_wconf 91' lang='lat' dir='ltr'>ubi</span> <span class='ocrx_word' id='word_1_27' title='bbox 807 907 1040 1052; x_wconf 87' lang='lat' dir='ltr'>pervenit,</span> <span class='ocrx_word' id='word_1_28' title='bbox 1077 910 1247 1031; x_wconf 77' lang='lat' dir='ltr'>sublata</span> <span class='ocrx_word' id='word_1_29' title='bbox 1282 913 1357 1014; x_wconf 87' lang='lat' dir='ltr'>teli</span> <span class='ocrx_word' id='word_1_30' title='bbox 1385 919 1563 1058; x_wconf 80' lang='lat' dir='ltr'><strong>cuspide</strong></span> <span class='ocrx_word' id='word_1_31' title='bbox 1592 920 1648 1021; x_wconf 94' lang='lat' dir='ltr'>il-</span> 
     </span>
     <span class='ocr_line' id='line_1_5' title="bbox 185 1051 1648 1198; baseline -0.001 -32"><span class='ocrx_word' id='word_1_32' title='bbox 185 1069 278 1168; x_wconf 92' lang='lat' dir='ltr'>lum</span> <span class='ocrx_word' id='word_1_33' title='bbox 316 1062 507 1180; x_wconf 89' lang='lat' dir='ltr'>timore,</span> <span class='ocrx_word' id='word_1_34' title='bbox 547 1097 680 1198; x_wconf 85' lang='lat' dir='ltr'>seque</span> <span class='ocrx_word' id='word_1_35' title='bbox 718 1053 915 1197; x_wconf 90' lang='lat' dir='ltr'>periculo</span> <span class='ocrx_word' id='word_1_36' title='bbox 943 1051 1181 1156; x_wconf 85' lang='lat' dir='ltr'>liberavit.</span> <span class='ocrx_word' id='word_1_37' title='bbox 1218 1064 1341 1157; x_wconf 89' lang='lat' dir='ltr'>Tum</span> <span class='ocrx_word' id='word_1_38' title='bbox 1379 1059 1499 1160; x_wconf 88' lang='lat' dir='ltr'>enim</span> <span class='ocrx_word' id='word_1_39' title='bbox 1533 1073 1648 1165; x_wconf 53' lang='lat' dir='ltr'>Geta</span> 
     </span>
     <span class='ocr_line' id='line_1_6' title="bbox 188 1197 1651 1345; baseline -0.003 -33"><span class='ocrx_word' id='word_1_40' title='bbox 188 1249 373 1327; x_wconf 86' lang='lat' dir='ltr'>manus,</span> <span class='ocrx_word' id='word_1_41' title='bbox 411 1205 641 1345; x_wconf 90' lang='lat' dir='ltr'>scloppeto</span> <span class='ocrx_word' id='word_1_42' title='bbox 678 1199 915 1340; x_wconf 85' lang='lat' dir='ltr'>deposito,</span> <span class='ocrx_word' id='word_1_43' title='bbox 948 1199 1080 1300; x_wconf 75' lang='lat' dir='ltr'>laeuis</span> <span class='ocrx_word' id='word_1_44' title='bbox 1116 1201 1330 1303; x_wconf 91' lang='lat' dir='ltr'>Carolum</span> <span class='ocrx_word' id='word_1_45' title='bbox 1366 1204 1427 1304; x_wconf 89' lang='lat' dir='ltr'>sic</span> <span class='ocrx_word' id='word_1_46' title='bbox 1451 1241 1515 1306; x_wconf 91' lang='lat' dir='ltr'>est</span> <span class='ocrx_word' id='word_1_47' title='bbox 1546 1197 1651 1308; x_wconf 60' lang='lat' dir='ltr'>affass</span> 
     </span>
     <span class='ocr_line' id='line_1_7' title="bbox 190 1343 1651 1481; baseline -0.002 -25"><span class='ocrx_word' id='word_1_48' title='bbox 190 1391 289 1456; x_wconf 86' lang='lat' dir='ltr'>tus:</span> <span class='ocrx_word' id='word_1_49' title='bbox 339 1361 609 1451; x_wconf 81' lang='lat' dir='ltr'>Germanorum</span> <span class='ocrx_word' id='word_1_50' title='bbox 647 1380 685 1446; x_wconf 82' lang='lat' dir='ltr'>et</span> <span class='ocrx_word' id='word_1_51' title='bbox 721 1350 992 1481; x_wconf 81' lang='lat' dir='ltr'><em>Hispanorum</em></span> <span class='ocrx_word' id='word_1_52' title='bbox 1026 1350 1152 1446; x_wconf 83' lang='lat' dir='ltr'>cadem</span> <span class='ocrx_word' id='word_1_53' title='bbox 1183 1343 1288 1447; x_wconf 74' lang='lat' dir='ltr'>mins</span> <span class='ocrx_word' id='word_1_54' title='bbox 1328 1379 1429 1470; x_wconf 82' lang='lat' dir='ltr'>est,</span> <span class='ocrx_word' id='word_1_55' title='bbox 1468 1383 1507 1450; x_wconf 89' lang='lat' dir='ltr'>et</span> <span class='ocrx_word' id='word_1_56' title='bbox 1553 1358 1651 1453; x_wconf 83' lang='lat' dir='ltr'>idem</span> 
     </span>
     <span class='ocr_line' id='line_1_8' title="bbox 189 1488 1650 1637; baseline -0.001 -37"><span class='ocrx_word' id='word_1_57' title='bbox 189 1508 365 1603; x_wconf 61' lang='lat' dir='ltr'>animun</span> <span class='ocrx_word' id='word_1_58' title='bbox 403 1491 625 1634; x_wconf 89' lang='lat' dir='ltr'>simulque</span> <span class='ocrx_word' id='word_1_59' title='bbox 672 1488 820 1591; x_wconf 87' lang='lat' dir='ltr'>abeo</span> <span class='ocrx_word' id='word_1_60' title='bbox 867 1488 1066 1589; x_wconf 83' lang='lat' dir='ltr'>dextram</span> <span class='ocrx_word' id='word_1_61' title='bbox 1110 1491 1261 1592; x_wconf 85' lang='lat' dir='ltr'>dextra</span> <span class='ocrx_word' id='word_1_62' title='bbox 1301 1493 1650 1637; x_wconf 88' lang='lat' dir='ltr'>contingendam</span> 
     </span>
     <span class='ocr_line' id='line_1_9' title="bbox 185 1629 1651 1774; baseline 0.001 -31"><span class='ocrx_word' id='word_1_63' title='bbox 185 1681 313 1743; x_wconf 91' lang='lat' dir='ltr'>more</span> <span class='ocrx_word' id='word_1_64' title='bbox 349 1639 594 1739; x_wconf 89' lang='lat' dir='ltr'>amicorum</span> <span class='ocrx_word' id='word_1_65' title='bbox 641 1672 684 1735; x_wconf 89' lang='lat' dir='ltr'>et</span> <span class='ocrx_word' id='word_1_66' title='bbox 726 1629 1010 1734; x_wconf 82' lang='lat' dir='ltr'>familiarium</span> <span class='ocrx_word' id='word_1_67' title='bbox 1046 1633 1234 1774; x_wconf 90' lang='lat' dir='ltr'>petivit.</span> <span class='ocrx_word' id='word_1_68' title='bbox 1283 1637 1464 1740; x_wconf 85' lang='lat' dir='ltr'><strong>Carolus</strong></span> <span class='ocrx_word' id='word_1_69' title='bbox 1514 1642 1651 1744; x_wconf 89' lang='lat' dir='ltr'>errori</span> 
     </span>
     <span class='ocr_line' id='line_1_10' title="bbox 188 1776 1653 1918; baseline 0 -31"><span class='ocrx_word' id='word_1_70' title='bbox 188 1783 384 1887; x_wconf 89' lang='lat' dir='ltr'>hominis</span> <span class='ocrx_word' id='word_1_71' title='bbox 419 1782 606 1884; x_wconf 89' lang='lat' dir='ltr'>minime</span> <span class='ocrx_word' id='word_1_72' title='bbox 642 1777 852 1879; x_wconf 86' lang='lat' dir='ltr'>malitiosi</span> <span class='ocrx_word' id='word_1_73' title='bbox 887 1776 1205 1918; x_wconf 88' lang='lat' dir='ltr'>ignoscendum</span> <span class='ocrx_word' id='word_1_74' title='bbox 1231 1815 1348 1882; x_wconf 87' lang='lat' dir='ltr'>ratus</span> <span class='ocrx_word' id='word_1_75' title='bbox 1375 1784 1475 1882; x_wconf 86' lang='lat' dir='ltr'>data</span> <span class='ocrx_word' id='word_1_76' title='bbox 1500 1785 1653 1888; x_wconf 86' lang='lat' dir='ltr'>dextra</span> 
     </span>
     <span class='ocr_line' id='line_1_11' title="bbox 190 1921 1652 2071; baseline -0.003 -41.051"><span class='ocrx_word' id='word_1_77' title='bbox 190 1928 444 2071; x_wconf 83' lang='lat' dir='ltr'>respondit:¹</span> <span class='ocrx_word' id='word_1_78' title='bbox 487 1935 596 2043; x_wconf 88' lang='lat' dir='ltr'>Est,</span> <span class='ocrx_word' id='word_1_79' title='bbox 636 1960 685 2023; x_wconf 92' lang='lat' dir='ltr'>ut</span> <span class='ocrx_word' id='word_1_80' title='bbox 722 1921 814 2040; x_wconf 87' lang='lat' dir='ltr'>ais,</span> <span class='ocrx_word' id='word_1_81' title='bbox 848 1926 914 2018; x_wconf 82' lang='lat' dir='ltr'>sed</span> <span class='ocrx_word' id='word_1_82' title='bbox 943 1932 1103 2021; x_wconf 85' lang='lat' dir='ltr'>nisime</span> <span class='ocrx_word' id='word_1_83' title='bbox 1137 1965 1206 2030; x_wconf 86' lang='lat' dir='ltr'>uos</span> <span class='ocrx_word' id='word_1_84' title='bbox 1243 1929 1398 2058; x_wconf 73' lang='lat' dir='ltr'>posthac</span> <span class='ocrx_word' id='word_1_85' title='bbox 1439 1934 1652 2050; x_wconf 81' lang='lat' dir='ltr'>noveritis,</span> 
     </span>
     <span class='ocr_line' id='line_1_12' title="bbox 177 2067 1655 2206; baseline -0.001 -32"><span class='ocrx_word' id='word_1_86' title='bbox 177 2073 321 2206; x_wconf 84' lang='lat' dir='ltr'>saxo,</span> <span class='ocrx_word' id='word_1_87' title='bbox 356 2101 399 2170; x_wconf 86' lang='lat' dir='ltr'>ut</span> <span class='ocrx_word' id='word_1_88' title='bbox 432 2099 564 2170; x_wconf 82' lang='lat' dir='ltr'>uestra</span> <span class='ocrx_word' id='word_1_89' title='bbox 600 2101 719 2206; x_wconf 78' lang='lat' dir='ltr'>poena</span> <span class='ocrx_word' id='word_1_90' title='bbox 755 2067 878 2163; x_wconf 81' lang='lat' dir='ltr'>edocti</span> <span class='ocrx_word' id='word_1_91' title='bbox 912 2075 1169 2200; x_wconf 82' lang='lat' dir='ltr'>cognoscatis.</span> <span class='ocrx_word' id='word_1_92' title='bbox 1208 2067 1276 2166; x_wconf 88' lang='lat' dir='ltr'>Sic</span> <span class='ocrx_word' id='word_1_93' title='bbox 1313 2107 1367 2166; x_wconf 88' lang='lat' dir='ltr'>eo</span> <span class='ocrx_word' id='word_1_94' title='bbox 1404 2069 1477 2168; x_wconf 86' lang='lat' dir='ltr'>die</span> <span class='ocrx_word' id='word_1_95' title='bbox 1520 2081 1655 2172; x_wconf 75' lang='lat' dir='ltr'>Caro⁴</span> 
     </span>
     <span class='ocr_line' id='line_1_13' title="bbox 190 2205 1656 2357; baseline -0.001 -40"><span class='ocrx_word' id='word_1_96' title='bbox 190 2217 255 2317; x_wconf 90' lang='lat' dir='ltr'>lus</span> <span class='ocrx_word' id='word_1_97' title='bbox 292 2252 509 2357; x_wconf 89' lang='lat' dir='ltr'>corpore,</span> <span class='ocrx_word' id='word_1_98' title='bbox 556 2205 683 2352; x_wconf 86' lang='lat' dir='ltr'>quod</span> <span class='ocrx_word' id='word_1_99' title='bbox 719 2216 876 2342; x_wconf 87' lang='lat' dir='ltr'>ajunt,</span> <span class='ocrx_word' id='word_1_100' title='bbox 916 2245 1132 2348; x_wconf 87' lang='lat' dir='ltr'>magnum</span> <span class='ocrx_word' id='word_1_101' title='bbox 1180 2209 1425 2350; x_wconf 89' lang='lat' dir='ltr'>periculum</span> <span class='ocrx_word' id='word_1_102' title='bbox 1459 2216 1656 2353; x_wconf 87' lang='lat' dir='ltr'>pruden-</span> 
     </span>
     <span class='ocr_line' id='line_1_14' title="bbox 190 2349 1657 2494; baseline 0.001 -34"><span class='ocrx_word' id='word_1_103' title='bbox 190 2359 355 2461; x_wconf 87' lang='lat' dir='ltr'>tissime</span> <span class='ocrx_word' id='word_1_104' title='bbox 391 2356 569 2458; x_wconf 86' lang='lat' dir='ltr'>vitavit:</span> <span class='ocrx_word' id='word_1_105' title='bbox 605 2390 699 2456; x_wconf 85' lang='lat' dir='ltr'>tam</span> <span class='ocrx_word' id='word_1_106' title='bbox 734 2351 856 2452; x_wconf 91' lang='lat' dir='ltr'>tenui</span> <span class='ocrx_word' id='word_1_107' title='bbox 891 2349 967 2494; x_wconf 84' lang='lat' dir='ltr'>filo</span> <span class='ocrx_word' id='word_1_108' title='bbox 1005 2353 1169 2491; x_wconf 87' lang='lat' dir='ltr'>pendet</span> <span class='ocrx_word' id='word_1_109' title='bbox 1205 2391 1484 2456; x_wconf 90' lang='lat' dir='ltr'>summorum</span> <span class='ocrx_word' id='word_1_110' title='bbox 1521 2357 1657 2493; x_wconf 84' lang='lat' dir='ltr'>etiam</span> 
     </span>
     <span class='ocr_line' id='line_1_15' title="bbox 191 2495 1656 2645; baseline -0.003 -39"><span class='ocrx_word' id='word_1_111' title='bbox 191 2504 448 2645; x_wconf 83' lang='lat' dir='ltr'>Principum</span> <span class='ocrx_word' id='word_1_112' title='bbox 484 2499 629 2619; x_wconf 70' lang='lat' dir='ltr'>salus3</span> <span class='ocrx_word' id='word_1_113' title='bbox 664 2534 707 2599; x_wconf 90' lang='lat' dir='ltr'>et</span> <span class='ocrx_word' id='word_1_114' title='bbox 743 2495 937 2596; x_wconf 86' lang='lat' dir='ltr'>maxima</span> <span class='ocrx_word' id='word_1_115' title='bbox 972 2533 1119 2598; x_wconf 85' lang='lat' dir='ltr'>rerum</span> <span class='ocrx_word' id='word_1_116' title='bbox 1162 2525 1418 2600; x_wconf 82' lang='lat' dir='ltr'>momenta!</span> <span class='ocrx_word' id='word_1_117' title='bbox 1464 2509 1500 2599; x_wconf 89' lang='lat' dir='ltr'>ls</span> <span class='ocrx_word' id='word_1_118' title='bbox 1537 2541 1656 2602; x_wconf 86' lang='lat' dir='ltr'>casus</span> 
     </span>
     <span class='ocr_line' id='line_1_16' title="bbox 193 2639 1657 2784; baseline -0.003 -36"><span class='ocrx_word' id='word_1_119' title='bbox 193 2687 274 2750; x_wconf 91' lang='lat' dir='ltr'>nos</span> <span class='ocrx_word' id='word_1_120' title='bbox 310 2647 550 2747; x_wconf 88' lang='lat' dir='ltr'>admonere</span> <span class='ocrx_word' id='word_1_121' title='bbox 586 2676 756 2784; x_wconf 84' lang='lat' dir='ltr'>potest,</span> <span class='ocrx_word' id='word_1_122' title='bbox 800 2679 891 2740; x_wconf 91' lang='lat' dir='ltr'>non</span> <span class='ocrx_word' id='word_1_123' title='bbox 927 2639 1076 2740; x_wconf 89' lang='lat' dir='ltr'>inutili</span> <span class='ocrx_word' id='word_1_124' title='bbox 1101 2641 1290 2742; x_wconf 89' lang='lat' dir='ltr'>consilio</span> <span class='ocrx_word' id='word_1_125' title='bbox 1315 2645 1533 2783; x_wconf 87' lang='lat' dir='ltr'>quosdam</span> <span class='ocrx_word' id='word_1_126' title='bbox 1563 2685 1657 2746; x_wconf 88' lang='lat' dir='ltr'>ma-</span> 
     </span>
     <span class='ocr_line' id='line_1_17' title="bbox 194 2775 1659 2934; baseline -0.001 -44"><span class='ocrx_word' id='word_1_127' title='bbox 194 2831 308 2934; x_wconf 86' lang='lat' dir='ltr'>gnos</span> <span class='ocrx_word' id='word_1_128' title='bbox 342 2802 653 2929; x_wconf 82' lang='lat' dir='ltr'>Imperatores,</span> <span class='ocrx_word' id='word_1_129' title='bbox 692 2822 887 2927; x_wconf 90' lang='lat' dir='ltr'>quotum</span> <span class='ocrx_word' id='word_1_130' title='bbox 923 2775 1007 2884; x_wconf 89' lang='lat' dir='ltr'>fuit</span> <span class='ocrx_word' id='word_1_131' title='bbox 1039 2797 1197 2886; x_wconf 85' lang='lat' dir='ltr'>Caesar</span> <span class='ocrx_word' id='word_1_132' title='bbox 1228 2786 1461 2906; x_wconf 87' lang='lat' dir='ltr'>Dictator,</span> <span class='ocrx_word' id='word_1_133' title='bbox 1495 2787 1659 2932; x_wconf 87' lang='lat' dir='ltr'>insigni</span> 
     </span>
     <span class='ocr_line' id='line_1_18' title="bbox 195 2928 1660 3074; baseline -0.001 -39"><span class='ocrx_word' id='word_1_134' title='bbox 195 2970 315 3036; x_wconf 89' lang='lat' dir='ltr'>veste</span> <span class='ocrx_word' id='word_1_135' title='bbox 340 2928 478 3034; x_wconf 76' lang='lat' dir='ltr'>luisse</span> <span class='ocrx_word' id='word_1_136' title='bbox 514 2972 613 3032; x_wconf 91' lang='lat' dir='ltr'>usos</span> <span class='ocrx_word' id='word_1_137' title='bbox 650 2931 698 3032; x_wconf 92' lang='lat' dir='ltr'>in</span> <span class='ocrx_word' id='word_1_138' title='bbox 734 2928 940 3070; x_wconf 86' lang='lat' dir='ltr'>praeliis,</span> <span class='ocrx_word' id='word_1_139' title='bbox 977 2969 1071 3069; x_wconf 90' lang='lat' dir='ltr'>quo</span> <span class='ocrx_word' id='word_1_140' title='bbox 1108 2929 1273 3030; x_wconf 90' lang='lat' dir='ltr'>scilicet</span> <span class='ocrx_word' id='word_1_141' title='bbox 1302 2928 1529 3033; x_wconf 85' lang='lat' dir='ltr'>anemine</span> <span class='ocrx_word' id='word_1_142' title='bbox 1557 2971 1660 3074; x_wconf 85' lang='lat' dir='ltr'>pos-</span> 
     </span>
     <span class='ocr_line' id='line_1_19' title="bbox 199 3072 1688 3219; baseline -0.002 -39"><span class='ocrx_word' id='word_1_143' title='bbox 199 3114 294 3180; x_wconf 87' lang='lat' dir='ltr'>sent</span> <span class='ocrx_word' id='word_1_144' title='bbox 308 3155 324 3200; x_wconf 89' lang='lat'>,</span> <span class='ocrx_word' id='word_1_145' title='bbox 359 3115 649 3219; x_wconf 85' lang='lat' dir='ltr'>quocumque</span> <span class='ocrx_word' id='word_1_146' title='bbox 676 3072 1002 3215; x_wconf 88' lang='lat' dir='ltr'>processissent,</span> <span class='ocrx_word' id='word_1_147' title='bbox 1023 3074 1246 3215; x_wconf 73' lang='lat' dir='ltr'>ignoraris</span> <span class='ocrx_word' id='word_1_148' title='bbox 1267 3077 1390 3216; x_wconf 88' lang='lat' dir='ltr'>quod</span> <span class='ocrx_word' id='word_1_149' title='bbox 1427 3076 1584 3177; x_wconf 90' lang='lat' dir='ltr'>multas</span> <span class='ocrx_word' id='word_1_150' title='bbox 1616 3073 1688 3177; x_wconf 35' lang='lat' dir='ltr'>et*</span> 
     </span>
     <span class='ocr_line' id='line_1_20' title="bbox 196 3218 1660 3365; baseline -0.001 -43"><span class='ocrx_word' id='word_1_151' title='bbox 196 3243 378 3365; x_wconf 87' lang='lat' dir='ltr'>magnas</span> <span class='ocrx_word' id='word_1_152' title='bbox 416 3218 548 3322; x_wconf 90' lang='lat' dir='ltr'>habet</span> <span class='ocrx_word' id='word_1_153' title='bbox 587 3218 956 3326; x_wconf 81' lang='lat' dir='ltr'>commoditatess</span> <span class='ocrx_word' id='word_1_154' title='bbox 992 3218 1350 3361; x_wconf 89' lang='lat' dir='ltr'>primumquod</span> <span class='ocrx_word' id='word_1_155' title='bbox 1387 3219 1552 3361; x_wconf 87' lang='lat' dir='ltr'>insigni</span> <span class='ocrx_word' id='word_1_156' title='bbox 1581 3220 1660 3320; x_wconf 80' lang='lat' dir='ltr'>ali-</span> 
     </span>
     <span class='ocr_line' id='line_1_21' title="bbox 71 3361 1661 3506; baseline -0.001 -42"><span class='ocrx_word' id='word_1_157' title='bbox 71 3448 89 3464; x_wconf 86' lang='lat'><em>.</em></span> <span class='ocrx_word' id='word_1_158' title='bbox 198 3405 293 3506; x_wconf 90' lang='lat' dir='ltr'>quo</span> <span class='ocrx_word' id='word_1_159' title='bbox 328 3361 495 3466; x_wconf 87' lang='lat' dir='ltr'>cunctis</span> <span class='ocrx_word' id='word_1_160' title='bbox 531 3396 661 3462; x_wconf 91' lang='lat' dir='ltr'>notus</span> <span class='ocrx_word' id='word_1_161' title='bbox 697 3373 943 3503; x_wconf 88' lang='lat' dir='ltr'>Imperator</span> <span class='ocrx_word' id='word_1_162' title='bbox 980 3362 1138 3464; x_wconf 90' lang='lat' dir='ltr'>nullius</span> <span class='ocrx_word' id='word_1_163' title='bbox 1175 3363 1360 3498; x_wconf 86' lang='lat' dir='ltr'>injuriae</span> <span class='ocrx_word' id='word_1_164' title='bbox 1396 3362 1446 3464; x_wconf 86' lang='lat' dir='ltr'>fit</span> <span class='ocrx_word' id='word_1_165' title='bbox 1482 3402 1558 3504; x_wconf 88' lang='lat' dir='ltr'>per</span> <span class='ocrx_word' id='word_1_166' title='bbox 1590 3401 1661 3462; x_wconf 88' lang='lat' dir='ltr'>et-</span> 
     </span>
     <span class='ocr_line' id='line_1_22' title="bbox 198 3503 1662 3649; baseline -0.003 -40"><span class='ocrx_word' id='word_1_167' title='bbox 198 3547 349 3611; x_wconf 88' lang='lat' dir='ltr'>rorem</span> <span class='ocrx_word' id='word_1_168' title='bbox 385 3503 694 3649; x_wconf 62' lang='lat' dir='ltr'>opportunum</span> <span class='ocrx_word' id='word_1_169' title='bbox 739 3506 900 3606; x_wconf 87' lang='lat' dir='ltr'>deinde</span> <span class='ocrx_word' id='word_1_170' title='bbox 937 3507 1062 3647; x_wconf 91' lang='lat' dir='ltr'>quod</span> <span class='ocrx_word' id='word_1_171' title='bbox 1110 3507 1200 3610; x_wconf 87' lang='lat' dir='ltr'>sive</span> <span class='ocrx_word' id='word_1_172' title='bbox 1236 3503 1538 3610; x_wconf 85' lang='lat' dir='ltr'>laborantibus</span> <span class='ocrx_word' id='word_1_173' title='bbox 1578 3506 1662 3605; x_wconf 84' lang='lat' dir='ltr'>suis</span> 
     </span>
     <span class='ocr_line' id='line_1_23' title="bbox 201 3647 1664 3796; baseline -0.004 -41"><span class='ocrx_word' id='word_1_174' title='bbox 201 3690 337 3796; x_wconf 88' lang='lat' dir='ltr'>opem</span> <span class='ocrx_word' id='word_1_175' title='bbox 380 3647 521 3752; x_wconf 86' lang='lat' dir='ltr'>ferens</span> <span class='ocrx_word' id='word_1_176' title='bbox 561 3648 706 3768; x_wconf 89' lang='lat' dir='ltr'>adsit,</span> <span class='ocrx_word' id='word_1_177' title='bbox 741 3688 929 3793; x_wconf 89' lang='lat' dir='ltr'>magnos</span> <span class='ocrx_word' id='word_1_178' title='bbox 975 3649 1148 3792; x_wconf 86' lang='lat' dir='ltr'>spiritus</span> <span class='ocrx_word' id='word_1_179' title='bbox 1191 3652 1476 3792; x_wconf 89' lang='lat' dir='ltr'>studiumque</span> <span class='ocrx_word' id='word_1_180' title='bbox 1518 3648 1664 3792; x_wconf 82' lang='lat' dir='ltr'>proti·</span> 
     </span>
     <span class='ocr_line' id='line_1_24' title="bbox 201 3789 1665 3939; baseline -0.005 -41"><span class='ocrx_word' id='word_1_181' title='bbox 201 3837 284 3898; x_wconf 91' lang='lat' dir='ltr'>nus</span> <span class='ocrx_word' id='word_1_182' title='bbox 326 3789 585 3939; x_wconf 84' lang='lat' dir='ltr'>conspectus</span> <span class='ocrx_word' id='word_1_183' title='bbox 640 3791 850 3896; x_wconf 89' lang='lat' dir='ltr'>omnibus</span> <span class='ocrx_word' id='word_1_184' title='bbox 902 3831 946 3896; x_wconf 88' lang='lat' dir='ltr'>et</span> <span class='ocrx_word' id='word_1_185' title='bbox 998 3798 1204 3938; x_wconf 87' lang='lat' dir='ltr'>cognitus</span> <span class='ocrx_word' id='word_1_186' title='bbox 1240 3796 1395 3903; x_wconf 76' lang='lat' dir='ltr'>addits</span> <span class='ocrx_word' id='word_1_187' title='bbox 1440 3793 1531 3894; x_wconf 88' lang='lat' dir='ltr'>sive</span> <span class='ocrx_word' id='word_1_188' title='bbox 1574 3794 1665 3934; x_wconf 88' lang='lat' dir='ltr'>ipse</span> 
     </span>
     <span class='ocr_line' id='line_1_25' title="bbox 203 3933 1668 4077; baseline -0.004 -35"><span class='ocrx_word' id='word_1_189' title='bbox 203 3933 319 4042; x_wconf 89' lang='lat' dir='ltr'>forte</span> <span class='ocrx_word' id='word_1_190' title='bbox 354 3937 553 4059; x_wconf 89' lang='lat' dir='ltr'>laboret,</span> <span class='ocrx_word' id='word_1_191' title='bbox 589 3935 761 4040; x_wconf 79' lang='lat' dir='ltr'>facilius</span> <span class='ocrx_word' id='word_1_192' title='bbox 792 3939 944 4058; x_wconf 86' lang='lat' dir='ltr'>studio</span> <span class='ocrx_word' id='word_1_193' title='bbox 965 3971 1025 4039; x_wconf 85' lang='lat' dir='ltr'>-e&#39;t</span> <span class='ocrx_word' id='word_1_194' title='bbox 1060 3976 1275 4038; x_wconf 91' lang='lat' dir='ltr'>concursu</span> <span class='ocrx_word' id='word_1_195' title='bbox 1313 3977 1495 4039; x_wconf 88' lang='lat' dir='ltr'>suorum</span> <span class='ocrx_word' id='word_1_196' title='bbox 1521 3938 1668 4077; x_wconf 89' lang='lat' dir='ltr'>repul-</span> 
     </span>
     <span class='ocr_line' id='line_1_26' title="bbox 205 4077 1665 4224; baseline -0.004 -40"><span class='ocrx_word' id='word_1_197' title='bbox 205 4083 259 4185; x_wconf 87' lang='lat' dir='ltr'>sis</span> <span class='ocrx_word' id='word_1_198' title='bbox 295 4081 493 4184; x_wconf 87' lang='lat' dir='ltr'>hostibus</span> <span class='ocrx_word' id='word_1_199' title='bbox 530 4083 743 4222; x_wconf 79' lang='lat' dir='ltr'>eripitur3</span> <span class='ocrx_word' id='word_1_200' title='bbox 780 4077 1043 4224; x_wconf 82' lang='lat' dir='ltr'>postremo,</span> <span class='ocrx_word' id='word_1_201' title='bbox 1095 4082 1240 4224; x_wconf 90' lang='lat' dir='ltr'>siquid</span> <span class='ocrx_word' id='word_1_202' title='bbox 1277 4082 1423 4184; x_wconf 90' lang='lat' dir='ltr'>durius</span> <span class='ocrx_word' id='word_1_203' title='bbox 1466 4081 1635 4182; x_wconf 81' lang='lat' dir='ltr'>accidat</span> <span class='ocrx_word' id='word_1_204' title='bbox 1648 4155 1665 4200; x_wconf 89' lang='lat'>‚</span> 
     </span>
     <span class='ocr_line' id='line_1_27' title="bbox 203 4225 1666 4371; baseline -0.002 -42"><span class='ocrx_word' id='word_1_205' title='bbox 203 4226 289 4368; x_wconf 88' lang='lat' dir='ltr'>ipsi</span> <span class='ocrx_word' id='word_1_206' title='bbox 326 4266 510 4371; x_wconf 89' lang='lat' dir='ltr'>quoque</span> <span class='ocrx_word' id='word_1_207' title='bbox 554 4225 712 4327; x_wconf 75' lang='lat' dir='ltr'>hostes·</span> <span class='ocrx_word' id='word_1_208' title='bbox 741 4227 929 4328; x_wconf 77' lang='lat' dir='ltr'>victores</span> <span class='ocrx_word' id='word_1_209' title='bbox 974 4225 1234 4368; x_wconf 86' lang='lat' dir='ltr'>compendii</span> <span class='ocrx_word' id='word_1_210' title='bbox 1276 4227 1343 4330; x_wconf 89' lang='lat' dir='ltr'>sui</span> <span class='ocrx_word' id='word_1_211' title='bbox 1384 4265 1508 4330; x_wconf 84' lang='lat' dir='ltr'>causa</span> <span class='ocrx_word' id='word_1_212' title='bbox 1551 4225 1666 4328; x_wconf 83' lang='lat' dir='ltr'>vitae</span> 
     </span>
     <span class='ocr_line' id='line_1_28' title="bbox 206 4367 838 4515; baseline -0.007 -39"><span class='ocrx_word' id='word_1_213' title='bbox 206 4371 322 4476; x_wconf 87' lang='lat' dir='ltr'>illius</span> <span class='ocrx_word' id='word_1_214' title='bbox 358 4372 591 4515; x_wconf 69' lang='lat' dir='ltr'>&#39;diligentur</span> <span class='ocrx_word' id='word_1_215' title='bbox 626 4367 838 4514; x_wconf 82' lang='lat' dir='ltr'>parcunt.</span> 
     </span>
    </p>

    <p class='ocr_par' dir='ltr' id='par_1_3' title="bbox 207 4512 1673 5045">
     <span class='ocr_line' id='line_1_29' title="bbox 232 4512 1670 4659; baseline -0.004 -40"><span class='ocrx_word' id='word_1_216' title='bbox 232 4595 236 4604; x_wconf 81' lang='lat'>-</span> <span class='ocrx_word' id='word_1_217' title='bbox 283 4525 425 4620; x_wconf 52' lang='lat' dir='ltr'>xxti·</span> <span class='ocrx_word' id='word_1_218' title='bbox 446 4547 466 4597; x_wconf 73' lang='lat'>³·</span> <span class='ocrx_word' id='word_1_219' title='bbox 488 4527 636 4618; x_wconf 71' lang='lat' dir='ltr'>Erant*</span> <span class='ocrx_word' id='word_1_220' title='bbox 665 4517 713 4616; x_wconf 82' lang='lat' dir='ltr'>in</span> <span class='ocrx_word' id='word_1_221' title='bbox 761 4515 907 4618; x_wconf 84' lang='lat' dir='ltr'>littore</span> <span class='ocrx_word' id='word_1_222' title='bbox 949 4517 1061 4616; x_wconf 73' lang='lat' dir='ltr'>duae</span> <span class='ocrx_word' id='word_1_223' title='bbox 1094 4535 1277 4638; x_wconf 69' lang='lat' dir='ltr'>turrea,</span> <span class='ocrx_word' id='word_1_224' title='bbox 1321 4553 1434 4659; x_wconf 86' lang='lat' dir='ltr'>quae</span> <span class='ocrx_word' id='word_1_225' title='bbox 1470 4512 1670 4646; x_wconf 83' lang='lat' dir='ltr'>militum</span> 
     </span>
     <span class='ocr_line' id='line_1_30' title="bbox 207 4643 1671 4804; baseline -0.002 -45"><span class='ocrx_word' id='word_1_226' title='bbox 207 4661 425 4800; x_wconf 73' lang='lat' dir='ltr'>praesidio</span> <span class='ocrx_word' id='word_1_227' title='bbox 461 4687 595 4804; x_wconf 75' lang='lat' dir='ltr'>‘atque</span> <span class='ocrx_word' id='word_1_228' title='bbox 631 4660 858 4764; x_wconf 91' lang='lat' dir='ltr'>tormentis</span> <span class='ocrx_word' id='word_1_229' title='bbox 893 4659 1285 4796; x_wconf 81' lang='lat' dir='ltr'>custodiebantur,</span> <span class='ocrx_word' id='word_1_230' title='bbox 1324 4643 1476 4760; x_wconf 82' lang='lat' dir='ltr'>altera</span> <span class='ocrx_word' id='word_1_231' title='bbox 1493 4659 1548 4760; x_wconf 85' lang='lat' dir='ltr'>ad</span> <span class='ocrx_word' id='word_1_232' title='bbox 1575 4656 1671 4757; x_wconf 86' lang='lat' dir='ltr'>sali·</span> 
     </span>
     <span class='ocr_line' id='line_1_31' title="bbox 207 4797 1673 4948; baseline -0.001 -46"><span class='ocrx_word' id='word_1_233' title='bbox 207 4807 292 4902; x_wconf 82' lang='lat' dir='ltr'>ms</span> <span class='ocrx_word' id='word_1_234' title='bbox 318 4797 574 4948; x_wconf 72' lang='lat' dir='ltr'>quisdam,</span> <span class='ocrx_word' id='word_1_235' title='bbox 622 4805 755 4905; x_wconf 78' lang='lat' dir='ltr'>altera</span> <span class='ocrx_word' id='word_1_236' title='bbox 791 4807 848 4905; x_wconf 91' lang='lat' dir='ltr'>ad</span> <span class='ocrx_word' id='word_1_237' title='bbox 873 4827 1073 4946; x_wconf 83' lang='lat' dir='ltr'>puteos,</span> <span class='ocrx_word' id='word_1_238' title='bbox 1113 4805 1233 4905; x_wconf 92' lang='lat' dir='ltr'>unde</span> <span class='ocrx_word' id='word_1_239' title='bbox 1277 4839 1394 4946; x_wconf 86' lang='lat' dir='ltr'>aqua</span> <span class='ocrx_word' id='word_1_240' title='bbox 1438 4801 1577 4905; x_wconf 90' lang='lat' dir='ltr'>dulcis</span> <span class='ocrx_word' id='word_1_241' title='bbox 1619 4839 1673 4900; x_wconf 81' lang='lat' dir='ltr'>ex</span> 
     </span>
     <span class='ocr_line' id='line_1_32' title="bbox 213 4953 1670 5045; baseline -0.004 4"><span class='ocrx_word' id='word_1_242' title='bbox 213 4979 220 4992; x_wconf 92' lang='grc'><strong><em>’</em></strong></span> <span class='ocrx_word' id='word_1_243' title='bbox 1571 4953 1670 5045; x_wconf 91' lang='lat' dir='ltr'>Go-</span> 
     </span>
    </p>
   </div>
   <div class='ocr_carea' id='block_1_3' title="bbox 0 0 2183 5972">
    <p class='ocr_par' dir='ltr' id='par_1_4' title="bbox 0 0 2183 5972">
     <span class='ocr_line' id='line_1_33' title="bbox 0 0 2183 5972; baseline 0 0"><span class='ocrx_word' id='word_1_244' title='bbox 0 0 2183 5972; x_wconf 95' lang='lat' dir='ltr'> </span> 
     </span>
    </p>
   </div>
  </div>
 </body>
</html>
