4298 5980
12 4878 16 4930 i
146 4949 151 4959 ι

445 503 447 508 ,
570 425 1185 518 natumnatum.
1360 393 1363 400 “
1481 424 1566 533 ιιι3
1688 445 1690 448 ·

147 630 294 704 arcem
327 585 708 696 Mediolanensem
744 623 833 684 sese
868 621 1118 730 receperat,
1154 584 1459 699 denuntiatum
1500 599 1612 702 mit-1

149 746 231 865 tit,
269 776 320 844 ut
354 735 438 840 nisi
474 730 627 835 haberi
662 729 790 834 vellet
826 725 963 830 hostis
998 733 1122 853 loc0,
1158 733 1250 835 illas
1287 777 1467 882 quoque
1503 745 1611 848 duas

147 926 293 1007 arces,
330 881 386 983 ad
423 875 588 980 bellum
623 873 880 1016 impendens
915 875 1267 1017 propulsandum
1302 888 1638 1024 opporturrissi⁴‘

145 1071 266 1149 mas,
303 1025 387 1129 sibi
423 1022 639 1140 traderet,
680 1019 854 1122 easdem
889 1057 993 1123 cum
1034 1021 1186 1125 cereris
1224 1026 1460 1148 omnibus,
1496 1039 1612 1134 conss-

143 1168 264 1273 fecto
299 1169 435 1288 bello,
473 1201 753 1307 recepturus.
855 1213 859 1220 ·
1022 1177 1025 1184 ’
1154 1175 1158 1184 ’
1357 1261 1359 1266 ,

223 1325 329 1418 XV.
420 1311 493 1410 Ad
528 1308 637 1410 hacc
672 1302 834 1409 Sfortia
875 1306 1131 1447 respondit:
1178 1309 1329 1413 mirari
1370 1356 1459 1418 sese
1500 1316 1611 1462 quid

144 1497 295 1559 causae
325 1451 639 1554 Marchionem
670 1448 778 1550 huc'
797 1448 1053 1579 injuriarum
1080 1451 1355 1594 impulisset,
1380 1495 1431 1561 ut
1465 1503 1507 1564 se
1541 1467 1611 1567 ni-

143 1600 210 1702 hil
254 1598 337 1700 tale
381 1595 590 1698 metitum
636 1594 763 1696 omni
807 1591 1024 1735 dignitate
1073 1636 1123 1696 ac
1176 1591 1400 1723 fortensis,
1446 1641 1611 1745 praeter

144 1743 294 1845 Caroli
329 1742 628 1858 voluntatem,
663 1736 845 1880 spoliare
883 1737 1042 1854 vellet,
1086 1777 1206 1868 nam,
1227 1783 1277 1842 ea
1313 1786 1357 1844 se
1393 1747 1501 1847 scire
1543 1751 1612 1853 in.

141 1897 262 2018 jussu
298 1882 449 1987 Caroli
485 1881 676 1984 Caesaris
712 1879 1029 1980 administrari:
1056 1917 1196 1984 cetera
1232 1888 1384 1986 omnia
1420 1929 1463 1988 se
1494 1895 1610 1994 Mar-

142 2026 292 2128 chioni
328 2024 573 2140 tradidisse,
612 2061 668 2121 ne
704 2019 919 2122 voluntati
956 2031 1045 2151 ejus
1081 2021 1317 2146 abnueret,
1353 2027 1608 2136 affirmantis

141 2168 231 2271 hoc
258 2172 315 2269 ad
341 2164 492 2269 Caroli
523 2163 713 2303 Cesaris,
745 2197 878 2302 atque
915 2170 1007 2292 ejus
1043 2166 1245 2266 exercitus
1281 2171 1467 2273 rationes
1502 2215 1605 2314 per-

141 2313 313 2430 tinere,
350 2308 455 2410 duas
491 2308 720 2408 dumtaxat
756 2343 871 2404 arces
908 2305 964 2404 ad
999 2305 1097 2426 sui,
1142 2347 1410 2452 suonrmque
1453 2319 1607 2418 muni-

140 2489 345 2557 mentum
381 2489 424 2552 et
459 2447 780 2551 habitationem
817 2446 1072 2584 reliquisses
1107 2445 1184 2547 has
1221 2493 1404 2594 quoque
1440 2456 1527 2558 sibi
1562 2501 1608 2560 e·

140 2598 285 2738 ripere
321 2595 430 2693 velle
465 2592 673 2732 iniquum
708 2630 827 2708 esse,
865 2622 908 2688 et
943 2587 1280 2702 inhumanum3
1325 2637 1392 2697 eas
1434 2595 1606 2740 igitur,

141 2739 224 2840 nisi
259 2737 413 2840 Caroli
452 2736 680 2836 voluntate
723 2765 944 2873 perspecta
985 2771 1029 2832 se
1070 2734 1240 2836 nemini
1284 2779 1372 2839 esse
1414 2743 1604 2848 traditu·

140 2921 268 2990 rumt
307 2879 432 3022 quod
468 2878 504 2979 si
540 2921 567 2978 a
601 2876 795 2997 Carolo,
836 2885 975 3011 cujus'
1005 2873 1262 2979 liberalitate
1302 2882 1603 3023 Principatum

140 3024 410 3166 accepisset,
444 3019 576 3123 fiterit
609 3057 687 3163 per
723 3017 1069 3162 chirographum
1104 3019 1171 3120 his
1213 3062 1394 3164 quoque
1436 3026 1603 3132 arcibus

142 3170 345 3269 excedere
388 3177 559 3300 jussus,
606 3164 810 3306 quamvis
854 3162 1011 3264 nullius
1054 3162 1250 3266 criminis
1291 3167 1342 3267 in
1383 3206 1487 3273 eum
1521 3176 1603 3274 ad-

139 3311 262 3412 missi
297 3307 382 3411 sibi
417 3309 615 3410 conscius
650 3345 757 3408 esset
773 3373 796 3429 ¹,
829 3304 941 3407 nihil
978 3342 1123 3408 tamen
1160 3308 1207 3408 in
1242 3350 1285 3409 se
1327 3353 1408 3413 nec
1449 3353 1601 3418 morae

137 3449 373 3576 intutum,
408 3492 489 3552 nec
525 3450 811 3552 cunctationis
848 3449 1100 3589 pollicetur.
1139 3461 1246 3552 Hoc
1280 3492 1489 3597 responso
1524 3485 1601 3558 ac-'

138 3632 318 3740 cept0,
367 3591 574 3698 Marchio
626 3594 861 3737 negotium
912 3595 1090 3736 Gaspari
1142 3598 1437 3741 Frodespergo
1483 3601 1596 3718 dat,

138 3779 190 3842 ut
228 3779 333 3842 cum
368 3751 715 3860 Germanorum,
752 3732 914 3879 quibus
950 3774 1179 3879 praeerat,
1222 3741 1359 3843 tribus
1401 3739 1597 3842 millibus
1693 3835 1696 3842 ,

136 3885 515 4002 Mediolanensem
550 3923 692 3986 arcem
728 3881 977 3984 obsideret.
1015 3896 1284 3987 Cremonam
1330 3920 1437 3983 vero
1473 3884 1593 3988 mille

136 4027 383 4148 Germani,
418 4063 461 4129 et
502 4029 693 4168 Hispani
735 4027 969 4169 quingenti
1010 4023 1067 4124 ad
1111 4025 1331 4165 oppidum
1373 4064 1595 4169 occupan⁴

135 4170 273 4286 dum,
311 4171 499 4273 etitem
534 4209 679 4270 arcem
715 4169 1008 4272 obsidendum
1026 4165 1189 4268 missi.

223 4321 346 4416 XVI.
417 4328 584 4415 Interea
620 4325 715 4415 Rex
751 4311 929 4431 Gallus,
971 4309 1196 4412 Pontificis
1235 4350 1278 4414 et
1315 4323 1593 4419 Venetorum

136 4456 332 4590 nuntio,
358 4495 406 4555 ac
434 4454 637 4597 pollicitis
664 4453 891 4579 excitatus,
923 4490 966 4554 et
997 4458 1053 4557 ad
1073 4494 1196 4600 spem
1216 4453 1417 4560 fortunae
1443 4499 1593 4562 secun*

135 4599 273 4700 dions
310 4636 502 4721 erectus,
538 4641 689 4743 pacem
725 4639 827 4702 cum
857 4600 1018 4702 Carolo
1055 4635 1295 4744 utcumque
1331 4601 1470 4704 facere
1506 4643 1592 4705 ma·

138 4777 252 4879 turae
262 4821 278 4882 ,
305 4783 417 4886 quae
453 4744 519 4850 his
558 4745 836 4886 potissimum
871 4742 1203 4848 conditionibus
1240 4747 1474 4852 convenit:
1512 4747 1594 4886 pri·

1466 4924 1595 4991 mum
