4294 5972
523 397 607 505 348
915 411 1000 490 DE
1047 408 1255 489 REBUS
1303 405 1522 489 GESTIS

485 569 601 674 lutit
646 565 750 666 nam
781 555 870 664 sibi
908 565 1076 662 certum
1119 599 1206 658 esse
1249 570 1469 659 Rexetum
1491 556 1657 658 uirum
1701 567 1868 690 justum
1905 599 1948 666 et

491 711 811 856 perhumanum
848 705 896 804 in
932 705 1158 805 civitatem
1195 713 1491 842 Regnumque
1526 701 1750 840 recipere,
1773 739 1815 802 ct
1848 747 1943 807 cun·

494 857 572 954 ctis
615 846 773 952 officiis
816 886 895 987 pro
935 858 1060 987 Rege
1105 845 1274 944 colere.
1319 855 1384 944 Ita
1427 841 1551 944 t'ebus
1597 843 1668 942 ille
1719 846 1945 986 desperatis

496 1035 638 1099 arcem
680 991 923 1130 urbemque
966 991 1210 1128 relinquens
1244 986 1302 1086 ad
1339 987 1566 1086 Nomades
1602 988 1818 1126 quosdam
1846 991 1950 1131 pro-

443 1203 446 1208 ·
497 1180 553 1280 pe
591 1171 793 1277 vagantes
831 1125 1066 1274 confugit,
1108 1127 1243 1231 fretus
1279 1127 1506 1247 amicitia,
1556 1166 1668 1266 quae
1711 1130 1795 1270 ipsi
1847 1173 1951 1234 cum

498 1284 677 1383 illorum
713 1276 910 1418 Principe
946 1273 1268 1374 intercedebat.
1306 1275 1435 1370 Tunc
1469 1309 1575 1370 veto
1611 1271 1772 1410 placuit
1807 1313 1952 1417 popu-

427 1517 430 1528 .
500 1423 656 1526 laribus
692 1420 903 1521 tredecim
938 1427 1125 1559 Legatos
1160 1416 1217 1515 ad
1251 1426 1469 1515 Rexttum
1504 1413 1708 1531 mittere,
1746 1419 1825 1554 qui
1851 1459 1953 1520 tum

503 1566 684 1668 nomine
720 1563 906 1662 civitatis
941 1573 1114 1701 Regem
1148 1558 1404 1656 salutarent.
1441 1553 1539 1656 Ubi
1572 1555 1619 1654 in
1654 1558 1858 1660 Goletam
1888 1598 1953 1660 ar·

504 1749 591 1850 qne
628 1711 800 1808 classem
827 1703 980 1842 Legati
1009 1736 1323 1842 pervenerunt,
1361 1738 1444 1798 eos.
1461 1699 1516 1798 ad
1550 1697 1769 1800 triremem
1796 1743 1953 1840 quam-

505 1853 635 1967 dam,
674 1848 809 1985 quasi'
831 1847 886 1942 ad
907 1856 1139 1956 'Rtxetum
1179 1839 1336 1943 devehi
1378 1839 1534 1979 scapha
1573 1837 1697 1972 jubet
1736 1843 1954 1944 Charadi-

507 2031 586 2125 nus
628 1990 779 2127 ibique
828 1985 1037 2104 retineri,
1090 1984 1366 2121 donec22ipre
1408 2023 1512 2084 cum
1561 1984 1763 2123 expositis
1814 1989 1953 2129 copiis

506 2139 730 2234 Tunttcm
767 2127 1061 2269 pervenisset.
1097 2136 1323 2232 Ceterum.
1339 2126 1521 2264 quidam
1556 2136 1824 2268 Legatorum
1838 2207 1854 2250 ,
1887 2171 1957 2232 an-

507 2311 689 2415 tequam
723 2274 1074 2413 imponerentur,
1094 2269 1150 2368 ad
1174 2267 1382 2370 Goletam
1407 2265 1557 2368 fraude
1577 2271 1780 2410 cognita,
1802 2312 1956 2412 quem*

510 2419 613 2517 dam
662 2454 841 2516 suornm
889 2413 1062 2513 occulto
1113 2413 1276 2528 mittit,
1329 2410 1409 2550 qui
1456 2413 1510 2512 de
1560 2413 1667 2512 dolo
1720 2412 1954 2516 Charadini

510 2572 814 2696 Rexctumque
859 2553 1001 2654 abesse
1051 2591 1149 2654 tum
1196 2565 1427 2674 Haztn0,
1468 2590 1568 2656 tum
1610 2556 1745 2660 etiam
1789 2557 1951 2658 civitati

511 2734 800 2801 renuntiaret.

584 2854 645 2942 X.
719 2852 825 2942 Hoc
860 2838 1015 2942 nuntio
1051 2876 1229 2984 accepto
1265 2851 1467 2945 Hazenus
1502 2841 1549 2946 in
1589 2839 1747 2944 urbem
1781 2841 1960 2943 reverti*

514 3020 633 3102 tur,
676 3025 701 3082 a
744 2983 1108 3125 popularibusque
1155 2985 1393 3122 recipitur3
1439 2988 1513 3086 sed
1557 2990 1715 3088 eodem
1757 3021 1961 3126 ¹tempore

517 3125 788 3226 Charadinus
825 3163 928 3226 cum
969 3125 1162 3226 millibus
1203 3133 1447 3229 Turcarum
1485 3164 1529 3228 et
1565 3129 1837 3230 Christianae
1875 3139 1957 3230 Re·

517 3267 694 3407 ligionis
713 3271 985 3368 desertorum
1003 3305 1046 3368 et
1067 3265 1387 3410 transfugarum
1413 3271 1582 3375 circiter
1611 3271 1807 3412 quinque
1829 3274 1962 3404 (nam

517 3408 686 3511 bonam
736 3445 906 3550 partem
947 3411 992 3509 in
1036 3411 1166 3511 classe
1207 3414 1471 3553 reliquerat)
1508 3453 1585 3554 per
1626 3414 1802 3514 alteram
1845 3411 1963 3513 urbis

519 3589 688 3690 partem
725 3549 1080 3693 ingrediebatur,
1105 3556 1186 3694 qui
1218 3557 1431 3655 desertam
1463 3594 1639 3677 arcem,
1657 3555 1835 3656 nemine
1862 3593 1963 3696 pro·

518 3732 613 3832 pter
659 3733 865 3835 magnam
913 3732 1060 3795 terum
1096 3697 1300 3800 omnium
1332 3697 1508 3802 turbam
1554 3736 1597 3800 et
1639 3697 1965 3840 ignorationem

519 3831 812 3954 defendente,
856 3838 1049 3978 protinus
1091 3841 1351 3980 occupavit.
1401 3841 1559 3942 Tertio
1606 3879 1705 3982 post
1745 3841 1815 3940 die
1866 3877 1967 3942 cum

518 3983 729 4120 Hazenus
764 3977 950 4098 urbem,
988 3979 1260 4082 Charadinus
1298 3999 1477 4084 teneret
1496 4023 1672 4102 arcem,
1708 4021 1844 4124 quam
1877 3983 1968 4083 sine

518 4117 835 4220 commeatibus
871 4117 1112 4222 offenderat
1147 4159 1197 4223 ut
1233 4159 1333 4262 pote
1369 4123 1425 4224 ab
1463 4126 1693 4266 oppidanis
1730 4161 1830 4264 post
1871 4135 1968 4226 Ha-

517 4263 618 4360 zeni
653 4262 885 4366 discessum
905 4262 1169 4405 direptam,
1204 4260 1320 4368 facta
1355 4271 1583 4405 emptione
1619 4269 1700 4408 qui
1727 4305 1872 4370 arcem
1905 4301 1965 4365 tc·

515 4397 677 4506 nebant
699 4418 898 4508 ³rtumero
931 4406 988 4506 ad
1025 4407 1109 4537 tria
1148 4407 1285 4508 millia
1297 4467 1317 4528 ,·
1349 4409 1505 4521 urbem
1525 4471 1532 4501 ι
1553 4411 1817 4518 interiorem<
1837 4408 1958 4506 inva-

515 4542 667 4662 dunt„
696 4555 755 4646 e't
783 4543 902 4647 bona
920 4547 1062 4684 =,parte
1107 4549 1276 4685 abrepta
1327 4551 1574 4666 multorum
1613 4536 1786 4676 dietum
1825 4585 1961 4654 ·c0m-.

510 4723 707 4788 meatum
742 4687 791 4787 in
839 4709 1005 4788 arcem
1024 4709 1323 4830 reportarunt.
1369 4700 1500 4806 Tunc
1534 4683 1759 4835 'oppidani
1801 4689 1964 4832 partim

1888 4833 1967 4930 de·
