4294 5984
570 481 811 564 ennom
854 482 907 562 v.
956 485 1073 562 tm.
1108 488 1168 561 tr.
1536 451 1591 564 ⁶5

165 675 529 743 contemnerent.
582 653 737 784 Itaque
779 647 907 781 saepe
951 639 999 741 in
1043 639 1234 744 concilio
1278 635 1629 781 praefectorum,

161 787 289 924 quod
334 785 596 926 quotidiana
637 783 955 887 consuetudine
997 820 1172 925 praetor
1221 821 1354 926 atque
1402 785 1515 886 adeo
1560 783 1626 886 bis
1682 905 1687 915 ο

157 927 232 1027 die
270 931 576 1049 convocabat,
614 929 822 1073 plerisque
858 928 1066 1032 omnibus
1104 929 1248 1032 visum
1296 966 1359 1030 est
1402 969 1495 1033 non
1539 971 1626 1032 esse

155 1074 490 1193 cunctandum,
527 1073 638 1216 quin
664 1075 829 1175 saltumf
849 1075 1128 1216 Orospedam
1154 1072 1523 1216 Sagoviensiaque
1556 1085 1626 1205 ju-

152 1253 215 1356 ga
266 1217 517 1359 transgressi
575 1214 758 1321 obviam
783 1217 1034 1319 Toletanis
1088 1219 1404 1358 procederent,
1459 1257 1623 1359 eosque

150 1359 322 1500 praelio
358 1361 633 1464 lacesserent.
680 1374 750 1462 De
769 1494 774 1502 .
794 1399 990 1500 quorum
1030 1363 1243 1465 sententia
1286 1402 1390 1465 cum
1432 1363 1622 1464 Hadria-

151 1541 239 1602 nus
275 1504 615 1649 Consiliumque
638 1505 833 1648 Regium
902 1544 1009 1648 rope
1047 1507 1249 1650 quotidie
1284 1505 1437 1609 fierent
1471 1509 1618 1610 certio

148 1681 247 1766 res,
284 1651 531 1752 cavendum
568 1686 717 1752 tamen
752 1544 1012 1771 censebant,
1056 1693 1113 1756 nc
1156 1660 1226 1754 vel
1271 1652 1499 1793 populares
1541 1693 1618 1754 ac-

149 1828 278 1932 cepta
313 1794 436 1895 clade
470 1795 517 1898 in
552 1795 619 1898 sui
655 1793 811 1898 odium
853 1793 1168 1940 publicamque
1212 1796 1453 1936 perniciem
1495 1835 1616 1898 exar-

147 1933 403 2059 descerent,
439 1975 516 2040 aut
550 1938 635 2080 ipsi
655 1939 782 2039 omni
813 1939 1061 2080 praesidio,
1092 1940 1237 2081 siquid
1273 1939 1494 2083 equitibus
1531 1939 1614 2042 illis
1744 2037 1747 2048 .

147 2079 393 2202 accidisset,
430 2082 793 2184 destituerentur.
832 2082 1143 2196 Quamobrem
1178 2124 1301 2224 saepe
1337 2124 1414 2226 per
1449 2083 1613 2187 litteras

149 2226 344 2360 praetori
385 2230 727 2345 mandaverant,
770 2259 814 2324 et
846 2225 1018 2368 magnis
1062 2226 1215 2366 poenis
1258 2227 1502 2328 constitutis
1544 2228 1613 2330 in-

149 2366 441 2490 terdixerant,
479 2409 536 2472 ne
567 2370 781 2513 praelium
805 2368 1133 2480 committerett
1169 2372 1244 2470 'sed
1278 2405 1450 2470 metum
1484 2370 1612 2470 dum-

149 2539 274 2609 taxat
308 2513 521 2614 incuteret
561 2513 846 2658 populatibus
858 2589 874 2634 ,
922 2549 966 2614 et
1008 2512 1066 2615 ab
1099 2511 1270 2646 injuriis
1317 2549 1361 2614 et
1394 2509 1611 2614 maleficio

146 2652 433 2787 prohiberet,
481 2657 605 2799 siqua
639 2656 814 2759 interim
850 2657 966 2758 tatio
1011 2656 1296 2759 commodior
1331 2654 1432 2756 iniri
1467 2691 1612 2798 posset

149 2795 386 2901 seditiones
418 2841 469 2902 ac
499 2804 712 2903 tumultus
743 2800 1063 2944 supprimendi.
1095 2809 1323 2902 Postremo
1360 2834 1506 2900 tamen
1540 2841 1611 2900 eo

149 2942 353 3044 rumdcm
396 2947 597 3089 equitum
641 2946 941 3090 praetorisque
985 2944 1137 3047 litteris
1181 2985 1232 3046 ac
1268 2983 1406 3088 paene
1448 2943 1609 3045 convi-

148 3081 222 3182 tiis
257 3081 465 3232 fatigati‚
501 3089 837 3195 adventantibus
872 3101 964 3226 jam
995 3089 1249 3210 Toletanis,
1285 3086 1476 3230 praetori
1511 3125 1609 3228 per-

148 3227 391 3371 miserunt,
442 3270 493 3338 ut
542 3232 717 3359 fauces,
762 3277 875 3380 quae
920 3237 1198 3336 Gvadarramae
1242 3231 1474 3351 dicuntur,
1519 3271 1608 3374 qua

149 3373 356 3478 Toletani
399 3383 679 3523 Orospedam
722 3390 916 3524 jugaque
951 3378 1231 3522 Sagoviensia
1267 3376 1507 3522 superaturi
1539 3375 1608 3478 vi·-

145 3513 394 3640 debantur,
439 3523 493 3623 ad
538 3524 756 3627 citeriores
800 3525 963 3626 radices
998 3522 1220 3626 obsideret
1261 3563 1311 3623 ac
1355 3563 1399 3622 se
1434 3518 1605 3620 venien·

143 3655 259 3762 tibus
295 3702 574 3805 opponeret,
610 3705 652 3774 et
696 3704 858 3792 cetera,
895 3704 1028 3812 prout
1077 3710 1129 3770 ex
1164 3707 1244 3770 usu
1279 3667 1425 3768 visum
1461 3699 1603 3784 esset,

141 3802 490 3913 administraret.
529 3815 611 3915 Sed
647 3811 726 3915 ubi
762 3854 818 3915 eo
854 3823 1130 3958 progressum
1165 3810 1461 3951 Ronquillum
1497 3812 1604 3906 To-

141 3941 278 4047 letani
314 3955 552 4076 rescivere,
588 3999 641 4060 ex
677 3959 811 4060 altera
840 3961 1096 4100 Orospedae
1133 3991 1252 4098 parte
1287 3950 1598 4072 consederunt,

140 4087 286 4190 donec
319 4134 491 4234 praetor
528 4102 677 4223 idem,
724 4103 805 4244 qui
852 4103 1039 4246 cognito
1074 4098 1252 4199 illorum
1287 4092 1473 4195 consilio
1514 4094 1604 4193 Ni-

141 4230 268 4334 viam
302 4277 399 4342 suos
434 4244 633 4364 reduxit,
670 4245 904 4345 discessisse
940 4241 1188 4344 nuntiatur.
1226 4244 1359 4342 Tunc
1394 4273 1500 4338 vero
1535 4246 1602 4367 ju-

143 4413 200 4518 ga
230 4385 504 4524 transgressi,
537 4386 584 4485 in
612 4386 861 4527 §pinarium
873 4463 888 4507 ,
915 4383 1186 4528 Sagoviemis
1209 4382 1304 4526 agri
1331 4380 1509 4500 vicum,
1540 4379 1602 4481 ci·

142 4553 204 4620 tta
233 4520 389 4626 urbem
420 4565 621 4669 passuum
647 4525 842 4630 millibus
865 4528 1049 4670 viginti,
1086 4561 1341 4647 evaserunt,
1369 4565 1463 4668 quo
1501 4561 1607 4665 pau-

144 4662 190 4762 lo
227 4704 326 4809 post
354 4672 567 4772 ducentos
596 4673 798 4774 homines
827 4714 852 4774 a
891 4672 1248 4778 Madtitiensibus
1284 4670 1438 4771 missos
1473 4672 1608 4803 Joan·
1680 4694 1690 4700 “

140 4844 215 4910 nes
250 4815 415 4954 Zapata
452 4811 697 4960 praefectus
734 4853 810 4958 per
846 4817 968 4919 invia
1004 4819 1168 4920 montis
1204 4814 1433 4918 cacumina
1469 4813 1608 4914 dedu-

15 4963 16 5032 l
217 4955 327 5058 Tum.
357 4969 392 5061 t.
1184 4971 1204 5068 Ι
1514 4955 1610 5076 xit,
