4326 5986
558 481 646 572 450
954 475 1038 556 DE
1085 471 1291 553 REBUS
1338 469 1571 553 GESTIS

520 682 622 786 gere
659 633 989 753 nuntiarentur,
1035 631 1283 734 Caesariani
1310 669 1504 772 quoque
1538 626 1587 726 in
1629 626 1832 726 camdem
1878 663 1976 764 pat-

520 823 642 902 tem,
674 782 710 880 si
746 777 958 916 consequi
1001 776 1254 916 ptaelioque
1291 773 1489 874 lacessere
1527 805 1743 912 possent,
1782 769 1969 910 proficis-

521 963 704 1028 cuntur.
742 924 824 1021 Sed
859 919 1021 1039 illi‚‘ut
1057 955 1177 1019 etant
1214 917 1502 1058 expeditiores
1538 913 1762 1014 erminus
1807 914 1976 1014 sarcinis

523 1065 765 1210 impediti,
813 1065 991 1164 celerius
1034 1062 1189 1162 itinete
1231 1054 1450 1160 confecto
1487 1065 1737 1198 Augustam
1773 1094 1980 1196 pervent⁴

525 1249 656 1330 tunt,
687 1243 728 1312 et
759 1246 862 1308 cum
892 1193 1103 1344 praesidio
1130 1203 1355 1335 conjuncti
1386 1200 1521 1302 libere
1547 1198 1818 1340 vagabantur
1832 1277 1849 1320 ,
1880 1200 1984 1300 mul-

525 1391 658 1495 taque
694 1352 865 1451 castella
899 1350 947 1449 in
983 1347 1216 1488 subalpina
1253 1346 1431 1486 regione
1466 1349 1745 1483 receperunt.

596 1506 675 1599 IX
749 1505 880 1594 Erant
915 1493 1167 1593 Caesariani
1203 1488 1398 1592 hostibus
1430 1525 1615 1618 numero
1643 1481 1892 1594 inferiorem
1922 1522 1982 1586 ta·
2128 1495 2129 1502 ‘

526 1679 629 1742 men
678 1636 784 1778 quia
830 1645 987 1779 genere
1037 1635 1232 1736 militum
1283 1631 1596 1774 praestabant,
1650 1629 1882 1731 consultari
1928 1631 1980 1730 ad

528 1779 879 1884 Monthalesium
915 1815 1127 1917 coeptum
1164 1813 1250 1887 est,
1283 1781 1391 1874 num
1427 1814 1480 1872 ex
1507 1775 1604 1872 ³usu
1625 1812 1728 1874 esse
1771 1773 1983 1873 videretur

528 1923 673 2026 hostes
709 1906 905 2062 praelio,
937 1930 1057 2052 cujus
1092 1915 1273 2018 facultas
1308 1955 1400 2028 non
1437 1913 1591 2016 defore
1626 1913 1889 2036 videbatur,
1916 1915 1981 2016 la·

529 2105 717 2166 cessere.
760 2061 966 2164 Marchio
1002 2063 1322 2164 Germanorum
1367 2058 1649 2202 potissimum
1674 2060 1858 2162 'vittute
1897 2051 1986 2158 lte-

532 2221 601 2310 tu's
657 2205 872 2308 hostium·
900 2207 1233 2308 multitudinem
1277 2205 1444 2346 magna
1468 2243 1521 2304 ex
1558 2242 1681 2347 parte
1708 2201 1985 2304 collectitiam

530 2345 658 2451 facile
695 2384 984 2449 contemnens
1021 2389 1115 2450 non
1152 2389 1240 2448 esse
1276 2349 1571 2449 cunctandum
1607 2344 1847 2472 censebat,
1885 2345 1986 2486 quin

531 2532 598 2594 res
635 2491 799 2633 praelio
837 2492 1208 2596 committeretuts
1249 2491 1473 2595 Gutiettus
1509 2491 1675 2591 Padilla
1709 2526 1865 2592 contra
1898 2491 1985 2588 lon-

534 2676 591 2777 ge
641 2631 885 2776 disparibus
937 2634 1143 2777 praemiis
1197 2633 1489 2776 vicissimque
1525 2633 1699 2766 jacturis
1756 2631 1981 2776 propositis

534 2777 664 2878 stulte
701 2777 868 2917 praelio
910 2769 1138 2880 decernere
1173 2779 1383 2897 dicebat,
1418 2777 1498 2920 qui
1533 2780 1588 2879 de
1623 2817 1668 2880 te
1711 2783 1880 2910 majore
1916 2815 1987 2916 pe-

533 2920 805 3023 riclitentur.
852 2932 920 3023 Ut
955 2923 1091 3064 igitur
1125 2961 1219 3022 uno
1262 2921 1434 3062 oppido
1470 2921 1729 3062 potiantur,
1765 2920 1988 3062 Principa·

534 3097 630 3164 tum
660 3063 1090 3187 Mediolanensem,
1120 3100 1178 3165 et
1220 3062 1443 3208 quidquid
1485 3099 1547 3164 cst
1590 3065 1639 3166 in
1681 3064 1804 3166 Italia
1848 3061 1989 3164 Caroli

534 3241 578 3306 et
611 3206 1159 3348 Hispanorum‘imperii,
1191 3208 1241 3308 in
1274 3208 1398 3308 unius
1436 3245 1608 3350 pugnae
1645 3209 1886 3312 discrimen
1919 3207 1990 3306 ad·

534 3349 692 3450 ducere
727 3387 807 3448 nec
843 3352 1065 3489 prudentis
1101 3391 1219 3471 esse,
1254 3389 1344 3454 nec.
1370 3350 1464 3452 sani
1498 3351 1712 3472 consiliis
1752 3354 1880 3454 etin
1915 3347 1992 3450 hac

535 3491 749 3593 sententia
782 3492 1002 3631 perstitit,
1036 3506 1199 3636 suaque
1234 3494 1511 3599 cunctatione
1531 3503 1742 3640 magnam
1774 3495 1862 3598 hoc
1896 3533 1998 3637 quo·

535 3647 622 3776 que
658 3635 707 3736 in
750 3635 852 3735 loco
888 3635 952 3736 rei
987 3634 1098 3740 bene
1143 3639 1356 3780 gerendae
1393 3639 1712 3759 occasionem,
1748 3676 1800 3742 ut
1843 3639 1997 3782 pletis·

535 3819 622 3920 que
659 3778 803 3879 visum
839 3814 928 3898 est,
967 3780 1137 3881 amisit.
1183 3792 1338 3923 Itaque
1373 3783 1571 3884 deductis
1607 3784 1711 3886 inde
1746 3783 1998 3925 praesidiis,

536 3960 630 4021 suas
646 3963 651 3976 ·
666 3921 814 4060 copias
850 3921 897 4022 in
934 3927 1087 4023 A'st'am
1124 3922 1344 4066 oppidum
1380 3925 1584 4047 reduxit,
1614 3967 1701 4068 qua
1732 3930 1835 4028 data
1870 3925 2003 4028 liber-

328 4156 330 4160 .
416 4175 419 4180 ,
535 4099 621 4167 tate
645 4065 770 4166 ‘Galli
805 4081 986 4168 omnem
1028 4064 1309 4208 Subalpinam
1351 4069 1579 4212 regionem·
1613 4068 1661 4170 in
1689 4109 1831 4170 suam
1867 4107 2003 4210 pote-

536 4245 690 4308 statem
725 4209 1016 4352 redegerunt.
1064 4217 1214 4354 Atque
1249 4209 1356 4316 haec
1403 4211 1584 4356 quidem
1619 4211 1668 4318 in
1700 4213 1829 4316 Italia
1870 4251 2004 4356 gere·

537 4347 731 4455 bantur.
867 4361 886 4374 “
938 4359 942 4370 ’

545 4558 550 4567 -
607 4497 666 4594 Χ.
738 4495 919 4616 Carolus
946 4497 1002 4599 ad
1037 4503 1191 4642 Aquas
1216 4500 1377 4605 Sestias
1410 4501 1516 4605 tum
1540 4499 1780 4606 exercitum
1806 4498 2003 4603 induxis

535 4668 599 4734 set
612 4713 627 4756 ,
662 4635 847 4782 triginta
883 4636 950 4741 ibi
984 4645 1173 4783 amplius
1209 4644 1315 4780 dies·
1333 4646 1602 4768 consumsit,
1635 4648 1757 4748 dum.
1785 4675 2002 4786 exspectat

535 4778 730 4921 partim,
763 4821 832 4885 ut·
849 4783 1018 4908 classis,
1038 4826 1153 4932 quae
1175 4789 1412 4928 contrariis
1450 4790 1589 4894 ventis
1625 4793 1683 4893 ad
1707 4787 2003 4894 Tautentium

1917 4932 2003 5034 de-
