4326 5986
601 481 845 562 ernost
892 479 944 559 v.
991 479 1106 558 rra.
1138 477 1228 559 xv.
1532 469 1618 584 463

215 639 373 747 radices
409 639 537 739 saltus
572 637 808 773 Pyrenaei,
848 671 891 735 et
926 635 1256 776 promontorii,
1293 640 1416 778 quod
1458 636 1566 742 item
1589 645 1667 747 Ve-

217 765 316 888 niris
369 780 748 925 cognominatur,
800 776 877 878 ubi
921 779 1105 878 Alvarus
1149 788 1337 880 Bazanus
1387 784 1519 886 etiam
1564 825 1669 890 tunc

216 926 518 1046 detinebatur,
554 960 724 1066 tempus
760 923 975 1023 idoneum
1009 958 1254 1062 exspectans
1291 927 1347 1024 ad
1382 927 1524 1029 sinum
1557 943 1672 1034 Nan

218 1069 457 1171 bonenscm
492 1069 828 1198 trajiciendum,
869 1069 988 1166 unde
1021 1103 1090 1166 ter
1122 1061 1266 1166 fuerat
1295 1070 1468 1172 adversa
1505 1110 1671 1216 tempe-

218 1251 324 1314 state
361 1223 567 1344 rejectus,
604 1249 653 1311 ut
688 1212 780 1350 ipse
816 1209 1119 1352 praedicabam
1154 1250 1425 1353 quamquam
1461 1255 1551 1314 non
1589 1222 1669 1318 de-

219 1349 395 1455 luerunt
413 1431 428 1473 ,
465 1352 622 1494 quibus
660 1355 840 1453 Alvarus
876 1365 1069 1453 Bazanus
1101 1354 1297 1472 Carol0,
1333 1358 1442 1455 dum
1477 1362 1532 1457 ad
1561 1373 1672 1463 Stac-

220 1495 376 1598 chadas
411 1497 569 1596 insulas
604 1495 777 1597 flatibus
811 1497 1100 1614 detineretur,
1140 1497 1363 1596 nonsatis
1399 1540 1527 1598 suurn
1563 1499 1669 1604 offi-

220 1640 339 1739 cium
377 1640 635 1778 praestitisse
665 1641 882 1768 videretur
902 1716 919 1741 ..
961 1647 1083 1738 Nam
1128 1638 1264 1778 Regis
1311 1675 1354 1737 et
1396 1648 1669 1780 Imperatoris

220 1781 419 1922 periculo
454 1783 584 1881 etiam
620 1822 722 1882 cum
758 1822 875 1900 suo,
906 1781 1238 1919 triremiumque·
1271 1782 1484 1883 mediocri
1519 1787 1667 1887 distri·

217 1925 336 2023 mine
373 1924 686 2022 consulendum
721 1919 881 2039 fuisse,
919 1957 962 2018 et
998 1923 1165 2060 aliquid
1210 1917 1411 2026 fortunae
1454 1930 1669 2030 commit-

219 2067 434 2182 tendum,
464 2064 715 2204 praesettIm
743 2103 846 2162 cum
870 2062 1028 2161 eodem
1056 2096 1252 2200 tempore
1286 2101 1414 2164 naves
1449 2074 1668 2205 quaedam

221 2207 438 2308 onerariae
474 2203 529 2304 ab
570 2207 784 2344 Hispania
818 2199 1036 2345 profectae
1099 2199 1352 2304 Staeclradas
1398 2207 1528 2308 nobis
1563 2251 1667 2350 pto*

219 2346 500 2488 spicientibus
551 2348 986 2487 praeterlaberentur
1037 2342 1333 2486 quamobrem
1378 2389 1470 2450 non
1520 2355 1662 2454 multo

224 2491 332 2631 post
361 2525 563 2630 tempore
597 2531 697 2592 cum
735 2491 854 2590 idem
889 2504 1086 2591 Bazanus
1116 2529 1159 2586 se
1200 2529 1275 2589 sua
1308 2493 1467 2632 ¹sponte
1502 2493 1670 2634 praefe-

222 2667 346 2733 'cruta¹
374 2635 619 2733 triremium
656 2631 924 2751 abdicasset,
961 2671 1094 2772 quam
1132 2628 1216 2730 sibi
1252 2633 1518 2735 detrimento
1560 2678 1669 2759 esse,

223 2775 308 2875 nisi
342 2777 542 2875 meliores
578 2775 851 2876 conditiones
887 2769 1129 2892 ferrentur,
1159 2774 1465 2912 praedicabat,
1502 2781 1547 2880 id
1567 2819 1669 2882 eum

223 2918 387 3018 Catolo
424 2918 608 3018 minime
643 2918 784 3018 invito
821 2913 968 3016 fecisse
1003 2917 1202 3055 plerique
1236 2955 1523 3056 putaverunt.

292 3071 479 3162 XXVII.
555 3061 694 3202 Igitur
729 3061 912 3159 Alvarus
947 3069 1137 3158 Bazanus
1152 3135 1168 3177 ,
1188 3098 1291 3159 cum
1326 3063 1485 3162 nuntio
1522 3064 1671 3164 Caroli

221 3196 280 3302 de
315 3201 447 3342 ipsius
489 3239 533 3302 et
568 3203 704 3302 classis
752 3202 937 3342 appulsu
970 3201 1158 3304 celeriter
1199 3203 1484 3342 cognovisset
1512 3205 1671 3336 (abest

225 3343 343 3443 enim
390 3380 542 3486 portus
594 3345 772 3442 Veneris
814 3384 839 3441 a
881 3351 1023 3480 Ligato
1068 3381 1271 3482 passuum·
1317 3345 1452 3442 millia
1500 3347 1671 3446 circiter

223 3485 439 3626 triginta)
475 3520 573 3584 ante
609 3486 715 3586 Solis
759 3519 956 3584 exortum
999 3525 1103 3585 cum
1148 3483 1395 3586 triremibus
1437 3488 1588 3606 adest,
1626 3524 1670 3588 et

223 3638 454 3760 conjuncta
491 3629 733 3768 eductaque
770 3627 895 3727 classe
949 3627 994 3727 in
1046 3627 1261 3726 Palamosi
1296 3666 1475 3767 portum
1511 3632 1669 3728 eodem

223 3769 294 3868 die
330 3806 617 3911 perventum.
664 3771 753 3869 Hic
797 3809 926 3871 naves
963 3771 1205 3886 onerariae,
1237 3809 1349 3908 quae
1385 3781 1579 3899 jumenta
1614 3771 1670 3871 ad

223 3919 422 4012 Genuam
476 3913 884 4054 impedimentaque
936 3912 1231 4028 sustulerant,
1271 3948 1492 4050 repertae.
1546 3921 1669 4012 Nam

222 4090 324 4192 post
375 4055 527 4155 Caroli
574 4057 807 4156 discessum
858 4091 959 4154 curn
1011 4049 1163 4154 frustra
1214 4053 1371 4152 idonea
1420 4090 1672 4194 tempestate

225 4196 315 4294 dies
350 4197 519 4337 aliquot
566 4232 807 4334 exspectata
855 4234 943 4295 sese
985 4193 1144 4295 dubiae
1185 4198 1532 4318 commisissent,
1570 4238 1673 4339 pet-

222 4338 347 4477 gravi
382 4379 482 4438 usae
519 4373 572 4438 et¹
593 4339 838 4480 'periculosa
869 4337 1183 4477 navigatione,
1224 4376 1381 4438 omnes
1418 4375 1564 4439 tamen
1600 4342 1674 4441 in-

223 4481 415 4580 columes
451 4483 498 4580 in
536 4521 630 4581 eam
667 4521 791 4580 oram
828 4479 1063 4621 Hispaniae
1098 4515 1195 4579 sunt
1238 4483 1475 4622 appulsae,
1510 4520 1674 4619 praeter

222 4623 355 4740 duas,
376 4663 560 4763 quarum
596 4627 727 4726 altera
763 4623 810 4722 in
846 4623 944 4762 ipso
980 4659 1214 4764 conspectu
1252 4663 1400 4762 portus
1437 4627 1672 4725 Genuensis

221 4763 516 4871 viventorum
551 4771 607 4868 ad
643 4765 874 4908 scopulum
909 4765 1027 4866 allisa
1063 4805 1165 4868 cum
1201 4767 1406 4898 jumentis
1443 4803 1484 4869 et
1519 4766 1672 4868 homi-

1602 4947 1673 5008 m*
