4326 5986
575 562 664 664 394
954 551 1039 634 os.
1084 547 1291 633 nesus
1332 541 1553 630 costas

538 725 751 866 „pioque
788 709 904 816 hosti
938 711 1127 834 servire,
1163 748 1298 851 quam
1333 702 1506 808 fortiter
1544 703 1790 847 pugnando
1826 699 2001 824 urbem,

542 863 717 991 „fana‚
753 858 1088 998 libertatemque
1124 854 1269 972 tueri,
1300 852 1420 953 haud
1457 851 1663 992 equidem
1702 845 1832 949 vobis
1870 849 1996 952 obsta·

547 1014 653 1135 „bo
668 1086 683 1129 ,
722 1009 795 1107 sed
831 1003 1029 1146 protinus
1065 996 1174 1100 urbe
1209 997 1462 1117 discedam,
1496 1033 1589 1135 quo
1625 989 1796 1092 facilius
1833 994 1999 1136 cogita-

549 1191 637 1278 „ta
675 1149 877 1293 perficere
914 1144 1119 1247 valeatis.
1156 1143 1229 1248 Sin
1265 1139 1408 1242 adhuc
1438 1147 1484 1241 in
1515 1137 1663 1238 vestris
1693 1136 1850 1238 animis
1877 1140 2003 1279 quid-

550 1379 582 1423 „
601 1338 737 1438 quam
775 1293 930 1393 residet
966 1288 1122 1390 veteris
1157 1295 1377 1420 majorum
1412 1319 1659 1386 vestrorum
1694 1281 1897 1402 virtutis,
1918 1283 2005 1423 qui·

552 1442 680 1566 „bus
709 1440 878 1542 libertas
909 1475 952 1536 et
986 1433 1126 1576 gloria
1160 1432 1253 1572 ipsa
1280 1469 1463 1572 quoque
1495 1428 1588 1528 vita
1615 1425 1753 1528 carior
1780 1420 1899 1550 fuit,
1923 1467 2004 1570 ego

552 1621 764 1707 „vestrae
798 1580 924 1681 saluti
959 1577 1176 1718 vobisque
1211 1569 1581 1676 consentientibus
1617 1569 1741 1670 nullo
1786 1570 1887 1670 loco
1928 1573 2007 1672 de-

553 1807 585 1854 ‚,
601 1725 753 1830 fuero·
797 1731 1023 1826 Postremo
1057 1723 1092 1819 si
1128 1719 1291 1838 vultis,
1323 1753 1373 1818 ut
1407 1717 1525 1816 vitos
1563 1717 1707 1833 decet,
1735 1753 1875 1815 sacrae
1910 1715 2008 1818 reli-

554 1951 587 1994 „
603 1869 781 2011 gionis,
820 1903 862 1966 et
906 1906 999 1968 non
1035 1864 1176 1964 modo
1218 1861 1405 1962 civitatis
1441 1899 1630 1978 vestrae,
1664 1859 1739 1958 sed
1773 1859 1909 1958 totius
1944 1895 2008 1958 et·
2141 1875 2142 1900 ¹

557 2016 691 2135 „iam
737 2006 910 2111 Africae
956 2005 1205 2108 libertatem
1241 2042 1286 2105 et
1329 2006 1508 2106 salutem
1543 2041 1647 2103 cum
1689 2001 1898 2144 dignitate
1932 2003 2010 2102 de·
2141 2069 2142 2078 κ

556 2151 807 2282 „fendere,
848 2151 969 2254 bona
1004 2190 1078 2291 spe
1120 2181 1333 2290 concepta
1376 2187 1450 2250 me
1496 2149 1607 2248 duce
1648 2144 1856 2247 utimini.
1904 2158 2008 2246 Sen-

555 2299 715 2422 „tient
748 2297 890 2399 hostes
924 2334 1027 2397 cum
1062 2334 1143 2394 suo
1177 2287 1360 2394 forsitan
1394 2331 1561 2434 magno
1596 2289 1715 2390 malo
1730 2367 1745 2409 ,
1784 2327 1893 2432 quas
1914 2329 2008 2434 gen·

556 2477 666 2564 „tes
682 2519 697 2562 ,
735 2480 847 2581 quos
884 2441 999 2539 viros
1036 2475 1199 2540 temere
1234 2435 1353 2538 bello
1387 2435 1748 2537 lacessiverint.“

628 2597 685 2689 V.
759 2594 859 2682 Hac
896 2580 1096 2682 oratione
1131 2579 1382 2682 confirmati
1418 2579 1571 2682 animo
1601 2587 1898 2697 Tunetensts,
1916 2617 2010 2680 ma·

557 2765 742 2870 gnoquc
777 2725 886 2825 odio
921 2725 970 2827 in
1004 2725 1212 2826 Carolum
1249 2760 1295 2823 et
1339 2733 1579 2826 Hazenum
1613 2723 1811 2845 incensi,
1848 2762 1928 2866 pro
1960 2723 2008 2824 li-

558 2875 720 2974 bertate
763 2869 1062 3010 religioneque
1104 2867 1173 2968 vel
1207 2867 1325 2970 moti
1360 2909 1404 2968 se
1437 2906 1611 3010 paratos
1645 2907 1768 2985 esse,
1804 2903 1848 2968 et
1873 2867 2008 3007 impe·

559 3014 663 3114 ratis
698 3009 940 3114 Charadini
974 3013 1207 3154 diligenter
1248 3012 1460 3152 parituros
1495 3011 1850 3113 conclamarunt.
1895 3019 2010 3114 Tum

560 3155 832 3258 Charadinus
868 3155 1019 3256 sumtis
1062 3153 1328 3298 spiritibus,
1364 3189 1406 3256 et
1440 3157 1621 3258 meliore
1662 3195 1736 3295 spe
1778 3191 2009 3294 concepta,

560 3339 675 3440 quae
711 3301 806 3400 usui
842 3294 985 3401 forent
1018 3299 1074 3398 ad
1109 3296 1263 3400 urbem
1299 3295 1645 3420 defendendam,
1677 3298 1853 3401 alacrius
1878 3337 1924 3398 at
1951 3297 2010 3398 di·

561 3443 766 3586 ligentius
795 3469 1056 3584 'comparare
1091 3443 1273 3583 pergitt
1313 3443 1633 3584 copiarumque
1672 3440 1783 3543 inita
1816 3443 1981 3542 ratione
1996 3519 2011 3562 ,

560 3629 676 3727 quae
713 3622 1011 3729 pugnatorum
1046 3621 1224 3687 centum
1260 3588 1450 3687 millium
1474 3626 1708 3688 numerum
1734 3584 2012 3706 excedebant,

562 3733 607 3832 T
609 3771 759 3851 orcas,
794 3733 957 3871 quiex
992 3729 1151 3832 Goleta
1185 3732 1390 3871 projectis
1425 3732 1555 3838 armis
1591 3729 1861 3873 effugerant,
1893 3767 1937 3829 et
1961 3731 2013 3830 si·

561 3875 644 4014 qui
679 3874 752 3975 alii
783 3875 965 3978 inermes
1001 3911 1164 3996 erant,
1196 3912 1371 3997 armat,
1402 3912 1445 3975 et
1479 3909 1661 3978 cunctos
1697 3873 1867 3976 blandis
1901 3873 2015 3976 ami-

561 4016 712 4161 cisque
737 4019 880 4122 verbis
911 4055 954 4120 et
981 4018 1187 4160 pollicitis
1213 4018 1476 4122 confirmare
1496 4061 1589 4134 non
1619 4019 1807 4120 desistit..
1842 4031 2012 4140 Quum·

559 4203 650 4305 que
686 4201 839 4263 omnes
875 4201 968 4265 non
1003 4162 1145 4262 solum
1182 4205 1211 4262 o
1246 4164 1425 4303 pidani,
1460 4164 1531 4265 sed
1568 4162 1705 4266 etiam
1737 4163 1899 4264 auxilia
1937 4163 2016 4264 lar·

559 4307 675 4443 giter
710 4347 833 4408 suam
869 4344 1049 4447 operam
1086 4342 1129 4405 et
1164 4203 1363 4408 ellicium
1402 4306 1735 4447 pollicerentur,
1770 4341 1943 4410 tantum
1974 4307 2016 4408 ci

559 4447 748 4551 fiduciae
790 4491 841 4548 ac
886 4451 1058 4591 spiritus
1105 4451 1279 4550 accessit
1318 4488 1370 4550 ut
1410 4489 1502 4550 non
1530 4461 1641 4581 -jam
1686 4456 1920 4590 quomodo
1959 4489 2016 4550 ex

556 4594 689 4694 muris
723 4591 879 4694 urbem
915 4589 1188 4712 defenderet,
1220 4595 1410 4696 solicitus
1447 4629 1554 4694 esset
1581 4597 1742 4734 (quod
1782 4593 1909 4694 tantis
1941 4630 2014 4688 ct>

552 4735 637 4877 piis
671 4739 907 4881 indignum
940 4736 1192 4874 judicabat)
1229 4739 1303 4840 sed
1339 4738 1393 4837 d'e
1428 4729 1553 4840 hoste
1590 4740 1646 4836 ad
1679 4773 1874 4878 pugnam
1908 4771 2013 4876 pro·

553 4885 757 4984 vocando
794 4923 839 4984 et
871 4884 967 5025 pati
1001 4883 1261 4988 conditione
1297 4883 1549 4987 dimicandu
1586 4881 1830 5022 cogitaret.

1924 5029 1995 5126 VI.
