4298 5980
570 423 657 514 262
783 489 786 496 ι
975 437 1060 570 DE
1100 431 1577 520 REBUSGESTIS'

525 597 721 710 Surrenti
763 595 956 723 aderat,
996 637 1102 702 cum
1147 593 1403 729 hujusmodi
1444 583 1667 694 mandatis
1695 582 1874 697 mittit:
1911 591 1997 702 sei

524 791 573 857 re
609 792 652 851 se
664 828 680 871 ,
716 787 851 890 quam
887 677 1039 848 ntitltis¹
1072 777 1117 844 et
1150 739 1378 883 praeclaris
1422 733 1612 860 officiis,
1647 777 1699 838 ae
1740 773 1911 845 strenue
1947 779 1998 847 et

527 891 700 998 fortiter
734 889 858 992 factis
901 890 1096 992 Andreas
1137 887 1278 990 Dotia
1318 883 1588 987 Franciscum
1619 882 1785 987 Galliae
1815 895 1993 1032 Regem

523 1035 833 1160 demeruerit,
878 1075 959 1137 nec
998 1033 1239 1194 ignorare,
1285 1069 1397 1194 pro·
1409 1027 1478 1130 his
1524 1068 1619 1131 non
1672 1029 1819 1132 solum
1861 1035 1988 1138 nullis

523 1179 762 1322 praemiis
763 1219 789 1280 a
824 1190 979 1324 Rege,
1012 1214 1063 1280 ut
1099 1216 1176 1320 par
1213 1211 1333 1297 erat,
1360 1174 1401 1276 ei
1437 1172 1625 1318 gratiam
1661 1215 1750 1276 esse
1785 1176 1986 1301 relatam,

523 1326 599 1426 sed
634 1365 690 1424 ne
727 1324 941 1464 stipendia
976 1323 1161 1467 quidem
1197 1321 1425 1441 militaria,
1462 1359 1576 1462 quae
1610 1357 1740 1462 parce
1776 1357 1823 1423 et
1858 1363 1987 1425 avare

524 1469 879 1612 suppeditentur,
919 1469 1165 1611 persoluta.
1203 1479 1354 1609 Itaque
1396 1505 1479 1566 nec
1525 1504 1691 1566 mirum
1737 1507 1863 1588 esse,
1911 1507 1989 1570 nec

526 1645 696 1756 praeter
733 1653 998 1758 magnorum
1033 1613 1242 1714 virorum
1271 1649 1477 1733 morem,
1503 1611 1551 1712 id
1587 1612 1713 1752 quod
1748 1653 1773 1712 a
1771 1610 1989 1778 quibus

527 1757 632 1858 dam
661 1760 922 1922 accepisset,
945 1762 1152 1859 eumdem
1177 1795 1321 1858 tantae
1347 1755 1519 1857 virtutis
1544 1789 1588 1854 et
1618 1756 1888 1857 auctoritatis
1924 1758 1990 1859 vi

525 1938 625 2004 rum
661 1900 819 2062 iniquo
855 1903 1007 2004 animo
1043 1897 1151 2003 ferre
1190 1943 1233 2002 se
1275 1939 1441 2042 suaque
1488 1938 1652 2042 magna
1687 1895 1830 2000 officia
1871 1939 1989 2002 con-

525 2041 687 2144 temtui
725 2042 1009 2211 ludibrioque
1044 2047 1161 2188 Regi
1204 2080 1247 2145 et
1288 2045 1421 2146 Gallis
1458 2083 1582 2165 esse,
1616 2043 1698 2186 qui
1738 2084 1866 2187 saepe
1911 2085 1985 2146 so

525 2186 640 2288 leant
676 2227 758 2330 pro
795 2192 934 2332 gratia
969 2227 1012 2292 et
1080 2190 1249 2291 raemiis
1284 2188 1461 2321 injurias
1499 2225 1543 2290 et
1576 2189 1869 2290 contumelias
1913 2231 1986 2290 er·
2128 2315 2129 2322 Ν

525 2332 661 2434 ternis
697 2331 953 2438 hominibus
989 2229 1168 2455 relidere,
1205 2373 1396 2474 quomm
1427 2333 1605 2476 egregia
1638 2372 1772 2474 opera
1795 2373 1866 2434 ιιιι
1849 2331 1986 2434 sub·
2128 2339 2129 2362 ¹

525 2475 750 2616 levatique
800 2472 1008 2602 fiterint,
1059 2516 1111 2579 ut
1156 2476 1514 2618 Philippinum
1501 2516 1648 2618 ipsum
1701 2476 1984 2639 classicosque
2128 2583 2129 2590 Ν

526 2614 766 2762 praefectos
801 2653 923 2720 testes
960 2622 1178 2783 optimos
1194 2661 1282 2722 esse
1316 2622 1536 2729 crederets
1568 2660 1706 2763 quam
1740 2619 1981 2764 indignita-

525 2797 619 2864 tem
665 2801 764 2901 qurs
806 2762 987 2864 miretur
999 2764 1201 2927 magnis
1227 2758 1602 2928 fortibusque
1560 2765 1662 2866 viris
1703 2804 1798 2866 non
1846 2759 1986 2866 feren·

524 2908 629 3008 dam
664 2904 835 3007 videri?
870 2947 914 3007 se
950 2905 1118 3050 igitur,
1161 2906 1243 3049 qui
1261 2909 1480 3069 egregiae
1516 2907 1670 3011 virtuti
1705 2906 1892 3011 libenter
1923 2903 1986 3010 fa·

524 3083 656 3170 veat,
689 3049 870 3154 nominc
905 3052 1057 3155 Caroli
1098 3051 1336 3173 Caesaris,
1379 3063 1500 3186 cujus
1545 3052 1639 3194 ipse
1680 3052 1828 3154 vicem
1866 3068 1986 3197 'gerat
2127 3175 2128 3180 Ν

526 3190 579 3296 in
606 3193 747 3316 Italia,
775 3195 1079 3296 conditionem
1103 3193 1277 3316 afferre,
1305 3236 1443 3339 quam
1467 3196 1504 3296 si
1537 3197 1751 3362 acceperit
1776 3200 1985 3315 Andreas,

530 3336 788 3440 multum
757 3373 813 3438 ιιι
848 3374 945 3442 tum
981 3339 1212 3482 dignitati,
1241 3374 1338 3440 tum
1373 3341 1624 3442 commodis
1651 3339 1738 3443 suis
1767 3341 1986 3504 consultu

525 3519 636 3601 rus,
678 3518 729 3583 ut
764 3484 942 3623 quando
978 3482 1134 3584 finis
1118 3522 1210 3617 Jam
1251 3519 1471 3647 appeteret
1515 3494 1606 3617 ejus
1650 3485 1984 3628 temporis,in

529 3625 656 3766 quod
694 3665 736 3726 se
772 3624 857 3725 suis
882 3623 1132 3728 triremibus
1161 3626 1376 3770 stipendia
1401 3627 1566 3728 Gallica
1593 3629 1856 3732 meritumm
1887 3667 1989 3731 cum

525 3779 650 3910 Rege
685 3768 1013 3889 constituisset,
1058 3807 1109 3871 ut
1152 3768 1287 3871 libere
1324 3806 1467 3914 posset
1502 3774 1558 3874 de
1593 3813 1637 3874 se
1686 3773 1863 3916 suisque
1911 3813 1988 3874 na-

527 3912 653 4013 vibus
695 3948 922 4036 statuere,
954 3912 1182 4015 amicitiae
1228 3948 1271 4016 et
1319 3914 1541 4016 clientelae
1592 3917 1742 4020 Caroli
1791 3915 1988 4018 Caesaris
2126 3923 2127 3990 ἶ

527 4094 615 4156 sese
650 4057 875 4177 traderet,
922 4067 1045 4190 cujus
1079 4057 1369 4161 constantiam
1413 4093 1457 4159 et
1497 4061 1760 4204 gravitatem
1809 4099 1988 4162 memo-

529 4236 712 4338 remque
754 4193 1008 4302 officiorum
1048 4201 1248 4305 animum
1288 4237 1468 4323 nosset,
1507 4214 1687 4347 ejusque
1730 4203 1871 4306 fidem
1921 4245 1986 4306 se·

528 4377 735 4503 queretur
768 4379 1015 4486 accepturus
1050 4345 1107 4448 ab
1143 4387 1196 4448 co
1240 4385 1333 4450 non
1367 4346 1510 4449 solum
1522 4359 1716 4513 'majora
1751 4384 1795 4453 et
1824 4350 1984 4449 certio-

532 4483 863 4658 mstipmdia,
898 4490 972 4590 sed
1011 4529 1227 4633 magnum
1271 4490 1410 4592 etiam
1446 4493 1666 4594 amicitiae
1706 4493 1988 4638 praemium,

532 4631 708 4768 quod
693 4671 785 4762 jam
820 4629 913 4771 ipse
948 4630 1179 4795 definiret,
1215 4634 1516 4776 Principatum
1550 4637 1760 4740 scilicet
1747 4677 1794 4739 tn
1826 4647 1987 4794 Regno

530 4775 862 4919 Neapolitano,
891 4815 973 4922 qua
956 4776 1250 4882 redderet
1238 4815 1288 4882 ιιι
1319 4817 1457 4884 armos
1486 4781 1726 4885 ιιιίιιίιιιιιιιι
1755 4813 1860 4884 octo
1887 4774 1990 5019 mltl1²
