4294 5972
515 391 518 398 ’
586 416 834 504 canorr
875 417 930 504 v.
970 421 1080 504 arn.
1128 426 1202 506 xr.
1516 405 1607 523 3⁶7
1746 498 1748 504 ,

179 575 375 722 periculo
409 573 644 698 calonum,
682 618 733 678 ac
769 579 988 681 interdum
1026 578 1252 703 militum,
1283 581 1547 722 praedandi,
1575 625 1651 696 aut

180 757 285 825 uvas
328 758 371 822 et
421 719 527 821 ficus
573 761 624 822 ex
671 718 900 826 arboribus
942 725 1123 863 petendi
1164 723 1304 864 gratia
1353 729 1539 852 castris,
1579 735 1652 836 vel

179 862 410 969 ordinibus
454 863 792 970 excedentium.
849 867 1080 1008 Equestria
1130 903 1266 1007 parva
1307 873 1545 974 certamina
1590 877 1652 978 ob

179 1008 268 1113 hoc
306 1007 448 1109 hostes
487 1012 814 1112 incunctantius
850 1008 1067 1132 inibant,
1096 1045 1140 1110 et
1176 1017 1278 1110 c'um
1316 1011 1481 1115 leviore
1518 1027 1656 1152 jactu·
1768 1063 1771 1068 ·

181 1192 229 1254 ra
264 1143 521 1274 faciebant,
563 1155 780 1297 quoniam
827 1155 911 1296 ipsi
953 1155 1073 1254 nulla
1122 1193 1280 1295 corpus
1323 1194 1544 1260 armatura
1588 1200 1654 1266 te-

181 1333 313 1440 gente
351 1335 596 1440 numquam
632 1335 887 1401 nosttorum
920 1297 1124 1439 equitum
1155 1294 1541 1437 'cataphractorum
1577 1305 1655 1406 im·
1717 1437 1718 1442 Ν

182 1478 336 1581 petum
376 1440 709 1583 exspectabant.
747 1456 865 1545 Cum
900 1440 1050 1542 ceteris
1086 1475 1234 1543 autem
1277 1441 1534 1584 equitibus,
1573 1449 1656 1590 qui

184 1585 323 1688 levius
360 1621 480 1687 erant
518 1587 676 1687 armari
713 1587 847 1730 longe
890 1585 1050 1728 impari
1087 1623 1271 1686 numero
1309 1621 1355 1686 et
1394 1591 1654 1692 conditione

188 1727 626 1872 congrediebantur,
666 1730 835 1872 quippe
880 1767 1044 1871 paucos
1081 1764 1336 1831 nostrorum
1379 1769 1548 1872 semper
1592 1735 1656 1836 illi

186 1872 319 2016 longe
368 1873 509 2011 plures
559 1871 909 1992 adoriebantur,
968 1869 1097 1972 hastis
1149 1910 1330 2013 quoque
1382 1877 1655 2015 superiores,

186 2051 293 2154 quas
330 2011 459 2115 binas
499 2016 698 2156 plerique
736 2014 1000 2116 Nomadum
1036 2011 1295 2155 gestabant,
1330 2014 1511 2118 alteram
1547 2019 1657 2122 mis·-

186 2159 346 2276 silem,
390 2195 527 2297 quam
573 2191 793 2258 certamen
839 2157 1037 2258 ineuntes
1082 2156 1129 2254 in
1172 2151 1347 2255 hostem
1391 2191 1464 2258 aut
1515 2158 1654 2264 hostis

186 2339 358 2440 equum
396 2298 784 2440 contorquebant,
820 2299 999 2398 alteram
1038 2294 1300 2398 incredibilis
1337 2299 1656 2440 longitudinis,

187 2444 330 2584 vulgo
381 2442 560 2584 triginta
602 2439 788 2584 pedibus
837 2442 1180 2582 proceriorem,
1238 2441 1463 2542 interdum
1522 2449 1656 2548 etiarn

188 2586 484 2726 quadraginta
525 2589 871 2726 complentem,
908 2623 996 2725 qua
1040 2583 1143 2682 scite
1186 2582 1341 2684 librata
1383 2621 1476 2685 tarn
1520 2587 1656 2690 vehe-

93 2733 97 2740 '
186 2763 384 2828 mentem
421 2728 560 2827 ictum
599 2728 899 2847 incutiebant,
936 2762 987 2827 ut
1024 2764 1100 2867 per
1135 2720 1289 2827 ferreas
1324 2763 1563 2832 armaturae
1602 2733 1655 2831 la-

190 2868 335 2970 minas
371 2870 419 2970 in
448 2909 637 3011 corpora
673 2908 925 2972 nostrorum
954 2870 1155 3010 equitum
1191 2869 1447 3010 adigerent,
1476 2872 1558 3012 qui
1583 2875 1658 2976 du·

189 3011 269 3150 plo
308 3010 581 3115 brevioribus
618 3012 941 3156 subtilibusque
977 3014 1132 3114 lanceis
1169 3012 1396 3112 utebantur
1432 3017 1657 3156 Hispano-

187 3190 290 3255 rum
338 3157 476 3257 veteri
513 3159 639 3278 ritu,
683 3197 818 3300 quem
854 3157 1000 3297 vulgo
1042 3166 1220 3256 Cinaram
1262 3153 1447 3275 dicunt,
1487 3160 1656 3299 praeliis

189 3292 354 3398 horum
392 3333 648 3440 temporum
677 3341 768 3403 non
793 3301 975 3445 perinde
1000 3298 1322 3400 accomodato.
1359 3311 1532 3440 Corpus
1553 3299 1656 3403 tho·

189 3475 289 3538 race
330 3475 489 3582 tegunt
524 3483 574 3542 ex
610 3444 779 3545 laminis
822 3441 969 3545 ferreis
1011 3474 1286 3582 compacto,
1324 3439 1475 3583 gladiis
1516 3479 1653 3545 utun-

186 3614 299 3700 tur,
339 3619 382 3682 et
428 3581 703 3686 brevioribus
746 3627 795 3688 ac
838 3583 1041 3688 tenuibus
1083 3583 1242 3686 hastis.
1295 3584 1486 3685 Insident
1528 3627 1648 3727 equo

186 3727 421 3827 contractis
456 3726 695 3852 cruribus,
730 3770 823 3872 quo
859 3728 1015 3832 habitu
1050 3728 1150 3830 licet
1177 3727 1323 3869 aptior
1353 3727 1408 3825 sit
1431 3767 1560 3867 eques
1591 3732 1648 3830 ad

185 3868 508 3998 jaculandum,
548 3875 628 4015 qui
672 3891 836 3977 erectus
885 3874 933 3975 in
975 3875 1106 4014 pedes
1149 3869 1430 3970 vehementer
1479 3869 1648 3976 hastam
1764 3967 1772 3982 .

94 4039 97 4047 ‘
184 4046 484 4155 contorquet,
510 4053 573 4116 est
608 4056 758 4120 tamen
787 4057 835 4123 ut
871 4020 927 4118 ad
957 4013 1130 4115 hostem
1155 4052 1274 4153 equo
1304 4010 1648 4135 deturbandum,

186 4152 247 4252 sic
282 4157 338 4255 ad
373 4156 579 4260 hostilem
616 4161 679 4261 im
712 4197 831 4266 etum
869 4159 1168 4260 sustinendum
1205 4154 1432 4257 infirmus.
1470 4158 1556 4257 His
1589 4160 1649 4258 le-

219 4295 399 4400 itimum
426 4340 488 4406 est
515 4343 606 4405 non
631 4202 796 4406 iniestis
822 4304 954 4407 hastis
989 4299 1372 4442 cataphractorum
1399 4339 1519 4402 more
1545 4340 1648 4403 curn

183 4335 313 4542 hoste
349 4483 609 4548 concurrere
629 4525 644 4568 ‚
664 4451 739 4548 sed
770 4487 846 4591 per
883 4445 1161 4548 occasionem
1186 4483 1303 4544 nunc
1332 4447 1501 4586 agredi,
1529 4485 1649 4546 nunc

188 4586 389 4689 consulto
415 4593 586 4713 cedere,
614 4630 842 4734 rursusque
868 4587 1021 4694 invehi
1045 4623 1087 4691 et
1113 4587 1242 4689 variis
1266 4587 1448 4692 flexibus
1475 4587 1649 4688 hostem

189 4721 316 4831 ferite
345 4733 416 4834 vel
441 4736 639 4848 eluderes
674 4739 730 4839 ad
759 4737 886 4879 quod
918 4772 1056 4878 equos
1086 4728 1251 4836 habent
1282 4730 1396 4836 mira
1430 4731 1647 4835 celeritate

187 4903 385 5010 patentes
406 4955 417 4981 .

1365 5013 1368 5020 ’
1471 5022 1644 5120 ΧΧΧΙ.
