4298 5980
468 360 471 365 ¹
513 433 764 518 ctxotr
805 430 861 510 v.
903 429 1017 511 tte.
1060 425 1170 512 ιιι.
1482 444 1570 542 ²39

151 687 182 736 ,‚
197 601 308 712 mihi
350 594 556 704 Madritii
597 589 773 695 foedere
816 588 1005 712 dedisti,
1052 630 1097 695 te
1145 593 1192 694 in
1232 631 1379 696 meam
1420 633 1617 740 potesta-

149 833 178 882 „
194 790 318 872 tem,
354 782 405 848 ut
439 779 594 844 meum
628 738 861 884 captivum
894 747 1015 874 justo
1050 739 1166 841 bello
1200 777 1417 882 captum,
1453 745 1617 852 reditu-

146 977 179 1026 „
193 936 332 1014 rum,
368 887 453 992 nisi
496 885 706 990 liberatus
745 923 876 1032 pacta
926 883 1295 1029 conditionesque
1334 885 1512 993 foedere
1548 935 1620 996 ac-

146 1124 179 1169 „
195 1075 345 1183 ceptas
378 1029 649 1178 perfecisses,
688 1066 743 1134 ur
783 1031 1000 1174 scriptura
1037 1031 1220 1174 publica
1260 1065 1423 1176 tuaque
1464 1073 1620 1143 manus

148 1182 461 1312 „testimonio
495 1217 591 1282 est.
614 1185 699 1280 Me
732 1215 842 1278 uero
879 1184 1080 1309 jactasse,
1110 1214 1154 1280 te
1180 1214 1332 1279 contra
1367 1177 1504 1282 fidem
1538 1184 1621 1285 da-

147 1411 180 1455 „
197 1366 293 1440 tam
328 1371 381 1429 ex
415 1325 616 1428 custodia
649 1316 933 1462 profisgisse,
971 1324 1336 1427 commentitium
1382 1362 1483 1436 estt
1525 1365 1622 1432 non

147 1513 285 1616 „ego
319 1465 370 1572 in
402 1467 495 1570 hoc
527 1505 655 1568 tuam
681 1463 916 1607 perfidiam
943 1507 1036 1569 esse
1057 1469 1182 1590 dico,
1213 1471 1287 1570 sed
1316 1470 1364 1571 in
1390 1499 1469 1591 eo,
1494 1475 1622 1615 quod

147 1698 179 1742 „
192 1613 353 1719 foedus
389 1653 484 1716 non
516 1651 694 1731 servas,
727 1645 773 1711 et
807 1613 1115 1747 jusjurandum
1147 1609 1276 1734 fallis,
1305 1615 1355 1715 in
1390 1653 1485 1756 quo
1520 1618 1622 1718 nul·
1756 1713 1760 1720 .

147 1761 241 1885 „la
284 1795 349 1862 est
392 1755 663 1860 necessitatis
705 1755 954 1857 excusatio:
1001 1795 1140 1897 quam
1181 1757 1303 1858 enim
1348 1759 1535 1901 quisque
1571 1759 1620 1863 fi·

149 1985 182 2028 „
198 1905 305 2004 dem
340 1901 462 2002 hosti
496 1899 666 2002 dederit
698 1898 977 2040 temporibus
1010 1901 1246 2022 adductus,
1272 1899 1385 2003 hanc
1420 1940 1471 2004 ut
1507 1943 1623 2044 prac-

150 2129 182 2172 ,‚
200 2084 306 2166 stet,
329 2056 400 2178 jus
433 2045 639 2187 gentium
674 2083 765 2142 esse
799 2077 997 2161 constat,
1020 2078 1066 2141 et
1099 2041 1349 2182 proborum
1382 2043 1623 2156 hominum

123 2273 184 2316 „‚
202 2190 599 2308 consuetudinem,
638 2225 731 2328 qua
764 2183 930 2286 sublata
974 2186 1143 2285 tollitur
1189 2188 1304 2290 ratio
1341 2187 1455 2288 bella
1490 2191 1625 2294 semel

152 2333 395 2460 „conflata
434 2332 528 2434 sine
567 2369 744 2433 summa
793 2327 1035 2431 hominum
1082 2329 1277 2472 pernicie
1328 2331 1624 2438 dissolvendi.

151 2479 348 2603 „Quod
381 2516 490 2580 vero
524 2474 620 2597 ais,
654 2474 692 2574 si
727 2509 774 2573 te
807 2475 909 2575 dico
924 2551 942 2596 ,
975 2509 1050 2575 aut
1092 2475 1248 2575 dixero
1297 2473 1434 2576 fidem
1475 2479 1626 2584 datam

154 2703 184 2746 ,‚
200 2622 419 2741 violasse,
453 2655 531 2720 aut
565 2653 794 2720 contemta
828 2613 945 2719 fama
981 2617 1233 2760 quidquam
1267 2612 1453 2739 fecisse,
1499 2625 1626 2763 quod

151 2844 183 2889 „
200 2765 355 2867 virum
388 2764 590 2867 nobilem
614 2799 659 2864 et
683 2761 830 2864 bonae
864 2760 1008 2863 famae
1045 2763 1291 2866 studiosum
1326 2804 1422 2865 non
1456 2759 1626 2888 deccat,

152 2989 183 3035 „
199 2951 279 3013 me
313 2908 506 3053 turpiter
547 2907 762 3028 mentiri,
803 2941 849 3009 et
882 2906 1059 3050 quoties
1095 2906 1269 3026 dixero,
1304 2907 1625 3011 mentiturum:

152 3137 183 3180 ‚,
198 3097 332 3200 ego,
373 3093 512 3196 quarn
554 3053 614 3155 sis
651 3051 803 3155 ceteris
847 3091 899 3153 tn
937 3048 1108 3172 rebus,
1152 3091 1271 3194 quae
1311 3056 1368 3155 ad
1409 3091 1482 3154 me
1530 3093 1626 3156 non

153 3280 185 3324 „
199 3199 461 3342 pertinent,
501 3195 611 3299 boni
655 3194 854 3298 nominis
904 3196 1124 3299 studiosus
1175 3235 1220 3300 et
1265 3193 1405 3301 officii
1447 3198 1625 3321 cultor,

155 3423 187 3468 „
204 3385 299 3448 non
334 3341 516 3450 labor03
548 3340 660 3442 illud
695 3343 805 3444 citra
840 3341 1126 3446 mendacium
1160 3337 1360 3464 affirmo,
1397 3379 1463 3463 te,
1500 3345 1626 3485 quod

157 3567 191 3612 „
210 3487 384 3611 fidem,
419 3525 559 3631 quam
594 3485 710 3586 mihi
751 3486 957 3588 Madritii
998 3521 1094 3588 tum
1136 3486 1313 3627 publice
1355 3488 1626 3631 palamque,

155 3707 191 3760 „
205 3667 304 3734 tum
322 3633 548 3879 fprivatim
582 3629 900 3774 separatimque
946 3632 1132 3751 dedisti,
1175 3629 1335 3754 fallas,
1379 3635 1504 3775 quod
1542 3669 1626 3770 pa-

159 3857 191 3899 „
207 3813 276 3879 cta
342 3780 591 3921 oederaque
639 3813 684 3878 et
732 3775 1035 3909 jusjurandum
1074 3776 1243 3896 violes,
1292 3812 1333 3879 te
1381 3815 1459 3879 nec
1513 3771 1628 3884 boni.

167 3996 198 4040 ‚,
212 3922 330 4042 viti,
365 3965 450 4025 nec
489 3920 692 4068 generosi
734 3960 917 4023 munere
962 3917 1130 4065 fungis
1171 3918 1260 4021 hoc
1303 3919 1339 4020 si
1382 3957 1431 4022 tu
1473 3955 1626 4023 verum

153 4127 195 4184 ·„
210 4103 297 4165 esse
332 4068 544 4211 negabis,
592 4068 803 4211 scriptura
840 4065 1049 4208 publica,
1085 4101 1250 4206 tuaque
1298 4102 1434 4167 manu
1475 4064 1628 4163 redar-¹

156 4285 194 4332 „
209 4246 370 4348 guente
410 4251 504 4313 non
545 4253 665 4356 ego,
708 4249 835 4314 tuam
874 4210 1165 4332 illiberalem,
1211 4208 1377 4351 vixque
1423 4206 1629 4352 gregario

163 4354 354 4476 „milite
389 4355 573 4497 dignam
609 4358 858 4460 orationem
881 4356 1127 4475 imitatus,
1176 4389 1221 4454 te
1271 4351 1457 4498 turpiter
1498 4391 1629 4456 men·

162 4498 286 4620 „tiri
322 4499 489 4606 dicams
508 4499 821 4643 quamquam:
838 4501 958 4627 hoc,
994 4541 1068 4603 me
1103 4534 1299 4630 tacente,
1335 4539 1398 4602 tes
1434 4499 1529 4650 ipsa
1564 4497 1631 4596 lo

165 4643 370 4784 „quitur
393 4643 419 4764 ‚⁷
455 4679 683 4780 tuumque:
708 4643 821 4744 ‚tibia
841 4644 1030 4748 facturn.
1054 4645 1294 4788 plurimum
1335 4645 1391 4748 ab
1412 4640 1632 4752 :oratione

168 4787 462 4931 „discrepans
499 4818 645 4928 aperte
680 4783 818 4882 dicit:
844 4789 1067 4925 profiteor
1103 4825 1283 4908 tamen,
1319 4787 1425 4908 md,
1468 4820 1518 4886 ut
1554 4823 1633 4884 ce*

149 4939 419 5052 ,tororum
463 4928 829 5039 Christianorum·
866 4931 1081 5074 sanguini
1104 4938 1311 5076 parcatur
1323 5009 1341 5058 ,
1390 4966 1536 5036 tecum
1578 4924 1637 5026 de

171 5123 187 5132 ”
1512 5145 1547 5202 t>
1563 5109 1638 5176 Vc·
