4284 5982
552 401 878 484 TESTIMONIA
911 402 978 482 ET
1007 404 1217 490 ELOGIA.
1536 423 1583 503 19

167 528 289 638 prucis
311 529 439 614 studiis
463 531 608 626 clatus,
634 533 736 634 quod
759 535 923 614 eruditae
948 531 1025 632 ejus
1044 537 1315 618 lucubrationes
1343 537 1459 620 editae
1485 562 1620 621 testan-

170 661 254 730 tur,
279 637 343 716 sed
367 637 546 717 obnoxius
562 691 573 732 ,
588 659 625 716 ct
640 661 864 740 quamquam
878 637 1121 744 Theologlam
1137 641 1341 740 professus,
1358 649 1405 722 ab
1422 646 1620 724 humanio-

168 767 207 818 re
239 745 451 836 seuteutia,
482 767 575 844 quae
603 740 840 844 Theologum
865 745 983 846 magis
1010 745 1188 838 decebat,
1212 750 1363 827 alicnus.
1407 751 1506 827 Nam
1533 775 1622 830 cum

166 843 291 922 Barth.
307 847 426 940 Casa,
453 847 521 944 qui
535 844 670 925 Carolo
685 847 732 924 V.
747 845 893 926 Caesari
912 872 936 924 a
955 849 1065 926 sacris
1090 849 1377 930 confessionibus
1392 875 1493 947 erat,
1522 854 1618 954 apud

167 973 254 1026 eum
289 970 373 1028 ante
398 949 537 1028 XVlll.
575 972 686 1028 annos
710 947 755 1024 dc
778 951 1024 1051 Hispanorum
1049 953 1171 1032 Indias
1205 955 1250 1031 ad
1278 956 1522 1036 Occidentem
1552 982 1616 1036 va-

164 1054 340 1130 stantium
372 1053 553 1144 avariria‚
581 1052 796 1132 crudelitate
823 1076 861 1132 et
891 1054 1041 1132 libidine
1067 1077 1287 1158 conquestus
1309 1081 1426 1155 esset,
1453 1063 1618 1161 tantique

165 1155 345 1255 Principis
360 1157 528 1234 mandato
555 1154 600 1233 de
624 1179 662 1233 re
685 1175 764 1234 tora
787 1159 921 1238 certius
948 1181 1071 1236 coram
1097 1163 1312 1264 cogniturus
1335 1164 1374 1240 in
1397 1165 1514 1242 Indias
1542 1187 1617 1242 tra-

164 1256 332 1358 jecisset,
362 1279 400 1337 et
424 1281 587 1340 reversus
614 1258 722 1336 dictis
749 1256 885 1359 majora
909 1261 1045 1340 vidisse
1070 1287 1109 1340 se
1136 1285 1286 1343 testatus
1303 1268 1443 1347 Pintiae
1466 1271 1506 1345 in
1522 1261 1637 1346 con-⁴

164 1363 254 1443 cilio
281 1365 458 1456 instaret,
490 1386 530 1440 ut
556 1361 687 1440 'modus
724 1365 877 1442 immani
907 1365 1070 1444 liceuriae
1103 1387 1326 1464 poneretur:
1357 1369 1496 1470 alioqui
1529 1369 1619 1463 fore,

167 1488 210 1544 ut
237 1467 341 1546 Deus
363 1493 405 1546 ca
426 1467 650 1544 immanitate
673 1468 835 1544 irritatus
858 1469 1013 1570 imperio
1048 1469 1233 1550 Indiarum
1253 1473 1432 1572 Himanos
1459 1495 1621 1566 exuerer,

165 1591 203 1649 et
226 1593 358 1670 coepta
388 1570 505 1651 divini
532 1570 636 1650 verbi
655 1573 903 1676 promulgatio
927 1573 999 1650 illis
1023 1573 1114 1652 locis
1128 1627 1138 1668 ,
1153 1600 1248 1678 quae
1276 1601 1383 1654 causa
1407 1575 1497 1676 ,jusu
1526 1603 1618 1654 con-

165 1695 225 1752 tra
249 1675 355 1754 ludos
384 1675 534 1780 gerendi
571 1673 653 1752 belli
692 1673 990 1768 obtendebatur,
1019 1679 1169 1756 minime
1211 1677 1455 1780 procederet:
1486 1683 1619 1779 reperti

169 1799 255 1856 sunt
280 1800 422 1871 tamen,
449 1781 517 1881 qui
540 1780 681 1856 lucrum
708 1803 751 1856 ex
778 1803 820 1856 ea
844 1781 1059 1884 intemperie
1086 1801 1270 1883 captantes
1296 1780 1437 1862 factum
1466 1809 1616 1862 excusa-

169 1903 276 1961 rent:
308 1907 468 1984 quorum
505 1883 650 1961 causam
687 1881 856 1960 ruendam
885 1881 1087 1983 Sepuiveda
1126 1887 1312 1985 suscepit,
1340 1906 1377 1963 er
1400 1909 1464 1985 per
1490 1887 1615 1968 divina

167 2005 205 2063 er
242 1983 400 2066 humana
426 1985 507 2084 iura
530 1985 728 2086 Hispanis,
759 1985 861 2087 quod
886 1985 1071 2079 facerent,
1097 1985 1206 2067 licere
1233 1987 1352 2082 dixit,
1385 1990 1522 2090 quippe
1549 1992 1618 2091 qul

167 2091 208 2167 iu
236 2087 335 2167 bello
362 2109 488 2192 captos
528 2109 715 2190 tamquam
753 2111 873 2168 servos
906 2090 993 2169 belli
1021 2088 1101 2189 jure
1132 2112 1344 2170 urerentur:
1372 2093 1485 2192 idque
1516 2094 1616 2172 libro

167 2195 381 2294 complexus
405 2213 486 2288 est,
515 2218 625 2296 quem
653 2215 740 2271 cum
766 2191 872 2274 edere
897 2195 1000 2272 omni
1034 2194 1171 2271 ratione
1204 2217 1383 2298 cuperet,
1414 2198 1615 2275 intercessit

167 2297 288 2390 Casa,
310 2317 347 2376 er
362 2299 586 2401 Segoviensis
610 2297 820 2396 Episcopus.
851 2299 978 2400 Itaque
1013 2301 1204 2400 negotium
1235 2320 1361 2376 rursus
1390 2301 1429 2374 in
1464 2299 1616 2379 diversis

166 2400 366 2500 Hispaniae
377 2402 600 2481 consessibus
626 2402 803 2504 agitatum
825 2397 923 2494 fuit,
949 2399 1171 2502 tandemque
1195 2401 1409 2495 decretum,
1434 2421 1476 2478 ut
1499 2425 1614 2505 quan·

167 2501 217 2580 do
239 2527 295 2584 res
323 2504 369 2584 ad
399 2506 655 2585 conscientiam
682 2507 904 2605 pertineret,
920 2503 1198 2606 Theologorum
1211 2525 1319 2606 super
1347 2529 1390 2581 ca
1417 2507 1615 2585 sententiae

166 2608 516 2706 exquirerentur.1d
538 2629 662 2686 actum
684 2633 779 2688 anno
808 2605 918 2706 hujus
954 2609 1086 2688 saeculi
1116 2607 1267 2687 XLVII.
1296 2606 1505 2686 Secundum
1540 2607 1614 2688 hoc

163 2710 357 2811 Compluti
376 2731 418 2790 et
439 2711 674 2790 salmanticae
699 2711 856 2790 consulti
871 2710 1087 2815 Theologi,
1110 2729 1191 2810 post
1216 2715 1339 2815 longas
1364 2711 1613 2791 altercationes

162 2836 409 2908 censuerunt,
436 2839 457 2893 e
480 2839 520 2894 re
542 2808 738 2895 christiana
762 2839 863 2908 esse,
892 2836 934 2893 ut
960 2816 1054 2894 liber
1078 2813 1300 2914 Sepulvedae
1325 2839 1517 2916 tamquam
1547 2815 1613 2893 do-

164 2919 285 2996 ctrina
311 2919 429 2998 minus
450 2937 537 2998 sana
563 2917 716 2997 refertus
745 2943 817 2996 non
848 2919 1040 2998 ederetur:
1073 2941 1193 3018 neque
1220 2938 1410 3018 propterea
1434 2919 1614 3020 Sepuive·

164 3019 211 3100 da
234 3023 405 3124 quievit,
429 3021 492 3100 sed
506 3024 662 3100 Romam
684 3021 731 3100 ad
751 3025 887 3101 amicos
901 3043 986 3100 eum
1012 3023 1136 3113 misit,
1167 3038 1209 3098 ur
1235 3020 1490 3122 publicaretur.
1508 3023 1609 3100 Cum

162 3148 288 3203 rursus
315 3127 448 3206 Caesar
478 3148 543 3226 per
576 3143 735 3204 oratores
770 3149 854 3203 suos
882 3125 922 3202 id
955 3123 1225 3224 prohibuisset,
1252 3141 1288 3202 er
1311 3123 1458 3202 interim
1487 3127 1610 3204 omnia

162 3229 380 3330 exemplaria
403 3231 442 3305 in
475 3231 648 3328 Hispania
675 3249 816 3329 reperta
847 3230 1024 3332 supprimi
1053 3247 1212 3308 curasset
1227 3251 1249 3334 ⁴s
1278 3226 1518 3306 nihilominus
1546 3229 1613 3306 Sc·

163 3332 320 3434 pulveda
344 3334 383 3408 in
413 3333 607 3432 pertinacia
647 3348 873 3434 perseverans
899 3385 913 3426 ,
942 3351 980 3411 et
1002 3353 1108 3431 turpe
1142 3331 1243 3409 vinci
1272 3332 1476 3410 existimaus
1492 3385 1504 3420 ,
1521 3355 1610 3410 cum

162 3439 261 3516 Casa
282 3457 319 3513 et
341 3437 549 3536 Segovieusi
565 3438 744 3538 Episcopo
764 3436 913 3538 publica
934 3432 1204 3515 concertatione
1225 3435 1409 3512 committi
1433 3435 1526 3538 petit
1543 3487 1554 3527 ,
1574 3453 1612 3510 et

162 3541 340 3620 obtinuit.
368 3541 468 3616 Nam
491 3541 646 3618 triennio
669 3562 750 3641 post
772 3539 920 3640 publica
944 3539 1142 3641 disputatio
1160 3537 1328 3616 instituta
1352 3559 1432 3629 cst,
1455 3539 1518 3620 cui
1533 3540 1613 3614 Do·

163 3644 323 3724 minicus
345 3667 366 3720 a
388 3641 502 3737 Soto,
532 3648 654 3746 magni
684 3645 838 3721 nominis
859 3643 1098 3746 Theologus,
1127 3659 1166 3719 et
1187 3641 1332 3720 Caesari
1361 3643 1432 3741 ipsi
1458 3665 1479 3718 a
1502 3639 1612 3716 sacris

163 3744 478 3840 confessionibus,
504 3745 694 3824 interfuit:
725 3749 829 3850 isque
869 3747 987 3824 exitus
1026 3747 1178 3825 actionis
1219 3743 1326 3835 fuit,
1357 3763 1428 3834 ur,
1455 3743 1607 3842 Caesare

162 3846 245 3932 aliis
273 3849 375 3927 bellis
399 3868 605 3952 occupato,
633 3852 756 3951 potius
784 3852 977 3951 permissa,
1004 3871 1116 3953 quam
1141 3847 1340 3951 approbata
1365 3847 1610 3949 Hispanorum

162 3955 207 4034 iu
233 3954 346 4032 Iudiis
367 3953 550 4055 grassandi
579 3955 724 4036 licentia
750 3952 875 4035 fuerit.

217 4159 449 4240 DIDACUS
476 4161 854 4244 COVARRUVIAS
880 4160 918 4240 A
940 4157 1119 4240 LEYVA
1155 4170 1242 4235 tom.
1269 4179 1304 4237 2.
1332 4175 1433 4256 oper.
1459 4160 1611 4234 variar.

164 4263 416 4344 resoluunt.
446 4287 479 4344 r.
505 4285 590 4361 cap.
616 4291 650 4344 2.
682 4293 776 4346 uum.
806 4288 841 4367 3.
871 4269 911 4339 r'u
927 4263 999 4363 fin.

247 4365 390 4443 Deinde
411 4366 508 4464 apud
535 4368 704 4447 eumdem
728 4389 915 4447 auctorem
938 4365 1148 4469 (Vasaeum
1172 4359 1335 4466 nempe)
1360 4363 1434 4464 legi
1454 4359 1613 4464 diligen-

162 4470 340 4548 tissimam
365 4465 435 4547 hac
466 4469 512 4547 de
548 4494 588 4549 re
612 4473 706 4552 Gen.
734 4468 956 4570 Sepulvedae
985 4469 1270 4547 annotationem.
1297 4467 1443 4545 Etenim
1470 4468 1501 4543 Is
1526 4489 1612 4546 cen·
1694 4479 1698 4488 '

162 4592 245 4664 set,
271 4572 468 4652 dictionem
499 4575 603 4651 istam
631 4576 774 4653 AERA
800 4599 822 4652 a
851 4573 1035 4651 veteribus
1076 4571 1372 4672 inscriptionibus
1409 4569 1603 4648 deductam

167 4675 305 4767 fuisse,
334 4675 470 4777 quibus
492 4679 576 4753 anni
605 4677 651 4757 ab
674 4680 847 4780 Augusto
870 4677 1023 4755 Caesare
1050 4675 1103 4751 ira
1130 4679 1326 4754 memoriae
1354 4672 1603 4751 tradebantur:

170 4783 272 4854 Aera
300 4767 625 4875 Caesarianum,
655 4784 837 4881 inquam,
872 4795 951 4858 erat
975 4779 1141 4878 Augusti
1169 4777 1346 4857 Caesaris.
1382 4779 1485 4854 Hauc
1521 4799 1611 4855 vero

168 4878 415 4978 conjecturam
451 4884 559 4961 multi
596 4883 744 4984 quidem
779 4882 934 4961 facimus
965 4901 1115 4982 propter
1146 4882 1220 4960 viri
1250 4883 1375 4958 multis
1403 4881 1611 4956 nominibus

172 4985 209 5062 in
240 5009 279 5061 re
306 4985 477 5064 litteraria
509 4988 658 5070 illustris
684 4989 960 5065 auctoritatem:
986 4982 1109 5084 potius
1135 5003 1254 5062 tamen
1279 4983 1473 5083 probamus
1493 4983 1611 5058 Acrae

175 5085 503 5190 significationem,
530 5115 625 5192 quae
652 5090 698 5175 ad
726 5113 919 5172 numerum
956 5109 1134 5164 annorum
1163 5109 1214 5166 ex·
1234 5085 1382 5166 Lucilio
1411 5109 1454 5162 ac
1484 5082 1611 5159 Nonio

178 5191 359 5270 Marcello
389 5213 541 5272 constat.
948 5186 1084 5274 illiba
1210 5237 1216 5244 -
1448 5182 1584 5270 Gont-
