4326 5986
586 556 838 639 ennom
880 555 934 638 V.
976 557 1090 638 LIB.
1130 559 1243 639 xm.
1525 571 1612 665 393

180 719 287 843 „ad
322 712 598 821 deditionem
622 714 872 856 compulsos
907 714 1077 816 saniora
1114 716 1185 817 vel
1203 713 1381 818 mitiora
1407 757 1646 862 exspectare

178 863 286 990 „ab
316 863 443 966 hoste
462 861 746 982 Christiano,
762 859 842 1002 qui
876 892 995 960 tanta
1021 860 1274 962 crudelitate
1297 899 1434 1003 nuper
1463 865 1511 968 in
1531 869 1642 974 olim

178 1043 404 1156 „pacatos
425 1008 547 1110 nullo
572 1007 770 1149 ipsorum
795 1006 957 1105 merito
972 1006 1183 1107 desaevit?
1207 1015 1328 1107 Nam
1348 1008 1642 1150 quamobrem

176 1231 209 1277 ‚‚
225 1156 413 1297 putatis,
447 1164 681 1255 Hazenum
716 1148 935 1292 perfidum
970 1189 1021 1251 ae
1056 1151 1270 1294 ignavum
1300 1149 1569 1298 transfugam
1594 1159 1641 1260 in

176 1299 468 1419 „amicitiam
510 1296 659 1400 Caroli
700 1294 974 1434 pervenisse,
1023 1295 1109 1398 nisi
1150 1298 1275 1438 quod
1312 1297 1359 1398 in
1402 1309 1491 1432 ejus
1535 1339 1638 1445 gra-

174 1439 330 1566 ‚,'tiam
363 1483 527 1546 sacram
562 1441 821 1584 religionem
855 1476 1049 1542 nostram
1084 1442 1315 1544 detestatus
1350 1483 1394 1544 se
1423 1443 1639 1550 Christia-

174 1663 206 1709 ,‚
225 1627 307 1689 nae
342 1625 600 1692 sectatorem
631 1580 845 1728 professus
878 1581 997 1686 hosti
1021 1626 1064 1685 se
1094 1625 1277 1729 suasque
1303 1587 1351 1688 in
1383 1625 1637 1730 perpetuam

174 1808 207 1855 ,‚
222 1734 479 1836 servitutem
514 1731 709 1834 addixit?
746 1742 930 1855 Quare,
964 1729 1000 1831 si
1035 1729 1314 1856 libertatem,
1349 1732 1385 1831 si
1421 1733 1635 1859 salutem,

172 1876 257 1997 „si
290 1879 552 2023 religionem
592 1867 759 1976 salvam
794 1875 959 1993 vultis,
995 1884 1217 2005 majorum
1253 1912 1500 1978 vestrorum
1542 1881 1636 1983 vir-

174 2093 208 2146 „
223 2057 364 2123 tutem
401 2058 445 2122 et
480 2054 676 2122 veterum
711 2009 1124 2160 Carthaginensium
1160 2019 1350 2161 gloriam
1379 2023 1635 2128 aemulami-

174 2241 206 2288 ,‚
221 2165 299 2287 ni,
340 2163 418 2309 qui
454 2163 680 2306 quamdiu
702 2166 940 2263 concordes
974 2155 1178 2282 fuerunt,
1212 2201 1305 2264 non
1341 2164 1486 2267 solum
1523 2164 1634 2274 Afri-

172 2388 205 2435 „
221 2349 297 2411 cae
339 2309 586 2412 libertatem
627 2305 684 2407 ab
735 2307 889 2410 exteris
940 2303 1138 2408 hostibus
1188 2300 1508 2428 defenderunt,
1557 2313 1632 2416 sed

170 2532 204 2580 „
219 2453 330 2557 mari
366 2452 617 2556 transmisso
653 2445 721 2551 his
756 2447 857 2592 ipsis
892 2450 1135 2596 gentibus,
1174 2490 1285 2594 quae
1321 2452 1535 2555 Carolum
1570 2495 1632 2556 se-

170 2677 202 2724 „
218 2637 417 2738 quuntur
432 2675 446 2719 ‚
477 2637 603 2738 saepe
637 2593 818 2698 devictis
853 2595 1089 2740 imperium
1124 2596 1172 2698 in
1207 2595 1423 2740 Hispania
1459 2632 1503 2698 et
1542 2607 1630 2701 Ita-

170 2819 202 2866 „
218 2741 275 2841 lia
311 2746 473 2844 multos
507 2779 648 2843 annos
679 2772 936 2843 tenuerunt.
975 2741 1148 2884 Nequit
1182 2738 1326 2844 hostes
1360 2742 1462 2841 istos
1496 2740 1630 2844 vehe-

171 2921 382 3011 „menter
415 2921 540 3030 putet
575 2925 662 2987 esse
696 2887 987 3007 metuendos,
1021 2922 1097 2986 aut
1119 2887 1318 3031 ipsorum
1348 2885 1504 2987 virtuti
1533 2926 1628 2988 ma-

168 3101 200 3153 „
214 3068 410 3172 gnopere
457 3030 654 3148 tribuat,
701 3033 827 3172 quod
869 3031 1074 3135 Goletam
1117 3030 1493 3174 expugnaverints
1544 3070 1628 3134 nec

166 3252 198 3298 ‚‚
214 3176 336 3275 enim
371 3214 586 3318 magnum
620 3169 787 3276 facinus
823 3211 887 3276 est
921 3214 1083 3319 paucos
1128 3217 1153 3277 a
1195 3174 1346 3277 multis
1385 3172 1498 3275 mari
1539 3210 1626 3278 ter-

164 3355 344 3460 „taque
381 3320 639 3461 urgentibus
674 3319 893 3462 superati,
931 3321 988 3422 ad
1025 3359 1139 3460 quos
1175 3319 1320 3422 hostes
1356 3359 1449 3420 non
1486 3321 1626 3419 modo

164 3539 195 3586 „
210 3463 512 3583 sustinendos,
547 3467 620 3567 sed
656 3465 787 3567 etiam
822 3466 1087 3604 superandos
1123 3465 1322 3608 intelligo
1369 3460 1482 3564 mihi
1524 3463 1625 3562 satis

164 3644 422 3750 „superque
459 3608 624 3710 virium
658 3602 786 3717 fores
822 3607 932 3709 adsit
967 3610 1107 3711 modo
1144 3645 1314 3729 vester,
1351 3607 1437 3708 viri
1472 3612 1625 3707 Tune-

166 3827 198 3872 „
214 3785 380 3872 tenses,
417 3791 649 3855 comensus
685 3790 729 3854 et
765 3751 1060 3894 conspirantes
1094 3755 1262 3856 animi.
1308 3763 1626 3853 Convenerunt

163 3939 195 4017 3,
210 3893 331 3994 enim
366 3935 599 4000 numerosa
624 3899 896 4042 populorum
925 3899 1114 4021 auxilia,
1150 3896 1501 4036 Nomadumque
1531 3931 1625 3994 ma·-

161 4077 193 4162 ,·‚
209 4075 297 4180 gna
331 4074 373 4142 et
417 4037 656 4144 fortissima
698 4079 887 4147 manuss
927 4077 1188 4184 certumque
1233 4038 1377 4142 habeo
1422 4037 1625 4179 quotidie

161 4181 351 4324 „plures
393 4187 553 4288 milites
593 4186 792 4328 undique
833 4221 1153 4289 conventuros.
1195 4193 1517 4290 Verumtamen
1562 4182 1624 4282 sic

160 4406 192 4450 ,‚
208 4325 445 4451 habetote,
483 4369 582 4450 me,
602 4329 685 4434 nisi
721 4328 848 4433 vobis
885 4329 1135 4432 volentibus
1170 4367 1212 4431 et
1247 4326 1527 4464 juvantibus,
1549 4326 1625 4427 ni⁴

160 4491 191 4592 ,',
211 4467 273 4569 hil
309 4512 398 4572 esse
440 4510 735 4576 conaturum.
777 4471 968 4576 Proinde
1011 4513 1090 4576 vos
1137 4473 1270 4575 etiam
1314 4508 1445 4615 atque
1488 4469 1624 4573 etiam

160 4637 354 4757 ,·‚rogo'‚
389 4655 441 4718 ut
475 4628 567 4751 jam
602 4659 722 4722 nunc
738 4697 755 4742 ,
794 4617 901 4761 quid
936 4618 1068 4722 vestri
1102 4619 1276 4722 consilii
1310 4653 1355 4718 et
1388 4615 1624 4718 voluntatis

161 4757 293 4877 ,·,sit‚
323 4763 554 4904 aperiatis.
594 4773 719 4864 Nam
755 4763 790 4861 si
827 4797 918 4863 tam
954 4764 1142 4864 demisso
1179 4775 1488 4905 prostratoque
1524 4759 1625 4859 arti-

160 4933 275 5023 „mo
313 4907 410 5005 estis
425 4984 440 5028 ‚
474 4943 525 5010 ut
561 4907 725 5012 malitis
760 4905 986 5014 deditione
1021 4901 1136 5007 facta
1171 4905 1335 5012 crudeli
1371 4903 1500 5010 simul
1537 4903 1626 5002 im-

186 5041 353 5148 ·Tom·
372 5059 406 5146 Ι.
1092 5052 1199 5156 oud
1387 5140 1390 5150 .
1490 5045 1631 5189 ‚,pro..
