4368 5984
561 415 666 492 xtrr.
925 413 1061 505 Jonrr.
1088 413 1200 483 cerr.
1224 407 1528 482 snrurvennn

611 543 705 624 Post
726 534 888 654 longum
912 534 1148 622 intervnllum
1176 562 1216 620 et
1243 532 1293 620 de
1323 534 1544 648 quaestione
1568 531 1781 647 corrigendi
1801 535 1895 618 anni
1920 532 1979 618 si·-

527 657 685 744 lentium
704 659 887 760 ,tandern
903 653 954 739 ad
982 655 1188 768 superiores
1204 652 1413 738 Contareni
1439 652 1577 738 litteras
1594 667 1607 706 ¹
1631 648 1826 765 respondit
1840 651 1980 766 Sepul-

533 775 646 862 veda.
680 773 803 887 Hujus
832 772 961 857 silentii
987 801 1138 857 causam
1154 800 1234 855 non
1251 799 1297 854 ex
1316 801 1393 855 suo
1408 767 1547 856 desidio
1562 765 1623 855 vel
1639 767 1831 855 oblivione
1847 793 1978 854 ortam

406 977 408 980 ,
537 917 722 982 asseverat
750 889 819 975 sub
845 890 991 975 initium
1014 887 1250 1005 epistolae,2
1272 888 1338 973 sed
1366 917 1411 972 ex
1444 888 1682 973 sacerdotum
1710 889 1828 970 Rom.
1861 884 1985 1002 negli-

542 1009 689 1129 gentia,
704 1035 792 1116 quos
808 1015 980 1092 nimirum
985 1004 1158 1118 frigere,
1169 1006 1305 1120 inquit,
1321 1021 1359 1088 et
1381 1007 1476 1088 nibil
1491 1015 1609 1090 minus
1625 1027 1734 1110 quam
1750 1008 1795 1085 de
1820 1007 1986 1112 cogendo

544 1135 695 1214 corrcilio
721 1134 889 1235 cogitare
913 1129 1052 1229 viden,
1081 1128 1185 1234 cujus
1214 1139 1256 1206 ut
1282 1143 1369 1233 spes
1384 1149 1439 1206 me
1459 1131 1573 1232 prius
1603 1123 1758 1204 acuebat
1786 1139 1823 1204 et
1846 1130 1990 1204 incita-

547 1249 642 1352 bat,
675 1251 735 1328 sic
750 1249 960 1354 desperatio
980 1246 1063 1352 jam
1080 1246 1232 1354 pridem
1246 1243 1396 1326 hebetat
1420 1257 1530 1348 atque
1558 1243 1751 1328 retardat:
1783 1265 1872 1345 quos
1887 1247 1989 1321 enim

547 1371 711 1450 maxime
727 1371 765 1444 in
772 1365 962 1472 publicam
977 1369 1152 1448 ecclesiae
1168 1367 1322 1443 salutem
1346 1361 1562 1464 excubare,
1589 1373 1699 1463 atque
1712 1360 1792 1467 ejus
1820 1361 1991 1466 dignita-

548 1491 603 1567 tis
616 1484 804 1589 augendae
829 1487 963 1564 nullam
978 1488 1203 1564 occasionem
1215 1484 1518 1586 praetermittere
1535 1478 1748 1585 oportebat,
1766 1476 1814 1556 ab
1835 1483 1887 1558 iis
1903 1499 1992 1558 con·

552 1605 633 1682 silii
649 1605 706 1681 rel
731 1603 913 1680 salutaris
940 1656 953 1701 ,
982 1610 1019 1678 et
1035 1604 1071 1680 si
1100 1621 1269 1703 umquam
1299 1600 1426 1698 alias,
1456 1617 1550 1676 nunc
1570 1599 1729 1676 mraxime
1753 1600 1993 1676 necessariae

552 1724 763 1802 mentionem
775 1712 872 1813 fieri
888 1738 955 1797 uon
985 1718 1057 1799 alio
1075 1719 1217 1816 video,
1246 1737 1454 1816 quomrum
1480 1713 1610 1794 bellum
1628 1725 1693 1792 aut
1715 1717 1864 1819 geritur
1888 1717 1993 1792 inter·

547 1839 744 1944 principes
761 1830 998 1914 Christianos
1013 1847 1100 1932 ,aut
1116 1833 1310 1941 impendet.
1329 1831 1397 1912 Ad
1411 1855 1586 1912 summam
1598 1853 1679 1910 cnm
1696 1842 1800 1910 certa
1815 1847 1904 1938 spes
1914 1842 1994 1932 est,

554 1953 682 2034 borum
698 1952 888 2033 discordia
904 1958 1025 2058 ipsum
1042 1955 1216 2057 impediri
1226 1961 1351 2055 posse.
1385 1949 1486 2030 Nam
1503 1973 1584 2028 cum
1593 1965 1679 2055 pasc
1703 1949 1820 2028 rediit
1837 2007 1850 2050 ,
1869 1942 1996 2044 elfic-

556 2093 618 2151 ma
640 2071 864 2171 concordia,
894 2071 939 2147 de
954 2069 1052 2149 nulla
1069 2094 1111 2149 re
1127 2070 1246 2175 majus
1259 2083 1317 2150 est
1340 2071 1560 2167 silentium,
1586 2079 1628 2146 ut
1651 2066 1742 2169 quid
1763 2069 1998 2173 intempesti-

556 2194 623 2268 vis
638 2189 776 2267 edictis
807 2189 925 2269 alieno
951 2199 1112 2296 tempore
1130 2191 1311 2293 capient,
1339 2191 1514 2266 neminem
1536 2183 1736 2287 quamlibet
1763 2188 1913 2267 tardum
1942 2183 2000 2264 ad

555 2305 828 2411 intelligendum
844 2303 1015 2387 dubitare
1033 2305 1242 2411 patiantur.

556 2470 567 2512 2
645 2419 793 2504 Deinde
819 2417 1020 2534 respondet
1037 2417 1087 2502 ad
1103 2447 1146 2503 ea
1173 2414 1355 2509 Genesius
1368 2475 1381 2520 ,
1395 2445 1494 2530 quae
1510 2445 1599 2501 suae
1627 2415 1757 2500 obesse
1789 2415 1998 2503 sententiae

559 2538 798 2627 videbantur.
832 2537 894 2622 Ad
911 2561 1120 2620 extremum
1136 2533 1325 2621 concludit
1342 2595 1354 2638 ,
1372 2533 1460 2617 nihil
1481 2534 1545 2619 sibi
1562 2535 1710 2620 obstare
1735 2533 1853 2619 videri
1871 2566 1999 2651 ,quo-

558 2656 682 2740 minus
692 2652 736 2760 ⁸in
759 2653 989 2738 correctione
1015 2655 1104 2737 anni
1132 2651 1328 2738 Kalendae
1344 2651 1507 2762 Januatii
1531 2652 1581 2738 ad
1597 2651 1686 2735 anni
1711 2653 1878 2738 naturale
1895 2652 2000 2767 prin·

558 2773 713 2887 cipium,
727 2794 767 2855 et
786 2771 884 2856 diem
902 2770 1041 2856 Christi
1067 2770 1259 2875 natalem,
1284 2793 1322 2854 er
1338 2769 1575 2854 haecomnia
1599 2770 1649 2855 ad
1676 2770 1844 2855 brumale
1875 2770 2001 2856 solsti-

560 2891 655 2976 tium
671 2913 896 2975 tevocentur
913 2948 924 2994 ,
942 2887 1079 3003 plana,
1097 2888 1314 2992 luculenta,
1331 2911 1370 2971 et
1388 2887 1498 3000 plena
1513 2886 1700 3004 dignitatis
1722 2887 1867 2973 ratione
1891 2887 1995 2993 nita,

558 3032 741 3123 quaenec
768 3035 961 3090 asumma
986 3007 1119 3093 veteris
1143 3009 1407 3090 Romanorum
1434 3003 1590 3091 instituti
1620 3005 1851 3110 abhorreat,
1885 3031 1923 3092 et
1954 3007 2003 3092 sit

559 3125 644 3239 piae
660 3123 958 3212 Christianorum
973 3122 1269 3212 consuetudinis
1285 3121 1398 3207 natali
1414 3120 1550 3207 Christi
1569 3181 1582 3228 ,
1600 3151 1717 3238 quern
1747 3147 1879 3207 natum
1908 3153 2003 3210 con·

560 3267 635 3328 stat
650 3242 688 3327 in
704 3242 781 3356 ipsa
797 3244 961 3348 bruma,
987 3265 1100 3357 caput
1116 3242 1205 3326 anni
1230 3239 1478 3354 repetentium
1502 3241 1715 3355 aptissima,
1741 3241 1885 3326 sublata
1902 3272 2004 3359 quo·

559 3359 735 3446 rumdam
760 3386 928 3445 errorum
944 3361 1165 3445 occasione:
1196 3360 1260 3441 De
1275 3384 1343 3465 qno
1361 3415 1376 3463 ,
1392 3357 1584 3475 subjungit
1602 3420 1614 3463 ,
1632 3361 1725 3465 quid
1746 3367 1889 3442 sentias
1902 3370 2003 3464 ,erit

560 3479 803 3590 humanitatis
818 3493 903 3562 tuae
918 3493 956 3560 et
971 3480 1062 3561 mibi
1073 3484 1346 3585 gratissimum,
1359 3490 1400 3558 ut
1420 3479 1626 3560 rescribas.
1654 3479 1758 3560 Nam
1774 3483 1810 3560 si
1826 3479 1898 3560 tibi
1908 3497 2003 3589 pro-

560 3597 702 3678 babiles
715 3621 849 3678 causas
864 3653 878 3699 ,
895 3623 965 3679 cur
979 3599 1074 3679 illud
1087 3599 1257 3698 dierum,
1285 3621 1336 3678 en
1351 3619 1604 3700 quacumque,
1629 3609 1730 3678 certe
1756 3613 1895 3702 parum
1931 3611 2002 3681 aut

560 3715 655 3796 nibil
667 3715 720 3795 ad
732 3738 797 3795 nas
808 3720 1016 3822 pertinente
1041 3738 1156 3798 causa
1181 3715 1456 3824 interjectorum
1485 3717 1723 3794 intervallum
1748 3709 2002 3818 multifirriam

448 3868 451 3874 ·
559 3838 806 3938 importunum
823 3838 903 3914 tolli
919 3834 1082 3938 debeat,
1112 3837 1284 3916 attulisse
1307 3831 1494 3935 videbor,
1514 3837 1661 3938 poterit
1664 3831 1836 3933 fortasse
1853 3856 1923 3916 non
1937 3839 2003 3914 in·

561 3954 705 4032 utiliter
734 3950 879 4031 libellus
905 3954 992 4054 edi,
1019 3958 1157 4058 paucis
1185 3957 1340 4033 mutatis
1370 3954 1415 4030 de
1445 3955 1568 4056 spatii
1594 3955 1771 4055 temporis
1811 3951 2004 4056 interjectl

560 4089 706 4167 cansa,
728 4069 858 4170 dequo
874 4063 1070 4172 nobisfuit
1085 4071 1234 4171 adbuc,
1265 4094 1330 4151 nec
1345 4073 1421 4150 crib
1435 4059 1594 4180 amplius
1610 4067 1812 4147 dissensio.
1846 4064 2001 4170 Sequar

559 4188 654 4266 euim
669 4195 707 4262 te
723 4205 941 4288 quocumque
955 4187 1115 4272 burmis
1128 4181 1200 4274 bac
1216 4193 1258 4271 in
1268 4199 1417 4297 parte,
1444 4186 1546 4270 modo
1571 4187 1653 4293 ipse
1685 4182 1778 4265 mibi
1802 4188 1843 4264 in
1856 4207 2002 4268 summa

558 4324 696 4386 causae
711 4323 755 4383 ne
769 4295 1002 4408 refrageris

527 4435 530 4440 ’
1914 4419 2003 4534 Epi·

556 4631 615 4752 cr
657 4612 792 4707 Epistola
807 4613 906 4672 XXX.
929 4613 998 4674 edit
1021 4613 1163 4674 Sarmens.
1187 4633 1252 4692 pag.
1267 4633 1315 4692 3²·
1340 4617 1455 4674 collect.
1474 4615 1557 4672 Bruti
1571 4654 1583 4689 ,
1597 4625 1628 4673 et
1645 4633 1709 4692 pag.
1730 4627 1797 4690 253.
1817 4613 1895 4672 inter
1908 4629 1999 4689 opert

586 4707 835 4851 (intarQedintqutm
849 4774 921 4832 haee
934 4778 1020 4849 paulo
1033 4775 1150 4834 liberius
1166 4793 1184 4833 a
1197 4788 1295 4834 nostro
1309 4775 1368 4833 sins
1384 4774 1480 4848 dicta,
1497 4774 1617 4832 rninime
1630 4775 1678 4830 hic
1692 4773 1898 4847 praetereundo
1910 4772 1996 4829 duri-

551 4869 644 4996 ἱωιιὲῙὲ
658 4871 724 4946 curn
738 4856 896 4997 ἕὶηὴοιῧη
910 4855 1144 4944 inconsentiens
1158 4896 1168 4928 ,
1190 4871 1263 4931 quae
1275 4857 1312 4916 de
1324 4855 1417 4915 causis
1427 4855 1511 4914 dilati
1536 4854 1662 4915 Consilii
1683 4853 1850 4913 Tridentini
1860 4857 1994 4928 leguntur

565 4951 585 4993 n
646 4947 722 4995 tona
766 4950 816 4994 tro
884 4973 893 4996 .
