4284 5982
571 393 617 453 ιο
936 345 1005 452 oa
1031 369 1105 471 J0.
1132 370 1250 452 osu.
1278 366 1591 456 SEPULVEDA'·

623 501 829 582 Aristotelis
858 501 1108 584 Meteororum
1138 501 1203 584 lib.
1235 504 1299 582 lv.
1327 530 1413 586 cum
1443 501 1711 607 nuncupatione
1748 502 1794 586 ad
1808 503 1979 586 Catulum
2135 553 2136 564 κ

444 583 446 588 ’
544 607 761 697 Caesarem,
786 606 849 686 cui
879 631 940 686 eos
967 606 1171 690 Placentiae
1195 605 1357 701 obtulit,
1384 633 1470 690 usus
1493 611 1627 690 summi
1643 607 1860 708 Philosophi
1878 633 1980 688 enar·

544 709 724 790 tatoribus
746 709 851 788 Alex.
874 707 1176 810 Aphrodisiensi,
1204 708 1343 810 Joanne
1358 709 1573 813 Philopono,
1596 735 1633 792 et
1647 711 1927 813 Olympiodoro.
1973 745 1978 787 ι

624 809 792 913 Ejusdem
812 812 858 893 de
878 816 977 894 Orto
1000 831 1038 896 et
1066 814 1217 894 interitu
1237 811 1349 894 libros
1369 813 1490 910 duos,
1517 815 1564 896 ad
1583 811 1809 894 Hadrianum
1826 815 1893 898 Vl.
1913 815 1981 892 Pae

627 1020 692 1096 De
712 1042 821 1098 sensa
834 1035 873 1095 ee
887 1019 1145 1098 sensibilibus.
1161 1017 1225 1100 De
1238 1022 1440 1102 Memoria.
1454 1021 1518 1100 De
1531 1023 1666 1098 Somno
1679 1037 1718 1098 er
1731 1019 1780 1098 V
1775 1021 1903 1120 igilia.
1919 1017 1981 1096 De

549 1126 763 1202 insomniis.
782 1122 847 1198 De
863 1122 1116 1204 Divinatione
1142 1141 1213 1218 per
1241 1130 1428 1202 somnium.
1451 1124 1516 1202 De
1531 1123 1658 1201 Vitae
1685 1125 1916 1224 longitudine
1936 1145 1981 1200 ar

549 1228 756 1305 brevitate.
780 1225 843 1304 De
860 1227 1033 1330 Juventa
1053 1251 1100 1306 ac
1116 1227 1292 1308 Senecae.
1317 1227 1380 1303 De
1402 1228 1510 1304 Vita
1536 1243 1574 1304 er
1591 1227 1735 1311 Morte.
1762 1225 1827 1304 De
1843 1228 1980 1324 Spira·

551 1337 649 1408 tione
680 1354 727 1406 ac
744 1342 853 1404 ¹mota
888 1332 1142 1420 animalium,
1164 1351 1211 1404 aa
1238 1329 1284 1404 ae
1308 1331 1509 1408 earumdem
1541 1335 1828 1426 incestuorum
1864 1352 1982 1408 omnes

550 1435 764 1510 Parnasum
788 1431 1041 1511 Naturalium
1065 1435 1205 1508 nomine
1228 1436 1446 1526 appellante
1476 1432 1521 1512 ad
1542 1431 1742 1512 Albcrtum
1758 1433 1870 1508 Pium
1892 1433 1984 1512 Car·-

550 1561 680 1639 porum
693 1533 925 1633 Principem,
952 1534 1095 1633 adjutus
1116 1534 1313 1614 Alexandri
1338 1589 1350 1629 ,
1376 1537 1580 1640 Simplicii,
1606 1534 1827 1636 PhiloponI,
1849 1535 1984 1616 achli-

551 1639 684 1720 cha'e‘lis
707 1636 853 1738 Ephesii
875 1639 1154 1718 commentariis.
1439 1715 1442 1722 ,

628 1741 694 1818 De
716 1741 859 1818 Mundo
883 1738 1046 1820 libellum
1071 1740 1118 1820 ad
1140 1740 1384 1819 Alexandrum
1413 1748 1430 1840 i
1452 1742 1721 1844 cujuscumque
1741 1741 1803 1820 illc
1822 1741 1897 1832 sit)
1915 1739 1989 1816 La-

551 1849 670 1925 tInum
691 1841 780 1924 fecit
802 1843 839 1922 in
862 1845 1014 1948 gratiam
1026 1845 1220 1924 Mantuani
1233 1844 1421 1945 Principis.
1441 1846 1547 1934 Quos
1572 1867 1698 1923 omnes
1723 1843 1836 1922 libros
1863 1841 1983 1920 denuo

552 1949 598 2026 ab
620 1949 701 2046 ipso
725 1948 918 2048 interprete
938 1947 1170 2050 recognitos,
1198 1949 1364 2044 quinimo
1390 1953 1463 2048 (ut
1489 1973 1573 2049 prae
1591 1973 1629 2026 se
1649 1945 1721 2026 fert
1739 1945 1907 2026 editionis
1924 1947 1986 2024 in-·

550 2048 725 2152 sctiprIo)
740 2048 826 2128 alios
839 2047 957 2130 factos
976 2073 1019 2128 ex
1044 2047 1115 2125 fide
1138 2067 1301 2128 veterum
1316 2052 1572 2151 exemplarium
1586 2069 1624 2130 et
1636 2051 1858 2150 expositione
1874 2050 1987 2141 Grae-¹

551 2178 679 2234 corum
702 2173 946 2231 caetratorum
975 2149 1130 2252 subjecit
1156 2153 1291 2232 iterum
1314 2155 1414 2256 prelo
1442 2179 1511 2235 suo
1531 2153 1692 2235 Parisino
1715 2153 1876 2258 Joannos
1898 2151 1990 2232 Par-

549 2281 617 2338 vus
637 2277 731 2340 anno
757 2269 869 2356 1532.
892 2258 930 2330 in
953 2251 1018 2337 fol.
1243 2271 1246 2280 ’
1515 2265 1519 2275 ’
2137 2310 2138 2328 r

628 2357 798 2456 Eiusdem
820 2361 1028 2440 Aristotelis
1055 2357 1298 2434 Politicoram
1326 2356 1444 2438 libros
1464 2357 1673 2442 vilicum
1697 2356 1994 2460 interpretatione
2137 2371 2138 2408 ¹

552 2485 590 2543 et
622 2460 781 2541 scholiis.
822 2462 967 2541 Parisiis
997 2459 1095 2560 apud
1117 2463 1362 2540 Vascosannm
1388 2464 1428 2540 in
1459 2487 1496 2567 4.
1524 2464 1701 2543 Coloniae
1737 2469 1847 2540 1601.
1877 2461 1918 2536 in
1946 2483 1985 2560 4.

553 2569 679 2666 Quam
704 2568 909 2644 versionem
932 2578 975 2652 et„
994 2580 1132 2653 notas,
1157 2578 1198 2642 ut
1229 2570 1382 2661 quisque
1404 2571 1482 2641 erit
1506 2570 1840 2666 ingeniosior,'iea
1862 2565 1990 2658 pluris

553 2687 697 2764 semper
719 2667 956 2759 aestimabit,
982 2665 1132 2747 Gabriel
1153 2666 1352 2746 Naudacus
1381 2669 1442 2745 ait'
1467 2671 1506 2745 in
1530 2665 1804 2772 bibliographia'
1825 2666 1992 2746 Politice.

552 2771 799 2872 Probavitquc
811 2769 900 2850 adeo
914 2770 1243 2868 interpretationem
1258 2771 1316 2847 vir
1329 2772 1469 2850 Graece
1483 2773 1717 2872 peritissimus
1731 2769 1862 2848 Daniel
1877 2768 1993 2846 Heiu-

554 2879 654 2965 sius,
676 2895 721 2970 ,ut
737 2897 831 2954 eam
854 2875 893 2951 in
915 2872 1075 2952 editione
1096 2894 1163 2950 sua
1182 2869 1293 2972 hujus
1320 2876 1440 2978 operis
1468 2875 1550 2956 aliis
1580 2874 1775 2970 omnibus,
1803 2891 1992 2972 tamquam

553 2980 753 3080 optimam,
782 2977 1004 3078 praetulerit.
2138 2998 2139 3056 l

631 3077 801 3178 Ejusdem
827 3080 1050 3156 Erbicorum
1075 3077 1186 3155 libros
1212 3077 1477 3181 paraphrastice
1505 3081 1733 3183 interpretati
1762 3075 1917 3168 debuit,
1950 3096 1995 3162 ut
2138 3111 2139 3120 ¹

555 3182 737 3262 Clementi
760 3182 842 3261 Vll.
863 3181 981 3280 Papae
1006 3179 1290 3278 obsequeretur,
1319 3183 1394 3262 sive
1409 3183 1559 3284 Joannis
1580 3179 1991 3286 Argyropolilatinam

556 3287 756 3363 versionem
778 3306 1061 3386 recognoscere:
1088 3307 1200 3384 quam
1221 3283 1370 3383 quidem
1392 3286 1635 3387 paraphrasim
1658 3309 1696 3364 se
1719 3283 1924 3384 perduxisse
1947 3279 1993 3360 ad

554 3386 754 3571 mum
787 3409 903 3488 usque
934 3387 1071 3467 librum
1097 3385 1225 3467 scribit
1247 3389 1288 3467 in
1317 3389 1479 3492 Epistola
1490 3391 1574 3472 Vll.
1596 3388 1644 3469 ad
1661 3384 1897 3468 Matthaeuru
1920 3385 1995 3466 Gi·

631 3593 775 3675 Praeter
797 3592 874 3674 hac
899 3591 1207 3694 Philosophorum
1231 3591 1405 3695 prinpris.
1424 3617 1564 3697 opera:
1701 3627 1703 3632 ·

632 3697 856 3774 Alexandri
870 3699 1121 3795 Aphrodisiei
1136 3696 1413 3774 Commentario
1428 3705 1467 3774 in
1483 3700 1564 3800 ejas
1579 3695 1699 3774 libros
1713 3695 1821 3780 XII.
1841 3695 1888 3774 de
1905 3701 1994 3792 pri·

400 3893 404 3904 .
555 3820 616 3874 ura
631 3801 888 3896 Philosophia,
905 3825 968 3879 reu
984 3825 1039 3897 aa
1064 3831 1114 3882 ,a
1138 3819 1209 3894 ,roe
1235 3817 1270 3881 a
1289 3820 1388 3892 ansa
1403 3803 1654 3899 interpretatus
1668 3816 1732 3893 cst,
1745 3819 1858 3901 atque
1872 3799 1991 3880 edidit

555 3904 707 3980 Romae
730 3927 825 3983 amm
850 3925 961 4002 1527.
985 3902 1138 3980 infolio
1158 3905 1259 4005 typis
1279 3903 1447 3984 Marcelli
1467 3901 1610 3996 Silber,
1634 3903 1819 3982 Clementi
1837 3899 1994 3984 Pontifi-

561 4005 599 4081 ci
613 4027 849 4105 nuncupatos.
871 4005 1019 4096 Quibus
1040 4007 1123 4106 (air
1145 4007 1204 4084 ille
1226 4009 1266 4084 in
1290 4009 1406 4108 Epist.
1429 4007 1517 4086 XX.
1539 4005 1586 4084 ad
1606 4003 1831 4086 Rodcticum
1847 4003 1994 4085 namr-

557 4103 669 4197 cum)
691 4167 716 4205 „
727 4105 818 4188 nihil
833 4108 1035 4202 eruditius,
1059 4106 1151 4186 nihil
1172 4111 1333 4209 ipsorum
1347 4131 1494 4190 auctore
1511 4107 1598 4198 ,vel
1613 4106 1995 4210 gravius,uelsubti·

557 4209 654 4302 lius,
678 4230 768 4288 teste
788 4235 861 4290 non
883 4211 1002 4290 solum
1013 4213 1179 4292 Avetro'e'
1201 4216 1283 4292 cive
1307 4239 1416 4306 meo,
1443 4214 1512 4312 qui
1525 4213 1643 4312 ipsum
1671 4234 1724 4290 est
1749 4211 1932 4310 plerisque
1957 4210 1994 4284 in

556 4313 646 4390 locis
669 4334 871 4412 sequutus,
898 4313 960 4392 sed
983 4317 1091 4392 etiam
1111 4318 1371 4416 Hieronymo,
1399 4317 1466 4420 qui
1479 4339 1516 4396 sc.
1529 4315 1807 4398 commentarios
1819 4307 1897 4412 ejus
1910 4333 1998 4396 vet·

560 4416 642 4494 risse
664 4417 703 4490 in
729 4417 877 4515 epistola
891 4415 1057 4517 quadam.
1076 4418 1295 4520 gloriatur.⁶‘

634 4517 830 4616 Sequemh
853 4544 940 4600 vcro
962 4515 1035 4618 jam
1060 4545 1103 4598 cx
1126 4544 1224 4619 penu
1245 4521 1469 4622 deprompsit
1487 4523 1649 4620 propria:

636 4619 700 4695 De
710 4621 757 4704 V
756 4625 815 4696 ita
831 4637 870 4702 et
885 4622 996 4698 rebus
1007 4628 1133 4720 gestis
1143 4624 1310 4720 Aegidii
1319 4621 1548 4700 Cardinaiis
1562 4622 1794 4700 Albornoaii
1806 4619 1922 4700 libros
1934 4616 1998 4699 111.

556 4737 600 4798 ex
634 4723 817 4801 veteribus
848 4721 990 4802 schedis
1017 4723 1167 4824 Joannis
1196 4727 1374 4802 Garzonis
1402 4726 1634 4804 Bononiensis
1668 4723 1857 4824 cujusdam
1885 4775 1898 4816 ,
1929 4725 1995 4824 qui

556 4848 615 4904 eas
638 4826 727 4904 olim
749 4827 942 4930 collegerat
964 4828 1065 4908 nullo
1089 4850 1293 4930 tempotum
1317 4829 1444 4910 ordine
1466 4850 1620 4913 servato.
1641 4830 1781 4911 Romae
1800 4823 1989 5010 ιςιιὲξοι
