4368 5984
556 409 717 481 xtvut.
963 403 1561 501 torneamsanurvnont

535 537 651 642 anni,
675 560 719 622 ut
751 553 926 651 putamus
957 597 969 641 ,
998 533 1208 622 transmissa
1237 533 1288 621 ad
1322 535 1465 647 Joann.
1497 533 1764 651 Quigoonium
1796 537 1988 654 gymnasii

534 654 827 741 Salmanticensis
844 650 1098 770 praefectum,
1118 655 1249 768 inqua
1266 683 1372 738 suam
1393 681 1483 738 cum
1505 654 1678 750 Pintiano
1689 655 1987 743 controversiam

535 798 711 879 enarrat,
744 798 787 858 ur
811 773 850 857 in
878 773 941 857 illo
964 771 1162 858 clarissimo
1179 795 1218 856 et
1245 769 1463 856 doctissimis
1487 770 1700 856 hominibus
1729 768 1988 886 frequentissi-

537 921 602 976 mo
618 889 841 1007 gymnasio,
863 888 991 1003 siquis
1011 887 1115 1003 apud
1131 917 1218 974 eum
1236 889 1284 974 de
1314 888 1370 974 his
1399 887 1508 973 rebus
1576 917 1722 1002 speram
1739 890 1989 996 memorarit,

534 1009 760 1094 calumniam
777 1031 903 1120 posset
927 1035 997 1092 suo
1014 1006 1233 1123 gravissimo
1248 1005 1465 1091 testimonio
1483 917 1664 1091 reiiilere.

622 1129 723 1210 Cum
751 1129 880 1208 Petrus
905 1126 1121 1210 fernandus
1153 1121 1518 1210 Velascus'Friarum
1533 1128 1623 1208 Dux
1654 1121 1849 1210 columnas
1883 1125 2000 1211 duas·

535 1269 615 1328 rron
640 1241 773 1357 procul
801 1272 824 1326 a
846 1241 1015 1327 Pisoraca
1039 1239 1192 1327 flumine
1220 1241 1271 1327 ad
1296 1240 1475 1336 Ferrarias
1493 1269 1582 1326 suae
1609 1239 1758 1328 ditionis
1790 1241 1989 1328 castellum

426 1389 430 1396 ·
534 1359 753 1502 rep'episset,
778 1387 907 1445 earum
923 1359 1177 1474 inscriptiones
1194 1356 1245 1444 ad
1269 1358 1521 1473 Sepulvedam
1548 1359 1850 1446 transmittendas
1874 1386 1989 1445 cura·

401 1529 407 1542 ·
534 1477 619 1581 vir,
642 1479 709 1592 qui
738 1477 780 1562 iis
808 1476 1003 1592 diligenter
1025 1475 1289 1582 consideratis,
1324 1501 1368 1561 ac
1387 1505 1476 1561 cum
1493 1474 1578 1562 viris
1608 1475 1730 1562 doctis
1759 1478 1983 1563 communi·

535 1594 649 1699 catis,
667 1593 759 1682 ldib.
777 1593 855 1707 Jul.
871 1623 959 1680 ann.
985 1623 1109 1704 1545.
1134 1592 1328 1708 respondit
1346 1652 1359 1697 ,
1379 1609 1393 1651 ¹
1417 1593 1487 1678 hos
1501 1591 1640 1707 lapides
1656 1593 1706 1678 ad
1724 1593 1986 1681 milliariorum

537 1711 732 1798 intervalla
770 1741 879 1798 more
917 1737 1087 1800 veterum
1116 1717 1380 1797 Romanorum
1409 1709 1586 1796 notanda.
1612 1707 1721 1796 fuisse
1736 1712 1991 1819 constinrtos,

537 1828 719 1944 principio
745 1829 880 1915 scilicet
907 1859 930 1914 a
951 1829 1120 1916 Pisoraca
1135 1854 1290 1933 sumto,
1311 1857 1382 1914 ceu
1400 1828 1616 1915 indicabant
1631 1851 1797 1915 extrema
1813 1827 1871 1914 illa
1899 1857 1993 1918 ver·

538 1947 590 2031 ba
605 1977 615 2031 ι
630 1947 687 2032 Α.
719 1947 991 2032 PISORACA.
1017 1951 1075 2032 M.
1095 1951 1124 2031 l.
1158 1951 1200 2031 ln
1227 1945 1362 2032 eadem
1380 1946 1537 2061 epistola
1569 1947 1618 2034 de
1647 1946 1885 2036 Numantiae
1910 1947 1993 2034 situ

537 2064 734 2178 disputat,
763 2092 882 2178 quam
903 2063 962 2148 alii
977 2065 1153 2169 Soriam,
1179 2063 1238 2150 alii
1266 2069 1468 2150 Zamoram
1484 2071 1562 2150 esse¹
1585 2065 1852 2171 contendunt,
1884 2093 1993 2150 eam·

537 2208 615 2296 que
643 2210 724 2268 non
754 2181 793 2268 in
823 2181 949 2270 Soriae
972 2181 1094 2290 solo„
1122 2209 1247 2300 neque
1276 2205 1403 2270 tamen
1418 2181 1535 2300 longe
1564 2209 1588 2267 a
1617 2181 1722 2270 Soria
1746 2181 1854 2270 sitam
1884 2209 1990 2269 con·

545 2299 681 2387 tendit.
1905 2317 1915 2325 ”

631 2421 751 2504 Anno
787 2419 913 2527 154⁶·
936 2415 1024 2504 Kal.
1045 2416 1162 2532 April.
1189 2416 1329 2534 scripsit
1360 2416 1573 2533 Sepulveda
1597 2447 1645 2506 ex
1669 2416 1741 2504 suis
1771 2414 1993 2505 Putalbanis

543 2532 707 2621 hibernis
735 2533 784 2618 ad
808 2536 1064 2621 Sebastianum
1081 2542 1251 2622 Leonem
1270 2597 1282 2640 ,
1304 2537 1414 2652 eique
1430 2537 1590 2643 suadet,
1618 2562 1664 2623 ut
1678 2538 1906 2623 Ciceronem
1926 2537 1991 2622 ci-

539 2655 762 2767 ceronisque
791 2654 967 2768 aequales
995 2653 1061 2739 sibi
1084 2654 1134 2741 ad
1162 2653 1387 2740 imitandum
1422 2681 1653 2769 proponat,
1692 2683 1781 2740 cum
1811 2655 1904 2740 nihil
1929 2655 1994 2739 in·

539 2769 660 2883 eptius
688 2769 804 2885 possit
832 2771 1060 2887 excogitari,
1078 2801 1219 2887 quam,
1237 2771 1367 2859 relictis
1382 2773 1579 2886 purissimis
1609 2770 1802 2880 fontibus,
1817 2769 1992 2881 rivulos,

539 2887 666 2973 ethos
688 2887 880 2975 interdum
901 2888 1074 2975 nrrbidos
1089 2888 1307 2976 consectari.

627 3009 745 3092 Anno
767 3032 892 3112 1547.
917 3037 963 3092 ιιι.
981 3006 1070 3094 Kal.
1084 3009 1260 3093 Februar.
1279 3007 1415 3093 litteras
1431 3007 1535 3096 dedit
1565 3008 1616 3094 ad
1646 3003 1850 3094 Alfonsum
1868 3005 1993 3093 Porti·

542 3121 707 3228 cellum,
730 3122 867 3237 quibus
899 3124 976 3237 ejus
997 3149 1079 3210 tum
1108 3126 1272 3242 ingenii,
1297 3149 1380 3210 tum
1396 3127 1543 3213 virtutis
1571 3123 1738 3211 indolem
1770 3124 1930 3232 laudat,
1947 3152 1993 3210 ac

544 3263 668 3354 gratas
697 3235 806 3326 fuisse
827 3241 963 3328 litteras
990 3243 1170 3329 Francisci
1200 3244 1407 3332 Cordubae
1438 3243 1794 3332 Guadalcazarensis
1814 3241 1995 3359 Principis

546 3357 700 3442 nomine
716 3357 767 3444 ad
783 3384 822 3443 sc
846 3357 970 3444 missas
993 3360 1185 3478 significat.

635 3474 785 3560 Eodem
815 3503 920 3560 anno
947 3477 1040 3564 ldib.
1068 3479 1284 3566 Decembris
1307 3478 1480 3593 scripsit²
1501 3509 1547 3566 ex
1578 3477 1739 3566 hibernis
1770 3475 1992 3564 Putalbanis

545 3589 596 3678 ad
614 3591 824 3678 Martinum
850 3592 1058 3680 Olivanum
1084 3657 1096 3702 ,
1124 3596 1287 3712 superius
1310 3627 1333 3682 a
1358 3598 1467 3683 nobis
1483 3596 1557 3712 jam
1581 3618 1863 3700 memoratum,
1888 3594 1996 3680 bene

545 3705 701 3826 longam
715 3736 761 3794 ac
788 3737 875 3795 sane
892 3712 1076 3800 eruditam
1092 3714 1316 3828 epistolam,
1347 3715 1479 3831 inqua
1503 3740 1602 3800 recte
1619 3713 1775 3828 explicat
1798 3712 1927 3798 locum
1946 3741 1990 3795 u·

547 3851 641 3911 num
658 3830 717 3914 M.
738 3827 921 3934 Catonis,
945 3854 984 3915 et
1009 3830 1165 3916 alterum
1181 3836 1230 3917 C.
1248 3831 1388 3937 Marii,
1416 3833 1481 3917 ubi
1510 3837 1673 3917 Graecas
1698 3829 1836 3916 litteras
1859 3853 1996 3916 conte‘

545 3971 674 4032 mnere
708 3945 882 4032 videntur
913 4007 925 4051 ,
965 3949 1176 4065 probatque
1205 3948 1329 4035 multis
1362 3951 1613 4066 gravibusque
1629 3947 1884 4064 argumentis,
1906 3976 1991 4032 non

546 4062 656 4174 quod
682 4066 965 4150 Germanontm
980 4065 1206 4153 calamitates
1226 4091 1265 4152 et
1293 4065 1478 4182 religionis
1503 4067 1736 4180 corruptelae
1762 4067 1810 4150 ab
1827 4062 1996 4148 homini-

547 4177 618 4263 bus
641 4180 788 4263 Graece
797 4180 918 4266 doctis
934 4205 974 4268 et
998 4182 1212 4298 eloquentie
1240 4183 1410 4270 studiosis
1425 4180 1564 4272 fuerint
1591 4185 1791 4288 invectae,
1818 4209 1904 4266 eam
1935 4179 1992 4265 ob

547 4323 628 4381 rem
645 4295 899 4411 eloquentiam
925 4321 965 4382 et
987 4305 1218 4388 Graecarum
1234 4299 1505 4418 disciplinarum
1521 4300 1694 4390 notitiam
1707 4297 1990 4414 vituperandas.

549 4411 614 4498 Arl
629 4439 836 4499 extremum
869 4442 940 4500 nos
968 4416 1081 4504 docet
1110 4418 1349 4533 Sepulveda‚
1381 4449 1420 4506 se
1437 4451 1461 4505 a
1476 4449 1596 4535 puero
1611 4419 1650 4502 in
1667 4423 1832 4504 Graecas
1846 4416 1990 4503 litteras

548 4528 784 4636 incubuisse,
812 4527 927 4645 idque
951 4560 1040 4618 cum
1064 4538 1238 4622 nondum
1267 4537 1481 4622 Bononiam
1508 4563 1548 4622 se
1576 4536 1830 4638 contulisset,
1862 4533 1992 4648 'eisque

550 4677 729 4766 magnam
747 4675 786 4734 se
803 4645 942 4735 habere
957 4651 1144 4768 gratiam,
1170 4655 1279 4770 quod
1294 4653 1457 4768 ipsarum
1486 4651 1670 4744 beneficio
1695 4676 1778 4739 tum
1806 4647 1992 4738 inGrae·

1920 4795 1993 4856 co·

593 4950 610 4998 a
650 4932 746 5014 aput.
759 4929 842 5000 LVI.
855 4930 925 4998 edit
943 4933 1035 5001 sum.
1217 4953 1237 5000 a
1275 4933 1588 5001 mumdum
