4294 5984
530 461 610 572 138
908 469 993 549 uu
1040 463 1241 546 susus
1288 463 1516 546 oustts

488 637 539 738 lii
574 672 674 736 tum
722 629 965 774 precibus,
1009 664 1108 730 turn
1152 623 1339 768 pecunia
1383 627 1593 766 culpam,
1641 623 1963 777 publicamque

493 779 763 923 patrimonia
805 778 1109 878 redemerunt.
1160 784 1324 873 Comes
1372 770 1666 892 Salvatertae,
1710 813 1963 887 extremum

492 926 704 1028 auxilium
741 959 908 1064 ponens
939 918 986 1020 in
1011 915 1161 1020 Caroli
1189 914 1384 1018 Caesaris
1420 915 1683 1037 clementia,
1715 922 1772 1020 ad
1806 923 1960 1066 ipsum

492 1081 661 1211 Burgos
695 1108 749 1167 ex
784 1063 1080 1206 Portugallia,
1116 1101 1210 1203 quo
1253 1101 1297 1160 se
1338 1099 1585 1203 receperat,
1628 1067 1859 1202 pervenit,
1894 1081 1957 1172 ¹e-

490 1223 648 1355 jusque
695 1210 1037 1312 misericordiam
1090 1203 1387 1347 imploravits
1437 1215 1559 1339 cujus
1606 1206 1954 1348 imprudentiam

492 1357 673 1460 Carolus
699 1397 787 1458 sese
822 1355 974 1456 mitari
1009 1350 1301 1471 confirmans,
1338 1349 1483 1493 ipsum
1511 1350 1558 1450 in
1591 1389 1735 1452 arcem
1759 1365 1954 1498 Burgen-

492 1542 585 1605 sem
622 1501 845 1604 custodiae
860 1579 875 1621 ,
913 1503 1022 1600 dum
1059 1507 1150 1630 ejus
1185 1536 1310 1596 causa
1344 1533 1701 1638 cognosceretur,
1734 1501 1849 1599 tradi
1882 1509 1957 1634 ju-

492 1629 596 1750 bet.
651 1649 733 1749 Sed
780 1644 927 1788 paucis
979 1679 1079 1785 post
1121 1638 1275 1741 diebus
1318 1639 1472 1740 dolore
1520 1639 1660 1738 animi
1701 1640 1953 1786 morboque

491 1785 716 1893 confectus
753 1789 802 1890 in
839 1789 1039 1890 custodia
1074 1821 1273 1886 mortuus
1310 1823 1401 1886 est.

562 1945 612 2034 L.
691 1942 770 2033 Per
813 1933 934 2033 idem
974 1929 1063 2034 fere
1105 1964 1272 2069 tempus
1315 1929 1364 2028 in
1404 1931 1575 2032 Baetica
1616 1927 1743 2072 regio
1785 1942 1952 2032 Grana-

492 2077 658 2197 tensis,
696 2078 771 2178 sed
809 2073 1003 2177 Almetia
1032 2072 1310 2216 potissimum
1346 2073 1518 2214 ingenti
1546 2109 1810 2175 terraemotu
1845 2115 1955 2176 con-

493 2260 612 2324 cussa
659 2256 749 2341 est,
795 2261 887 2361 quo
935 2217 1130 2359 templa,
1174 2215 1458 2359 privataeque
1499 2218 1658 2318 domus
1707 2219 1954 2360 complures

492 2403 714 2485 corruere,
748 2364 967 2505 multique
993 2360 1215 2464 ,mortales
1258 2361 1453 2502 oppressi
1494 2357 1699 2462 luerunt.
1744 2365 1817 2463 Ad
1858 2366 1955 2465 exi-

491 2541 590 2608 tum
640 2509 768 2639 hujus
814 2509 920 2608 anni
958 2506 1216 2642 Solymanus
1268 2511 1517 2610 Turcarum
1567 2506 1767 2650 Princeps
1797 2506 1957 2614 ‚Rho-

491 2652 600 2751 dum
634 2648 828 2794 recepit,
865 2650 1077 2793 religiosis
1113 2648 1327 2752 militibus
1363 2651 1508 2753 Sancti
1545 2651 1733 2787 Joannis
1772 2689 1955 2794 cogno-

492 2793 700 2910 minatiS,
730 2793 811 2935 qui
847 2833 944 2895 eam
981 2795 1167 2896 insulam
1194 2803 1284 2929 jam
1316 2795 1489 2936 pridem
1521 2792 1814 2917 obtinebant,
1850 2835 1952 2940 post

491 2935 674 3080 longam
722 2973 765 3038 et
803 2932 1038 3044 fortissime
1085 2973 1367 3040 sustentatam
1414 2939 1697 3043 obsidionem
1748 2939 1951 3042 dedenti-

491 3077 602 3201 bus,
645 3118 880 3224 postquam
920 3125 946 3184 a
980 3080 1250 3226 Principibus
1287 3083 1546 3188 Christianis
1588 3086 1698 3187 inter
1733 3126 1777 3186 se
1820 3085 1947 3186 dissi-

494 3221 694 3326 dentibus
737 3223 849 3328 nihil
889 3225 1071 3328 subsidii
1112 3223 1399 3355 mittebatur,
1442 3271 1492 3332 ae
1533 3269 1589 3332 ne
1628 3269 1728 3373 spes
1766 3231 1947 3373 quidem

493 3367 579 3469 tdla
613 3403 728 3473 certa
764 3369 1069 3476 ostendebatur
1105 3370 1342 3475 mittendi.
