4294 5972
549 419 635 508 372
902 405 987 492 DE
1028 405 1228 490 REBUS
1270 401 1505 492 GESTIS

504 541 699 684 repulsae
733 574 833 641 sunt
844 617 859 661 ,
902 537 1051 640 ablato
1086 577 1180 639 uno
1217 535 1346 679 signo
1392 531 1604 658 militari,
1644 568 1688 638 et
1721 527 1958 676 Hierony-

505 727 603 798 mus
653 683 876 786 Tutavilla
923 683 1043 784 Sarni
1098 695 1261 785 Comes
1311 682 1381 783 vir
1423 676 1714 804 fortissimus,
1763 680 1950 824 ipsarum

507 823 779 976 praefectus,
822 865 925 928 curn
968 823 1182 926 militibus
1224 825 1410 968 egregiis
1454 825 1625 926 circiter
1665 825 1948 968 quadraginta

507 1013 678 1078 caesusx
716 969 795 1112 qui
830 973 938 1072 dum
969 969 1106 1070 ceteri
1142 1006 1297 1110 parum
1333 968 1498 1072 scilicet
1533 966 1695 1072 bellicis
1728 969 1858 1072 rebus
1888 1009 1952 1072 as-

508 1116 620 1221 sueti
656 1117 890 1234 cederent,
933 1112 1017 1256 ipsi
1057 1114 1177 1254 turpi
1220 1107 1389 1254 fugae,
1424 1149 1474 1213 ut
1510 1112 1627 1212 viros
1662 1115 1787 1214 decet
1801 1189 1816 1232 ‚
1857 1113 1955 1253 pul*

508 1259 661 1362 chram
696 1295 891 1359 mortem
926 1251 1210 1398 praeferentes
1244 1250 1480 1358 fortissime
1515 1256 1772 1358 dimicando
1807 1258 1955 1358 conci·

510 1407 637 1522 dere3
665 1402 882 1504 vulnerati
919 1437 1132 1542 praeterea
1167 1401 1417 1544 sexaginta,
1437 1400 1690 1542 priusquam
1725 1400 1955 1542 Hispano-

511 1586 613 1649 rum
647 1579 875 1648 veteranae
909 1542 1147 1666 cohortes,
1181 1584 1294 1685 quae
1330 1545 1517 1645 alterum
1550 1544 1713 1646 vallum
1747 1547 1804 1646 ad
1840 1583 1955 1644 mare

511 1691 804 1834 pertinentem
839 1685 1130 1809 ortabantur,
1169 1688 1333 1788 auxilio
1375 1687 1687 1830 pervenirent,
1725 1727 1752 1788 a
1794 1686 1954 1828 quibus

511 1835 655 1936 hostes
691 1831 851 1972 repulsi
886 1868 930 1930 et
965 1831 1138 1972 aliquot
1169 1830 1354 1932 concisis
1390 1832 1438 1932 in
1472 1825 1627 1972 fugam
1657 1833 1879 1933 conversi.

407 2097 409 2102 ¹
581 1984 659 2080 1V.
732 1983 840 2075 Hoc
874 1974 947 2076 die
980 1981 1151 2074 Poenus
1186 1974 1368 2114 quidam
1403 2016 1429 2075 a
1463 1972 1751 2095 Charadino,
1782 2011 1832 2076 ut
1867 2005 1952 2116 po*

511 2153 599 2223 stea
639 2117 875 2260 cognitum
915 2153 1020 2238 cst,
1063 2116 1320 2260 explorandi
1360 2118 1500 2261 gratia
1541 2117 1692 2221 missus
1731 2117 1779 2219 in
1822 2155 1958 2219 castra

512 2260 667 2382 venit,
705 2260 786 2403 qui
828 2263 1059 2402 perductus
1101 2263 1156 2363 ad
1197 2261 1408 2364 Carolum
1451 2301 1496 2378 sc
1539 2261 1718 2364 missum
1763 2301 1789 2361 a
1834 2273 1955 2402 Rege

513 2417 702 2510 Hazeno
745 2398 1015 2525 affirmauit,
1054 2441 1106 2506 ut
1148 2442 1339 2545 praesens
1379 2443 1693 2548 cognosceret,
1726 2443 1837 2506 num
1879 2444 1955 2508 ve·

514 2587 616 2654 tum
652 2582 758 2649 esset
773 2599 803 2664 ,·
824 2547 948 2688 quod
992 2549 1048 2647 ad
1082 2547 1204 2649 illum
1246 2539 1363 2649 fama
1397 2551 1452 2648 de
1488 2550 1681 2650 adventu
1723 2549 1871 2650 Caroli
1910 2587 1952 2654 et

513 2690 656 2832 copiis
686 2700 777 2822 ejus
801 2689 1072 2832 pertulisset,
1101 2690 1319 2832 simulque
1357 2690 1576 2792 nuntiaret
1607 2704 1780 2836 Regem
1812 2694 1957 2834 ipsum

487 2871 562 2936 *re
590 2833 772 2976 cognita
801 2872 903 2934 tum
938 2836 1125 2936 exercitu
1161 2868 1204 2934 et
1237 2870 1486 2935 commeatu
1522 2873 1659 2975 prope
1693 2836 1812 2936 diem
1849 2836 1958 2939 affu-

516 3012 691 3079 turum.
727 2977 824 3099 Qui
860 3014 1069 3118 rogatus,
1094 3015 1172 3078 cur
1208 2975 1320 3078 nihil
1356 3020 1382 3080 a
1415 2988 1539 3120 Rege
1570 2980 1808 3080 litterarum
1833 3019 1956 3084 artu-

516 3120 666 3239 risset,
696 3119 859 3220 callido
899 3121 1086 3220 consilio
1122 3120 1169 3221 id
1204 3117 1370 3222 factum
1405 3162 1492 3222 esse
1529 3124 1790 3264 respondit,
1831 3163 1884 3226 ne
1916 3128 1954 3228 si

433 3248 442 3266 ’
516 3262 565 3363 in
599 3259 740 3364 hostes
775 3263 1021 3384 incidisset,
1059 3264 1298 3365 litterarum
1333 3264 1502 3366 indicio
1539 3267 1736 3407 proditus
1765 3268 1857 3409 ipse
1882 3309 1957 3370 oc·

515 3404 775 3526 cideretur,
816 3443 861 3506 et
909 3416 1005 3508 Rex
1047 3401 1199 3508 frustra
1245 3408 1436 3509 reditum
1487 3449 1616 3511 suum
1664 3445 1959 3552 exspectaret.

513 3548 727 3669 Carolus,
746 3550 949 3689 quamvis
984 3587 1232 3691 suspectum
1261 3549 1442 3652 haberet
1474 3550 1666 3655 hominis
1701 3558 1963 3678 adventum,

514 3729 650 3832 quem
686 3693 826 3834 magis
860 3693 1173 3834 speculatorem
1207 3692 1265 3800 ab
1308 3693 1536 3818 hostibus,
1575 3737 1711 3840 quarn
1750 3699 1964 3803 nuntium

515 3876 542 3934 a
576 3845 701 3979 Rege
736 3837 901 3937 venisse
949 3836 1171 3964 judicabat
1185 3915 1201 3958 ,
1237 3872 1385 3940 tamen
1419 3880 1476 3940 ne
1509 3878 1586 3943 aut
1620 3842 1772 3944 leviter
1804 3847 1968 3947 credu-

515 3977 617 4098 lus,
667 4015 744 4079 aut
784 4019 925 4080 rursus
968 4018 1123 4122 parum
1167 3979 1381 4083 humanus
1430 3983 1686 4107 videretur,
1735 3986 1966 4130 utriusque

511 4122 643 4262 partis
678 4120 761 4223 sibi
795 4123 1010 4223 rationem
1047 4122 1295 4227 habendam
1324 4126 1509 4228 statuit.
1547 4139 1700 4270 ltaque
1734 4130 1875 4271 copiis
1909 4173 1966 4233 o·

509 4261 688 4366 mnibus
722 4265 770 4365 in
806 4261 955 4366 aciem
982 4266 1147 4368 eductis
1182 4268 1427 4373 ostentandi
1451 4272 1620 4411 gratia,
1641 4281 1841 4374 Poenum
1876 4274 1962 4376 cir·

509 4407 717 4508 cumduci
758 4407 911 4541 jubet,
951 4445 1003 4510 ut
1037 4411 1140 4512 viris
1180 4449 1224 4514 et
1259 4413 1388 4520 armis
1429 4407 1720 4518 metuendum
1759 4413 1957 4518 hostibus

507 4549 747 4655 exercitum
782 4553 1100 4675 consideraret,
1122 4555 1419 4699 eumdemque
1444 4577 1546 4696 post
1575 4561 1700 4661 adse
1731 4594 1952 4679 vocatum,

511 4731 791 4838 quacumque
825 4735 877 4814 ex
912 4735 1068 4821 causa,
1100 4733 1143 4803 et
1177 4739 1203 4812 a
1240 4738 1521 4845 quocumque
1556 4702 1711 4816 missus
1747 4703 1961 4866 venisset,

1872 4885 1959 4950 suas
