4294 5984
571 457 629 548 82
948 473 1031 552 uu
1079 469 1283 550 ussus
1331 467 1550 549 ousrrs

528 641 850 755 ducentonsm,
887 631 1088 772 peditum
1121 630 1273 730 decern
1301 629 1486 770 amplius
1523 624 1747 750 millium,
1786 667 1895 769 quas
1920 667 1998 732 co·

531 784 624 924 pias
668 789 816 881 Petrus
859 777 998 878 Giton
1041 773 1181 874 tribus
1233 773 1414 875 castellis
1461 766 1728 899 Torfum0‚
1769 773 1999 920 Villagar⁴

530 928 638 1045 cia,
675 919 1028 1038 Villabraxima,
1067 957 1206 1060 prope
1242 915 1595 1058 Methymnam,
1637 919 1997 1063 adversariosque

531 1069 849 1187 collocaverat,
870 1065 1003 1166 unde
1045 1059 1431 1199 Methymnensem
1471 1101 1628 1204 agrum
1669 1063 1995 1168 incursionibus

531 1205 791 1314 infestabat.
827 1210 907 1313 Sed
933 1242 1033 1352 post
1067 1210 1308 1308 adventum
1333 1209 1449 1308 Petri
1483 1207 1689 1329 Velisci,
1724 1207 1885 1310 relictis
1922 1207 1995 1310 his

529 1357 666 1476 locis,
696 1355 1029 1498 Villalpandum
1052 1349 1358 1452 Comestabilis
1382 1351 1563 1454 ditionis
1593 1353 1842 1496 oppidum,
1862 1355 1993 1498 quod

531 1539 635 1604 tunc
672 1497 729 1602 ab
769 1500 847 1602 illo
891 1491 1134 1617 defecerat,
1182 1532 1225 1595 ct
1265 1495 1404 1635 plures
1445 1497 1502 1595 ad
1543 1497 1708 1600 bellurn
1747 1501 1991 1640 gerendum

531 1645 874 1746 commoditates
907 1640 1068 1744 habere
1102 1637 1370 1761 videbatur,
1402 1641 1659 1762 contendit,
1697 1637 1753 1742 ab
1794 1644 1992 1787 oppida-

533 1789 688 1930 nisque
719 1789 949 1930 recipitur.
987 1797 1095 1902 Quo
1120 1784 1337 1928 cognito,
1362 1794 1512 1885 Petrus
1534 1785 1737 1890 Velascus
1761 1783 1853 1929 ipse
1873 1821 1992 1931 quo-'

534 1974 622 2075 que
658 1973 752 2034 suas
788 1932 935 2071 copias
976 1926 1244 2064 Methymna
1287 1929 1501 2050 deducit,
1538 1927 1798 2073 proceribus
1831 1969 1990 2033 conse-

533 2075 787 2218 quentibus,
822 2111 864 2176 et
892 2077 941 2174 in
968 2070 1032 2172 his
1061 2073 1264 2174 Federico
1289 2074 1425 2176 etiam
1452 2074 1706 2178 Almiranto
1719 2151 1739 2195 ,
1770 2075 1850 2216 qui
1874 2115 1990 2178 non-

533 2223 641 2324 dum
682 2221 833 2364 Regni
878 2217 1229 2362 procurationem
1275 2217 1460 2320 inivetat
1478 2295 1498 2338 ,
1536 2221 1611 2319 sed
1653 2218 1989 2360 compositionis

532 2399 662 2508 atque
685 2366 803 2508 pacis
824 2399 1051 2463 auctorem
1086 2361 1476 2504 diligentissimum
1506 2402 1591 2464 sese
1625 2359 1891 2503 praebebat,
1925 2362 1992 2464 sic

533 2546 659 2609 suam
694 2510 813 2650 apud
848 2506 1076 2649 populares
1113 2508 1297 2648 gratiam
1333 2516 1554 2640 majorem.
1582 2501 1682 2608 fore.
1714 2506 1991 2625 existimans,

532 2651 568 2754 si
605 2652 729 2792 quasi
765 2651 962 2783 privatus
995 2686 1102 2752 tunc
1133 2689 1236 2752 cum
1271 2649 1336 2749 eis.
1367 2685 1517 2793 ageret
1530 2727 1552 2771 ,
1582 2690 1690 2752 cum
1719 2648 1901 2753 nomine
1944 2685 1991 2750 et

533 2793 796 2896 auctoritate
827 2793 979 2896 Caroli
1012 2795 1160 2936 Regni
1194 2795 1552 2936 procurationem
1581 2830 1726 2938 posset
1761 2790 1913 2894 obite.

589 2949 706 3040 XIII.
759 2948 963 3040 Proceres.
994 2937 1136 3081 igitur
1165 2940 1305 3083 copiis
1339 2937 1556 3040 omnibus.
1583 2937 1854 3078 Methymna
1883 2977 1990 3081 pro-

534 3075 639 3182 fecti
655 3159 672 3200 ‚,
704 3083 913 3184 Torsillas
952 3083 1264 3185 contendunt.
1296 3095 1408 3185 Hoc
1443 3085 1567 3189 eninr
1604 3083 1858 3226 oppidum,
1892 3123 1987 3224 quo

534 3225 745 3367 Regina,
780 3227 849 3326 uti
881 3226 1153 3350 docuimus,
1184 3229 1543 3352 continebatur,
1571 3229 1626 3329 iu
1657 3228 1807 3372 primis
1843 3265 1991 3369 oppu-

534 3406 672 3511 gnare
712 3370 903 3514 placuit,
938 3372 1108 3513 nequid
1141 3372 1303 3476 sinistri
1332 3375 1568 3518 populares.
1599 3375 1824 3475 occasione
1851 3370 1992 3512 Regi-

533 3553 649 3633 nae,
685 3519 736 3614 ur
772 3549 1072 3638 tentaverant,
1115 3517 1409 3659 perficerent.
1442 3519 1517 3621 Ab
1558 3516 1729 3619 horum.
1763 3515 1884 3618 enim
1928 3515 1990 3616 le-

533 3659 644 3796 gatis
671 3658 885 3760 Torsillae
918 3699 1022 3762 cum
1057 3663 1275 3803 praesidio
1311 3659 1602 3784 tenebantur,
1633 3661 1868 3806 oppidanis
1904 3658 1991 3762 sin-

534 3801 676 3942 gulari
710 3804 860 3906 studio
891 3804 1274 3947 conspirantibus,
1308 3807 1397 3950 qui
1425 3850 1455 3908 a.
1485 3816 1619 3909 Petro
1649 3807 1841 3911 Vel'asco
1880 3843 1990 3948 pro-

533 3943 791 4090 retibusque
822 3951 953 4049 missa
985 3950 1246 4093 legatione,
1274 3987 1330 4054 ut
1357 3949 1475 4072 sibi,
1506 3954 1588 4096 qui
1621 3950 1845 4095 Reginam
1875 3949 1991 4050 salu-

533 4121 683 4193 tatum.
713 4095 1048 4217 convenissent,
1081 4097 1253 4198 aditum
1288 4096 1549 4239 praeberent:
1579 4095 1727 4241 rogati
1744 4171 1766 4216 „
1797 4093 1994 4236 spatium.

531 4236 587 4334 ad
623 4240 984 4378 respondendum
1015 4279 1063 4339 se
1094 4279 1319 4345 sumturus
1350 4245 1552 4346 dixerunt
1568 4321 1586 4342 .,
1617 4256 1829 4345 Ceterum
1865 4237 1989 4337 cadu-

530 4415 700 4500 ceator,
731 4384 809 4522 qui
840 4381 1026 4508 bellum,
1047 4386 1129 4489 nisi
1156 4426 1307 4528 portas
1328 4389 1567 4531 aperirent,
1589 4384 1893 4487 denuntiatum
1917 4415 1989 4477 re-

529 4520 686 4643 dibat,
722 4523 779 4650 ab
816 4528 876 4627 eis
913 4567 1008 4629 non·
1041 4566 1110 4628 est·
1138 4533 1380 4650 admissus,
1407 4537 1480 4633 sed
1506 4531 1606 4631 telis.
1630 4530 1783 4675 potius
1802 4567 1858 4628 ex
1881 4561 1991 4624 rnu-

528 4702 578 4764 ro
615 4677 797 4798 rejectus
817 4743 836 4769 .,
868 4678 990 4772 Tum
1025 4679 1174 4773 Petrus
1211 4673 1452 4803 Velascus,
1486 4676 1659 4819 equites.
1694 4713 1800 4775 cunr
1837 4666 1994 4810 Regio

526 4808 721 4936 vexillo,
758 4817 887 4960 quod'
917 4855 1006 4963 pro
1038 4855 1120 4921 suo
1148 4813 1411 4927 hereditario
1450 4815 1605 4940 officio
1635 4819 1882 4927 Femandus
1909 4809 1997 4912 Sil-

926 5047 929 5054 .
1752 5036 1759 5058 .
1895 4995 1956 5060 va
