4326 5986
541 401 659 546 139ο
946 445 1047 526 ,ιιι
1094 445 1294 526 nanus
1343 443 1586 526 eesrrs

532 600 705 723 „letam
741 595 995 701 concidere.
1036 612 1245 700 Ceterum
1280 594 1462 699 fortium
1499 595 1952 761 prudentiumque
1910 641 1976 705 vr·-

531 821 562 863 „
578 781 729 840 rorum
765 777 827 841 est
859 743 1152 844 incommodis
1178 783 1271 842 non
1296 742 1533 842 conflictati
1559 744 1775 882 acceptis,
1808 746 1884 843 sed
1908 786 1973 846 ve-

530 962 561 1007 „
579 872 799 984 trientibus
834 924 1085 993 occurreres
1121 886 1306 1026 proinde
1343 923 1423 986 vos
1450 879 1579 983 facite
1613 921 1696 1024 pro
1723 921 1868 986 vestra
1894 889 1972 990 vir

530 1059 668 1151 „tute
711 1061 755 1126 et
798 1025 1041 1166 sapientia,
1080 1064 1129 1127 ut
1164 1027 1354 1130 levem
1339 1063 1588 1158 jacturam,
1629 1061 1672 1125 ct
1716 1029 1842 1168 quasi
1887 1033 1975 1170 pla

532 1243 565 1293 „
575 1205 715 1306 gam,
750 1207 863 1336 quae
898 1206 1035 1269 stante
1071 1168 1177 1270 urbe
1208 1165 1334 1269 facile
1370 1169 1512 1268 sarciri
1540 1169 1765 1318 sanarique
1829 1174 1976 1293 oterit,
2121 1169 2122 1208 ¹

532 1307 765 1434 „obliti
741 1349 857 1472 jam
881 1311 992 1412 nihil
1027 1312 1181 1430 aliud,
1212 1349 1361 1452 quant
1396 1312 1450 1409 de
1482 1307 1685 1412 Tunetis
1727 1209 1889 1412 deli

531 1528 562 1577 ‚,
578 1451 803 1591 cogitetis,
845 1453 893 1550 in
928 1462 1048 1583 cujus
1091 1453 1338 1553 discrimine
1376 1452 1509 1551 totius
1553 1447 1725 1553 Africae
1767 1451 1876 1552 salus
1924 1453 1976 1556 li-

532 1670 563 1718 „
579 1589 802 1753 bertasque
838 1596 1039 1697 vertitur.
1080 1595 1261 1695 Carolus
1289 1597 1407 1694 adest
1438 1591 1708 1694 Christianus
1743 1593 1908 1712 hostis,
1936 1629 1975 1698 et
2121 1649 2122 1660 ι

531 1735 772 1860 „nomini
799 1734 1145 1855 Mahumetano,
1182 1737 1322 1873 siquis
1352 1775 1589 1874 unquam,
1641 1668 1976 1857 infensissimhst

531 1955 562 2002 ‚,
577 1914 680 1977 curn
715 1916 807 2016 quo
842 1875 969 1977 nobis
1000 1915 1097 1978 non
1132 1880 1186 1978 de
1221 1875 1393 1978 linibus
1405 1915 1665 2040 agrorum,
1661 1917 1773 1977 non
1803 1879 1857 1976 de
1842 1879 1972 2037 glo-

531 2017 683 2142 „ria,
718 2054 762 2116 ec
811 2019 1106 2159 Principatu,
1153 2054 1205 2117 ut
1254 2019 1370 2118 inter
1419 2020 1634 2162 Principes
1685 2055 1760 2121 aut
1811 2019 1971 2118 vicanos

528 2241 560 2284 „
575 2094 760 2298 popitlos
804 2159 897 2260 lieri
940 2162 1081 2278 soler,
1126 2161 1201 2259 scd
1247 2163 1301 2262 de
1347 2159 1581 2281 libertate,
1627 2162 1682 2261 de
1727 2159 1970 2302 religione,

528 2300 781 2428 „devita
837 2301 1031 2463 denique
1087 2337 1303 2402 certamen
1343 2337 1436 2403 est.
1481 2303 1602 2404 Nisi
1656 2297 1768 2402 forte
1823 2304 1974 2443 putatis

527 2439 785 2572 „vobis
744 2444 906 2561 vactis,
947 2479 1021 2542 aut
1075 2444 1232 2544 deditis
1280 2445 1494 2545 Carolnm
1549 2444 1801 2608 aequiorem
1847 2439 1972 2560 fore,

526 2661 561 2710 ,‚
577 2622 713 2720 quarn
747 2520 1071 2684 Mahuinetanis
1106 2584 1357 2688 omnibus
1335 2625 1392 2685 ιιι
1427 2587 1646 2730 Hispania
1678 2582 1834 2704 fuerit,
1869 2625 1970 2725 quos

485 2741 491 2762 ⁸
528 2733 662 2858 „jam
703 2725 813 2828 olim
848 2765 1060 2895 pacatos,
1093 2766 1136 2828 et
1176 2729 1272 2890 lege
1320 2739 1527 2870 Regum
1545 2728 1824 2877 superiorum
1868 2725 1977 2826 libe*

529 2947 558 2993 ‚,
578 2904 685 2985 ros,
722 2869 813 2968 sine
851 2869 1004 2996 injuria
1042 2870 1283 3030 cujuspiam
1322 2907 1553 3010 sancteque
1599 2873 1856 3011 degentes,
1893 2909 1977 2970 non

484 3062 487 3068 s
526 3088 560 3132 „
575 3045 799 3110 contentus
835 3012 952 3110 dura
975 3011 1186 3111 servitute
1211 3045 1441 3171 premere,
1478 3048 1616 3152 nuper
1649 3014 1707 3110 ad
1744 3047 1976 3111 extremam

528 3151 922 3288 „desperationem
957 3153 1197 3293 compulit
1207 3157 1327 3254 data
1334 3153 1534 3294 :optione
1569 3149 1734 3256 crudeli
1757 3153 1892 3253 simul
1919 3185 1975 3251 at·

530 3371 561 3418 „
575 3330 677 3431 que
695 3289 881 3412 nefaria,
918 3327 966 3392 ut
1002 3294 1185 3433 paternis
1218 3293 1391 3395 sedibus
1433 3295 1671 3436 bonisque
1669 3294 1847 3394 relictis
1890 3329 1975 3394 tora

533 3434 792 3574 „Hispania
827 3434 1024 3539 breviore
1060 3471 1286 3578 tempore,
1316 3472 1452 3578 quarn
1485 3474 1574 3540 res
1591 3473 1666 3536 aut
1703 3469 1861 3536 natura
1898 3475 1974 3572 pa-

532 3655 564 3698 „
565 3611 764 3694 teretur,
797 3578 1091 3696 excederent,
1141 3615 1216 3678 aut
1258 3619 1285 3677 a
1329 3577 1648 3679 Mahumetana
1695 3615 1812 3678 sacra
1869 3579 1980 3678 divi-

534 3717 796 3881 „nisusque
816 3718 972 3818 tradita
987 3718 1216 3880 religione
1244 3718 1494 3821 deficientes
1529 3719 1800 3823 Christianae
1837 3757 1982 3880 super

535 3935 581 3983 ,,
577 3860 749 3960 stitioni
778 3859 1089 4024 impietatique
1122 3862 1353 3962 servirent·
1343 3927 1371 3969 ‚
1362 3871 1500 4022 cujus
1536 3862 1807 3965 conditionis
1837 3860 1981 4000 turpi

535 4075 567 4125 „
582 4000 734 4102 dini
710 4041 760 4102 ac
794 4003 1019 4143 iniquitati
1063 4003 1371 4118 honestam
1361 4041 1538 4144 tamque
1568 4039 1766 4104 mortem
1809 3997 1982 4144 praefc

534 4181 720 4272 „rentes
756 4146 952 4285 plerique
988 4146 1241 4246 illorum
1198 4147 1283 4249 vrri
1269 4043 1449 4244 dictes
1475 4181 1518 4244 et
1552 4137 1791 4288 religiosi
1780 4183 1826 4244 m
1862 4183 1984 4244 mon

537 4321 672 4428 „tem
708 4291 948 4426 quemdam
983 4324 1268 4407 secesserunt,
1291 4289 1409 4386 unde
1437 4328 1462 4385 a
1486 4289 1629 4388 multo
1659 4298 1826 4417 majore
1865 4283 1984 4388 Chri

535 4425 825 4550 „stianotum
865 4427 1200 4532 multitudine
1187 4465 1301 4558 jussu
1339 4429 1523 4528 Caroli
1535 4429 1695 4530 ohscssi
1746 4423 1980 4528 fortissime

535 4568 837 4693 „dimicantes
859 4612 921 4670 ac
957 4572 1151 4726 egregie
1171 4611 1281 4722 sese
1277 4569 1395 4667 ulti
1405 4569 1743 4672 :conciderunt.·
1773 4578 1847 4671 An
1891 4603 1987 4666 non

536 4713 770 4841 „stultum
809 4747 914 4851 esset
950 4713 1116 4816 modo
1139 4707 1280 4817 uictos
1307 4711 1704 4869 Mahurhctanos,
1743 4707 1817 4836 vel
1861 4741 1987 4808 metu

1898 4845 1984 4972 „ad

1800 1312 1977 1413 ensione
2121 1335 2122 1428 ζ
