4294 5972
564 440 659 523 '288
970 446 1053 526 DE
1102 443 1303 526 REBUS
1352 441 1568 524 GESTIS

516 610 688 758 „quasi
713 606 854 711 'velles
892 645 943 706 ea
970 597 1149 708 ¹rarione
1177 605 1579 710 Mediolanensium
1606 599 1802 726 animos,
1824 607 1990 753 nequid

517 840 553 892 ‚,
569 761 615 860 in
653 792 695 856 te
734 789 967 856 moverent
1004 754 1179 854 tamdiu
1214 751 1472 869 continere,
1509 750 1651 850 donec
1687 787 1853 854 ceteros
1887 793 1990 858 tuos

517 903 712 1028 „hostes
751 895 1038 1022 debellasses‚
1076 935 1120 998 et
1156 933 1264 998 esset
1301 896 1357 997 de
1392 891 1560 996 cunctis
1597 891 1786 996 victoria
1820 899 1987 1002 confir-

516 1129 548 1172 „
566 1081 711 1146 mata.
763 1051 927 1188 Neque
965 1043 1085 1144 enim
1129 1042 1290 1143 adduci
1335 1070 1538 1181 poterant
1582 1035 1788 1142 homines
1842 1081 1985 1148 rerum

514 1189 560 1316 l„
576 1188 826 1292 Italicarum
863 1187 1024 1330 periti,
1062 1227 1116 1288 eo
1153 1222 1199 1287 te
1234 1184 1467 1287 vecordiae
1502 1181 1602 1316 (sic
1630 1184 1752 1284 enim
1776 1185 1985 1326 ajebant)

519 1414 550 1460 ‚,
567 1333 837 1478 procesisse,
870 1367 922 1432 ut
965 1345 1193 1432 Ducatum
1246 1327 1630 1429 Mediolanensem
1682 1362 1775 1431 tarn
1822 1371 1985 1476 magno
2124 1355 2125 1366 '

519 1560 552 1604 ‚‚
569 1515 777 1597 emtum,
814 1513 860 1577 er
895 1515 989 1618 quo
1033 1474 1235 1576 Italicum
1269 1472 1507 1615 imperium
1548 1469 1742 1575 maxime
1779 1481 1988 1580 contine*

522 1703 554 1746 „
571 1657 670 1741 tur,
699 1619 835 1751 alteri
863 1619 1116 1761 permittere
1145 1620 1345 1721 animum
1370 1616 1593 1719 induceres
1643 1657 1727 1718 nec
1754 1629 1847 1751 jure
1886 1663 1985 1724 con

522 1762 879 1908 „sanguinitatis
915 1765 998 1868 tibi
1034 1774 1306 1897 conjuncto,
1354 1803 1436 1864 nec
1471 1760 1640 1902 aliquid
1682 1803 1894 1906 magnum
1932 1768 1987 1868 de

521 1989 552 2034 ,‚
569 1946 612 2009 te
654 1909 854 2025 merito,
894 1911 952 2013 ad
995 1947 1222 2011 summum
1266 1917 1389 2042 cujus
1434 1906 1569 2007 fidem
1618 1905 1740 2006 nullis
1782 1909 1986 2048 periculis

520 2048 746 2178 „haberes
785 2089 1086 2196 perspectam.
1131 2063 1196 2154 Ex
1241 2093 1329 2194 qua
1373 2048 1621 2192 suspicione
1663 2085 1762 2150 orta
1806 2088 1870 2152 est
1912 2053 1987 2152 illa

520 2195 815 2338 „periculosa
843 2235 887 2300 et
911 2197 1173 2301 difficillima
1197 2197 1245 2298 in
1276 2233 1320 2298 te
1356 2230 1427 2297 tot
1453 2193 1728 2336 Populorum
1772 2235 1823 2294 ac
1863 2195 1984 2298 Prin-

521 2419 555 2466 ‚‚
569 2341 750 2484 cipum,
789 2381 983 2486 quorum
1019 2344 1063 2444 in
1099 2342 1251 2483 primis
1281 2337 1366 2441 fuit
1391 2337 1636 2442 Franciscus
1666 2336 1847 2462 Sfortia‚
1883 2380 1981 2442 con
2128 2477 2129 2482 Ν

521 2564 554 2609 ,‚
569 2487 773 2624 spirati0,
810 2491 920 2590 dum
954 2523 1046 2588 tuas
1083 2526 1190 2627 opes
1224 2485 1272 2584 in
1293 2483 1435 2605 Italia,
1471 2482 1662 2584 nimium
1682 2496 1863 2586 Ducatu
1884 2495 1981 2586 Me-

520 2630 809 2751 „diolanensi
846 2661 1155 2774 augescentes,
1180 2627 1342 2773 partim
1375 2663 1588 2771 suspectas
1624 2624 1882 2748 haberent„
1913 2667 1977 2730 ar⁴

520 2851 552 2894 ‚,
568 2771 652 2870 tim
688 2772 965 2898 invidiosas,
999 2819 1025 2878 a
1061 2774 1224 2918 quibus
1260 2773 1675 2916 periculosissimum
1716 2770 1847 2873 nobis
1883 2667 1981 2872 bel*

522 2993 553 3037 „
570 2915 663 3015 lum
698 2917 895 3059 primum
932 2923 989 3021 ad
1024 2918 1255 3039 Insubres,
1292 2919 1451 3021 deinde
1486 2919 1534 3020 in
1568 2931 1727 3059 Regno
1764 2916 1982 3061 Neapoli-

522 3096 676 3180 „rano
712 3063 1023 3168 communibus
1058 3066 1189 3166 armis
1224 3063 1395 3167 illatum
1432 3100 1514 3166 est.
1553 3059 1752 3165 Obsecro
1781 3099 1847 3184 te,
1870 3075 1983 3166 Cae*

520 3281 552 3324 ‚‚
569 3243 658 3324 sar,
691 3205 749 3326 si,
775 3245 825 3310 ut
847 3209 992 3313 victor
1020 3208 1262 3351 utrobique
1297 3249 1350 3310 ex
1384 3209 1564 3310 summis
1598 3243 1783 3308 tuorum
1818 3205 1980 3350 pericu-

522 3422 553 3467 „
568 3346 617 3446 lis
648 3345 798 3471 fitisti,
833 3353 894 3453 sic
920 3355 1061 3458 victus
1088 3351 1264 3474 firisses,
1301 3389 1533 3494 poterasne
1563 3351 1856 3494 iniquioribus
1880 3391 1984 3452 con·-

518 3563 556 3634 ,³³
571 3490 849 3616 ditionibus,
885 3537 961 3600 aut
997 3497 1143 3600 minus
1192 3541 1246 3598 ex
1287 3532 1364 3597 tua
1400 3499 1614 3640 dignitate
1666 3533 1826 3638 pacem
1881 3533 1986 3598 cum

522 3710 555 3754 „
569 3638 792 3740 Francisco
826 3634 1005 3761 Sfortis,
1040 3680 1116 3744 aut
1152 3642 1335 3742 Venetis
1370 3633 1534 3764 facere,
1560 3677 1698 3782 quam
1730 3675 1781 3740 ut
1815 3673 1867 3739 tu
1902 3638 1988 3762 his,

524 3781 792 3922 „quidquid
827 3819 956 3887 tuum
992 3823 1068 3925 per
1112 3783 1206 3918 vim
1251 3821 1325 3886 aut
1368 3785 1527 3888 dolum
1571 3817 1872 3925 occuparunt;
1922 3783 1989 3886 illi

523 3998 556 4043 ‚,
570 3935 794 4027 Ducatum
828 3929 1204 4031 Mediolanensem
1229 3929 1416 4032 retinere
1441 3928 1732 4071 permitteresr
1758 3927 1861 4070 ipsi,
1896 3925 1990 4030 bel-

524 4146 556 4191 „
570 4067 666 4170 lum
700 4108 726 4169 a
760 4106 803 4169 te
839 4109 893 4172 ne
929 4111 1244 4191 renovaretur,
1279 4072 1355 4174 vix
1404 4074 1528 4176 unius
1563 4073 1667 4174 anni
1699 4071 1989 4214 vectigalibus

525 4290 558 4333 „
572 4213 865 4316 redimerent?
900 4224 964 4318 At
999 4217 1128 4320 bonis
1154 4213 1259 4318 viris
1295 4251 1402 4356 pace
1433 4255 1603 4360 semper
1633 4250 1696 4316 cst
1721 4214 1840 4316 bello
1865 4255 1988 4359 prae·

527 4351 791 4473 ‚,ferenda:
836 4359 934 4498 quis
978 4393 1145 4504 negat?
1194 4360 1328 4462 Addo
1370 4361 1506 4464 etiam
1545 4371 1665 4496 justo
1711 4357 1829 4460 bello
1876 4361 1986 4462 nibil

527 4571 558 4617 „
572 4497 714 4616 aliud,
750 4541 888 4637 quam
924 4544 1079 4642 pacem
1115 4503 1229 4643 peti3
1266 4505 1341 4603 sed
1377 4547 1514 4648 quam
1550 4529 1726 4643 pacem?
1762 4512 1839 4605 An
1873 4542 1983 4623 eam,

528 4714 559 4764 ‚‚
574 4678 687 4780 quae
722 4638 866 4744 fututa
901 4645 954 4744 sit
991 4684 1115 4744 causa
1152 4645 1254 4745 belli
1289 4649 1433 4749 multo
1470 4644 1761 4750 difficilioris?
1796 4659 1875 4748 Fac
1904 4685 1983 4788 pa·-

436 4834 443 4850 ·
529 4822 672 4906 „cem
707 4788 799 4890 istis
834 4786 1005 4930 legibus
1043 4824 1158 4894 trans
1193 4787 1392 4900 Padums
1427 4803 1518 4928 jam
1554 4791 1639 4898 tibi
1669 4791 1750 4892 erit
1775 4791 1823 4894 in
1851 4801 1988 4892 Cam-

1880 4975 1989 5080 ’spa‘
