4298 5980
572 413 662 529 256
975 432 1058 516 DE
1104 427 1301 514 REBUS
1342 426 1559 512 GEs'rls
1696 489 1700 499 .

528 565 691 675 bebat.
729 572 852 671 Nam
886 561 1073 706 cymbae
1126 599 1171 664 et
1206 559 1390 704 scaphae
1426 554 1627 702 quotidie
1666 551 1787 678 fere,
1818 551 1887 663 his
1920 556 1998 667 in«

528 712 664 842 vitis,
699 755 753 816 ex
778 722 930 849 Cajeta
967 703 1189 853 profectae
1226 743 1410 849 portum
1445 701 1703 806 intrabant.
1745 703 1820 805 Ad
1856 745 1999 850 quam

527 856 684 963 urbem
721 897 806 1000 ego
843 893 951 957 tunc
986 853 1198 995 temporis
1222 854 1398 953 aderam
1429 888 1532 952 cum
1559 846 1742 951 Thoma
1767 849 1861 952 Vio
1888 865 1996 956 Car-

526 1003 671 1107 dinale
713 1001 809 1101 viro
859 999 1066 1142 singulari
1115 997 1329 1140 religione
1380 1031 1424 1096 et
1473 991 1751 1136 Theologica
1788 996 1991 1102 doctrina

525 1147 673 1248 clato.
721 1149 847 1247 Nam
895 1180 997 1286 post
1045 1142 1164 1243 urbis
1212 1153 1387 1243 Romae
1417 1136 1731 1281 ¹direptionem
1781 1137 1818 1239 is
1864 1152 1992 1276 Caje-

440 1313 445 1323 '
526 1325 620 1392 tam
654 1291 811 1392 urbem
847 1289 1071 1431 patriam,
1100 1296 1222 1422 cujus
1252 1285 1387 1388 etiarn
1410 1283 1626 1386 Ecclesiae
1659 1282 1853 1386 Antistes
1892 1325 1993 1412 erat,

528 1475 616 1580 ego
653 1432 894 1576 Neapolim
931 1473 1003 1534 me
1039 1469 1318 1575 receperam,
1363 1431 1482 1532 unde
1517 1426 1574 1529 ab
1610 1427 1708 1569 ipso
1746 1422 1990 1536 studiorum

528 1579 671 1724 gratia
706 1580 821 1682 inter
857 1577 983 1681 initia
1018 1576 1122 1679 belli
1158 1575 1286 1710 hujus
1323 1612 1421 1674 sum
1465 1609 1706 1695 evocatus,
1742 1610 1794 1675 ur
1834 1616 1888 1676 ex
1929 1617 1996 1679 sa·
2129 1669 2130 1672 γ

528 1765 599 1828 cra
623 1724 754 1828 Novi
779 1724 1056 1826 Testamenti
1092 1720 1333 1861 scriptura,
1371 1757 1509 1860 quarn
1534 1718 1703 1860 scripto
1733 1753 1835 1821 tunc
1872 1761 1991 1822 enar-

527 1865 684 1989 rabat,
726 1865 908 1969 obscura
955 1904 999 1969 et
1043 1865 1252 2004 ancipitia
1298 1863 1395 1963 loca
1437 1864 1493 1964 ad
1538 1901 1741 2002 normam
1774 1876 1990 1968 Graecam
2130 1943 2131 1976 ,

528 2049 601 2114 me
636 2009 837 2114 adhibito
873 2013 989 2147 (nec
1025 2009 1148 2111 enim
1184 2008 1272 2154 ipse
1313 2016 1478 2110 Graece
1520 2013 1739 2148 noverat)
1781 2007 1991 2152 dirigeret
2130 2007 2131 2010 Ὺ

528 2197 579 2258 ac
615 2155 897 2298 explanaret.

600 2306 742 2405 XVII.
814 2310 880 2402 Ex
904 2311 1056 2436 Cajeta
1091 2297 1230 2444 igitur
1264 2297 1523 2446 quotidiana
1558 2295 1646 2418 fere
1681 2296 1989 2402 consuetudine
2131 2301 2132 2342 ³

529 2443 711 2587 scaphae
746 2445 914 2585 vesperi
948 2445 1255 2556 discedebant3
1292 2483 1336 2546 et
1377 2483 1653 2589 quamquam
1700 2483 1860 2547 eorum
1902 2443 1989 2546 dis-

530 2627 667 2692 cessus
704 2625 871 2728 semper
906 2589 1127 2692 nocturnis
1167 2589 1344 2733 ignibus
1389 2631 1443 2690 est
1483 2591 1590 2692 locis
1640 2589 1746 2691 citra
1794 2624 1836 2690 et
1876 2624 1988 2688 trans

529 2732 685 2870 Lysim
707 2770 886 2833 amnem
912 2733 1040 2836 editis
1077 2733 1461 2878 significabantur,
1496 2771 1646 2836 tamen
1687 2733 1737 2835 in
1763 2732 1994 2836 Aenariam

535 2875 721 2978 insulam
774 2876 1141 3021 appellebantur·‚
1192 2876 1296 2980 hinc
1348 2877 1474 2978 malis
1527 2878 1725 3019 velisque
1785 2876 1995 3018 depositis

531 3021 722 3164 remigio
772 3017 864 3123 fere
918 3027 1223 3125 duodenorum
1271 3021 1509 3124 bominum
1564 3022 1773 3124 incitatae
1826 3021 1995 3125 silentio

530 3165 672 3268 noctis
708 3167 756 3266 in
791 3203 973 3309 portum
1001 3168 1350 3310 Neapolitanum
1386 3164 1725 3309 perveniebant.
1757 3171 1849 3268 Aut
1872 3165 1994 3267 enim

532 3349 609 3410 sua
645 3309 912 3452 exiguitate,
941 3350 985 3415 et
1020 3313 1247 3415 nocturnis
1282 3310 1501 3432 tenebris,
1529 3313 1728 3413 triremes
1771 3345 1890 3411 extra
1924 3345 1993 3410 te-

530 3453 566 3553 li
600 3463 766 3586 jactum
802 3457 859 3558 ab
890 3457 1057 3560 arcibus
1094 3458 1142 3557 in
1177 3456 1322 3557 littore
1349 3491 1536 3561 remotas
1572 3451 1811 3574 fallebant,
1840 3491 1939 3571 aut,
1964 3452 1998 3554 si

532 3590 648 3700 forte
684 3598 784 3698 illae
820 3601 1178 3740 praesensissent,
1200 3601 1340 3703 illatas
1375 3599 1593 3701 celeritate
1632 3595 1994 3740 praecurrebant,

534 3741 645 3846 vino
692 3781 854 3886 magna
908 3787 960 3846 er
1008 3783 1167 3888 parte,
1214 3784 1258 3848 et
1300 3741 1489 3847 oleribus
1530 3744 1749 3887 salitisque
1792 3740 1999 3845 cantibus

534 3921 750 3997 onustae3
789 3892 913 4031 quod
948 3891 1050 3991 licet
1086 3929 1213 4034 saepe
1255 3891 1373 3992 nulla
1420 3884 1511 3991 fere
1558 3928 1710 3992 earum
1757 3887 1998 4031 intercepta

535 4025 765 4154 facerent,
808 4069 956 4136 tamen
999 4035 1049 4137 in
1095 4072 1216 4136 tanta
1257 4031 1496 4138 hominurn
1538 4033 1823 4160 multitudine
1871 4073 1998 4135 com-

492 4163 499 4176 ’
534 4211 765 4279 meatuum
798 4176 997 4320 inopiam
1033 4219 1189 4322 parum
1223 4174 1510 4280 sublevabant
1536 4217 1550 4289 3
1579 4179 1705 4321 quod
1728 4176 2001 4281 animadver-

536 4351 626 4418 tens
658 4331 801 4464 Hugo
842 4326 1066 4426 Moncada
1078 4402 1094 4445 ,
1129 4365 1181 4425 ac
1222 4321 1505 4425 obsidionem
1541 4322 1788 4466 intelligens
1834 4321 2000 4426 levissi-

536 4497 659 4562 mam
693 4459 812 4584 fott,
837 4466 874 4568 si
909 4507 1028 4570 mare
1065 4485 1238 4610 pateret
1258 4468 1553 4590 Caesarianis,
1589 4467 1813 4609 liberaque
1850 4507 1903 4566 ex
1935 4464 2002 4566 Si-

536 4603 637 4704 cilia
683 4606 924 4750 ceterisque
960 4610 1205 4750 Hispaniae
1240 4610 1422 4713 ditionis
1458 4612 1606 4716 insulis
1646 4611 1885 4754 Neapolim
1920 4647 2005 4708 na·-

534 4746 711 4896 -vigatio
750 4751 1036 4884 redderetur,
1061 4755 1315 4864 conandum
1349 4751 1436 4867 sibi
1470 4759 1656 4884 statuit,
1690 4758 1728 4864 si
1763 4797 1854 4904 qua
1882 4753 2007 4920 ratio

1881 4937 1975 5006 lm·-
