4368 5984
565 397 628 476 vr.
948 400 1551 498 tortesmastnucvanna

542 549 642 633 stat,
672 523 907 642 Sepulvedae
935 555 1020 616 eam
1051 529 1266 619 addiscendi
1297 529 1529 646 provinciam
1565 522 1674 618 luisse
1702 527 1995 646 demandatam,

541 675 641 764 quae
664 676 745 734 non
770 647 836 734 nisi
861 647 1068 766 Theologis
1090 651 1269 764 parebat.
1297 651 1440 738 Scimus
1453 674 1583 738 tamen
1598 711 1610 757 ,
1626 649 1886 767 Philosophiae
1902 687 1994 743 eum

540 795 697 883 operam
728 765 871 854 dedisse
902 770 971 854 sub
997 769 1114 854 Petro
1142 771 1427 887 Pomponario,
1461 785 1474 825 ¹
1507 769 1575 886 qui
1591 798 1677 856 eam
1703 771 1741 856 in
1760 776 1994 861 Bononiensi

541 885 747 973 Academia
763 884 914 972 edocuit
929 887 979 971 ab
997 916 1101 972 anno
1123 914 1248 1000 1515.
1276 890 1326 975 ad
1343 919 1433 975 ann.
1455 919 1581 1000 1527.
1614 888 1689 975 Sed
1704 891 1888 1006 quoniam
1906 924 1995 1010 pro·

542 1007 592 1090 be
609 1005 666 1090 vir
683 1005 847 1119 prudens
867 1003 1123 1123 intelligebat,
1151 1009 1213 1094 vix
1242 1038 1351 1122 posse
1381 1037 1616 1124 quemquam
1651 1010 1830 1126 progredi
1853 1035 1937 1097 rum
1954 1012 1992 1098 in

542 1123 812 1238 Philosophia,
837 1123 975 1208 tumin
996 1124 1152 1210 scientiis
1178 1126 1434 1213 sacratioribus
1459 1129 1535 1213 sine
1559 1131 1729 1213 Graecae
1761 1128 1996 1246 Latinaeque

543 1241 722 1329 orationis
734 1241 860 1328 studio
877 1242 982 1329 haud
998 1241 1176 1330 mediocri
1193 1277 1203 1330 ε
1233 1243 1322 1330 nihil
1338 1246 1438 1362 prius
1452 1247 1518 1332 sibi
1534 1243 1747 1332 faciendum
1762 1247 1995 1354 existimavit,

444 1421 446 1428 ·
543 1387 663 1479 quam
680 1420 695 1467 ,
711 1362 740 1446 si
762 1359 872 1477 quod
901 1389 924 1445 a
951 1361 1098 1478 reliquis
1118 1363 1244 1449 studiis
1270 1391 1460 1478 supererat
1491 1363 1693 1479 temporis,
1724 1389 1852 1453 totum
1867 1366 1906 1450 in
1922 1366 1996 1453 hac

545 1479 806 1568 exercitatione
827 1479 1080 1594 impenderet.
1113 1484 1245 1576 Quare
1274 1507 1419 1570 tantam
1446 1483 1513 1571 sibi
1542 1482 1648 1571 brevi
1670 1483 1709 1569 in
1734 1508 1901 1600 utroque
1916 1514 1995 1572 ser·-

546 1629 662 1686 mone
687 1596 902 1684 facultatem
931 1601 1202 1715 comparavit,
1229 1626 1273 1687 ut
1300 1603 1489 1690 vertendis
1515 1631 1538 1688 e
1565 1605 1718 1688 Graeco
1742 1602 1781 1685 in
1816 1603 1997 1694 [atinum

545 1717 853 1832 exponendisque
879 1718 1102 1833 quibusdam
1125 1718 1332 1806 Aristotelis
1361 1721 1596 1837 aliorumque
1616 1721 1797 1807 Graeciae
1827 1721 1998 1809 Philoso-¹

545 1838 713 1952 phorum
742 1834 1022 1944 voluminibus,
1053 1837 1128 1951 iarn
1157 1865 1241 1925 tum
1263 1838 1347 1926 licet
1372 1838 1514 1952 iuvenis
1545 1868 1729 1954 magnum
1756 1839 1823 1924 sibi
1852 1868 1997 1925 nomen

545 1952 673 2042 fecerit
696 1953 800 2070 apud
822 1979 990 2070 posteros
1007 2019 1019 2062 ,
1036 1985 1106 2042 ceu
1120 1979 1303 2044 testantur
1319 1956 1361 2044 id·
1380 1988 1499 2076 genus
1524 1957 1829 2064 lucubrationes,
1857 1973 1875 2014 ²
1895 1987 1996 2073 quae

546 2073 587 2160 in
612 2074 734 2162 lucem
751 2073 903 2162 emissae
919 2077 969 2162 ad
986 2100 1149 2162 aetatem
1161 2101 1333 2166 nostram
1358 2105 1562 2190 pervenere
1579 2105 1775 2193 ,quasque
1792 2107 1862 2164 suo
1890 2076 1999 2184 loco,

548 2218 694 2282 servata
719 2221 908 2282 annonem
933 2194 1052 2302 serie,
1079 2194 1216 2313 quibus
1236 2221 1258 2280 e
1289 2194 1394 2314 prelo
1425 2195 1622 2302 exierunt,
1650 2194 1836 2312 copiosius
1864 2223 1997 2284 recen-

549 2313 723 2400 sebimus.

639 2434 826 2527 Quamvis
852 2433 1062 2550 Seprdveda
1079 2465 1159 2521 non
1181 2465 1263 2521 uno
1292 2435 1330 2520 in
1358 2435 1447 2521 loco
1479 2437 1682 2519 Doctorem
1711 2462 1750 2519 se
1777 2432 1999 2543 Theologum

549 2551 741 2666 appellitet
756 2614 769 2659 ,
786 2553 939 2638 minime
955 2579 1083 2639 tamen
1099 2578 1247 2639 constat
1264 2612 1278 2657 ,
1304 2581 1393 2638 eum
1417 2551 1615 2638 Bononiae
1642 2576 1710 2637 aut
1738 2550 1911 2666 Magistri
1927 2557 2001 2637 Ar·

550 2670 685 2777 tium,
712 2695 779 2756 aut
819 2672 996 2758 Doctoris
1016 2670 1207 2788 Theologi
1236 2670 1403 2757 lauream
1430 2670 1627 2786 suscepisse
1657 2731 1671 2775 ,
1707 2667 1805 2754 dum
1830 2668 1927 2753 inter
1952 2668 2000 2754 il-

550 2787 621 2874 lius
646 2789 805 2906 Collegii
834 2789 1006 2877 alumnos
1029 2815 1264 2877 censeretur.
1295 2791 1561 2885 Quamobrem
1597 2786 1790 2876 verisimile
1819 2786 2002 2872 eristima-

551 2937 675 3014 mus,
710 2909 873 2996 honores
897 2908 976 2995 illos
1000 2911 1156 2995 Romae
1188 2907 1406 3025 adeptum:
1440 2939 1529 2996 nam
1557 2907 1595 2990 in
1617 2905 1836 2992 authentico
1865 2905 1999 2990 instru-

552 3049 684 3112 mento
700 3026 750 3111 ibi
765 3051 954 3114 asservato
971 3087 983 3133 ,
1001 3057 1048 3112 ex
1063 3057 1144 3142 quo
1161 3026 1272 3142 plane
1289 3050 1464 3133 constat,
1480 3024 1731 3140 Sepulvedam
1748 3052 1852 3108 anno
1875 3025 2002 3134 1536.

550 3143 765 3260 Collegium
797 3145 991 3250 invisisse,
1017 3169 1056 3230 et
1084 3146 1122 3230 in
1150 3145 1244 3232 libro
1259 3146 1450 3232 rationum
1475 3145 1612 3230 eodem
1627 3172 1732 3228 anno
1752 3166 1905 3228 exarato
1938 3169 2001 3226 re-

551 3261 690 3375 peritur
714 3262 963 3377 Sepulvedam
979 3263 1065 3348 albi
1082 3264 1300 3374 Magistri,
1329 3263 1415 3350 alibi
1431 3265 1613 3348 Doctoris
1627 3269 1672 3348 io
1699 3255 1946 3370 Philosophia
1962 3273 2002 3342 et

552 3379 754 3490 Theologia
781 3382 936 3468 honoris
952 3382 1113 3498 gradum
1136 3381 1203 3467 sibi
1217 3381 1435 3470 adscribere.
1468 3386 1567 3466 Sunt
1587 3380 1655 3496 qui
1677 3379 1915 3483 existiment,
1932 3381 2003 3462 Se·

552 3497 757 3610 pulvedam
780 3499 1015 3617 Theologiae
1044 3497 1292 3615 professorem
1325 3497 1434 3586 fiisse
1462 3498 1698 3615 designatum
1725 3497 1767 3582 in
1796 3493 2003 3583 Academia

553 3617 782 3702 bononiensi
798 3647 811 3721 ·,
838 3648 971 3706 verum
981 3619 1032 3706 de
1049 3620 1123 3705 hoc
1135 3619 1253 3706 altum
1269 3619 1372 3734 apud
1388 3620 1569 3734 probatos
1588 3617 1784 3732 scriptores
1800 3613 1999 3701 n‘lentium.

655 3735 729 3822 Sed
761 3737 944 3852 quoniam
991 3737 1170 3852 temporis
1210 3735 1395 3824 rationem
1427 3798 1441 3842 ,
1486 3763 1585 3852 quae
1619 3733 1922 3822 commodissima
1954 3761 2004 3816 o-

555 3851 699 3940 mniurn
724 3854 800 3942 visa
821 3880 907 3961 est,
940 3855 1171 3971 sequendam
1196 3854 1329 3960 nobis,
1349 3881 1538 3972 quantum
1550 3854 1705 3970 quidem
1735 3849 1886 3956 licebit,
1909 3879 2000 3964 pro·

555 3970 745 4083 posuimus
769 3999 852 4060 tum
882 3973 1096 4060 inauctoris
1119 3973 1196 4060 vita
1225 3973 1504 4079 describenda,
1534 3995 1618 4058 tunt
1644 3972 1683 4057 in
1716 3969 1793 4082 eius
1830 3968 2007 4084 operibus

554 4091 810 4176 recensendis:
842 4122 898 4177 res
914 4092 1101 4206 postulare
1127 4092 1309 4198 videtur,
1339 4116 1384 4177 ut
1403 4091 1452 4177 de
1480 4088 1628 4205 Aegidii
1643 4087 1857 4176 Albornotii
1873 4147 1885 4192 ,
1900 4083 2008 4196 cuius

555 4204 722 4318 auspiciis
738 4235 777 4294 et
797 4211 978 4296 sumtibus
990 4210 1229 4298 Bononiense
1245 4208 1460 4326 Collegium
1476 4207 1640 4294 honestis
1658 4206 1773 4293 nostri
1790 4203 1934 4320 generis
1948 4204 2010 4316 ius

555 4324 928 4414 venibuslitterarum
944 4328 1066 4414 studia
1081 4328 1353 4418 aemulantibus
1369 4351 1424 4416 est
1443 4325 1656 4432 conditum,
1675 4323 1863 4412 historiaa
1878 4320 2010 4435 Septd·

1941 4467 2010 4524 VC·

599 4578 613 4618 1
656 4561 725 4627 Fuit
745 4563 953 4640 Pomponatius
972 4566 1019 4624 hie
1039 4566 1220 4626 Mantuanus
1233 4605 1244 4640 ,
1256 4564 1336 4640 cujus
1356 4575 1451 4622 exstat
1468 4563 1541 4620 liber
1555 4563 1590 4620 de
1605 4561 1761 4622 animorum
1773 4553 2011 4628 immortalitate,

556 4641 718 4701 rarissimus
738 4645 788 4702 ille
804 4646 943 4720 quidem,
963 4659 993 4704 et
1013 4649 1050 4703 ob
1067 4641 1257 4706 athelstanum
1272 4647 1410 4718 dogmata
1430 4641 1556 4700 famosus
1570 4682 1582 4715 ‚
1594 4643 1631 4702 de
1652 4660 1708 4717 quo
1726 4638 1865 4696 videndus
1879 4637 1898 4712 J
1901 4651 2012 4694 oarsnes

557 4721 638 4796 Vogt
658 4723 689 4778 in
710 4723 846 4805 catologo
859 4724 1001 4784 librorum
1015 4729 1131 4784 rarior.
1145 4742 1175 4784 et
1196 4727 1275 4783 Bael.
1294 4725 1326 4780 in
1343 4723 1527 4782 haeretic.

611 4819 628 4858 a
684 4803 830 4864 Memorat
849 4806 900 4864 has
919 4807 1172 4880 interpretationes
1186 4823 1250 4862 suas
1266 4818 1371 4863 auctor
1393 4805 1424 4862 in
1445 4799 1626 4878 praefatione
1642 4801 1678 4859 ad
1692 4800 1782 4858 libros
1796 4813 1890 4855 rerum
1913 4804 2013 4887 gesta·

556 4897 620 4939 rum
643 4882 759 4957 Aegidii
784 4887 976 4956 Alburnorii,
998 4889 1029 4942 in
1052 4886 1277 4959 Antapologia,
1300 4887 1330 4942 in
1354 4883 1478 4958 epistola
1497 4883 1534 4940 ad
1558 4883 1727 4958 Philippum
1739 4881 1780 4940 11.
1803 4877 1961 4956 praemissa
1973 4877 2014 4949 113·

558 4961 615 5020 bris
636 4961 804 5024 Aristotelis
820 4967 856 5025 de
872 4967 1057 5041 Republica,
1077 4980 1106 5023 er
1126 4966 1233 5042 passim
1253 4967 1284 5024 in
1298 4965 1487 5042 epistolarum
1499 4961 1651 5024 fasciculo.
