4284 5982
533 391 696 462 xcvur.
949 393 1084 486 sonu.
1114 388 1228 464 GEN.
1257 351 1562 463 senucvdbne

505 541 552 600 se
577 516 698 651 ipsum
716 515 903 622 tribuere,
927 529 1071 632 poenas
1097 544 1224 606 autem
1255 517 1437 634 legitimas
1466 545 1520 606 et
1527 515 1676 632 suplicia
1700 517 1875 606 nonnisi
1899 521 1972 634 per

513 636 749 751 magistratus
765 661 803 720 et
819 635 953 750 iudices
969 665 1092 725 rerum
1109 637 1345 750 capitalium
1337 666 1514 753 trtogare.
1549 637 1683 722 Cultus
1705 662 1837 722 autem
1864 636 1971 724 veti·

517 752 602 837 tatis
625 783 670 838 ex
691 755 865 850 omnibus
882 759 1026 888 Regem
1045 755 1245 868 plurimum
1264 756 1396 858 decet,
1424 784 1504 840 non
1526 754 1646 840 modo
1662 781 1706 841 ut
1721 753 1840 840 fidem
1860 783 1972 866 prae

518 894 592 954 stet
614 897 653 957 et
685 871 968 984 jusjurandum,
990 901 1017 954 st
1007 871 1185 987 ’'quod
1176 903 1215 958 ιιι
1238 871 1469 1006 susceptione
1500 870 1606 1006 regni
1631 872 1679 958 de
1694 869 1897 985 privilegiis
1930 893 1971 956 et

516 986 815 1074 immunitatibus
837 991 982 1104 populis
998 1016 1063 1075 aut
1087 989 1235 1106 singulis
1251 989 1418 1076 civibus
1409 989 1607 1124 irrogatis,
1631 989 1839 1104 ceterisque
1866 987 1972 1072 insti-

517 1105 611 1208 tutis
633 1130 672 1191 et
697 1109 862 1190 moribus
887 1108 1075 1242 servandis
1096 1107 1267 1211 dederit,
1282 1109 1346 1197 sed
1362 1131 1404 1192 ut
1419 1105 1607 1192 neminem
1631 1106 1731 1192 inani
1750 1135 1816 1220 spe
1833 1103 1976 1214 injecta·

423 1297 426 1302 .
522 1221 700 1327 deludat,
717 1249 782 1308 aur
803 1221 919 1320 fallaci
945 1226 1116 1314 oratione
1144 1224 1422 1346 circumveniat
1453 1224 1526 1309 Sed
1556 1251 1626 1310 nec
1651 1221 1764 1309 alide
1781 1219 1970 1355 temporis

522 1341 643 1455 gratia
660 1342 720 1429 vel
736 1343 901 1426 hostibus
916 1405 927 1446 ,
944 1344 1006 1432 vel
1021 1343 1197 1457 improbis
1211 1369 1249 1428 et
1250 1331 1440 1430 seditiosis
1466 1341 1608 1429 ciuibus
1631 1340 1720 1427 data
1743 1338 1861 1426 Rex
1851 1363 1974 1453 justus

522 1482 565 1542 et
567 1460 750 1594 prudens
776 1489 958 1596 umquam
991 1461 1166 1554 discedet.
1200 1461 1429 1548 Cavendum
1458 1458 1570 1546 ctiam
1598 1482 1681 1565 est,
1713 1485 1762 1544 ne
1791 1486 1832 1542 se
1860 1459 1974 1544 unius

523 1575 639 1660 etiam
669 1579 849 1692 ingeniosi
875 1604 913 1664 et
941 1606 1064 1664 terum
1089 1578 1193 1692 periri
1222 1577 1375 1665 consilio
1408 1575 1668 1690 voluntatique
1691 1574 1875 1680 addicat,
1903 1575 1971 1662 sed
2073 1673 2078 1681 .

523 1694 772 1808 complurium
790 1696 960 1812 gravium
976 1698 1260 1820 sapientumque
1276 1696 1444 1782 virorum
1460 1693 1657 1808 prudentia
1674 1692 1850 1828 dueatur,
1861 1635 1974 1778 inni·-

523 1835 587 1908 tos
603 1812 754 1898 consilio
770 1841 809 1904 et
826 1815 962 1900 virtute
978 1838 1202 1928 praestantes
1219 1811 1541 1901 deliberationibus
1555 1811 1603 1898 de
1616 1811 1760 1947 magnis
1775 1813 1893 1897 rebus
1904 1811 1971 1897 ad·

528 1929 666 2030 hibear.
701 1931 980 2020 Providendum
996 1961 1154 2067 quoque
1171 1931 1273 2046 Regi
1289 1958 1372 2035 est,
1389 1954 1432 2026 ut
1447 1960 1513 2044 per
1529 1931 1637 2016 urbes
1654 1928 1893 2046 magistratus
1908 1959 1969 2016 su·

527 2048 647 2160 premi
679 2046 862 2134 saltim
828 2051 911 2136 vltis
953 2050 1151 2166 ingenuis,
1196 2050 1322 2164 probis
1354 2074 1393 2133 et
1433 2047 1675 2162 prudentibus
1709 2047 1972 2134 mandentur:

526 2193 595 2277 pet
612 2164 755 2251 minora
785 2195 876 2253 vero
899 2169 1040 2283 oppida
1061 2198 1133 2256 seu
1159 2167 1260 2256 vicos
1287 2167 1497 2254 bominibus
1524 2166 1768 2301 popularium
1788 2163 1969 2301 suffiagio

528 2281 677 2366 delectis
692 2341 707 2387 ,
721 2285 787 2369 sed
802 2314 847 2369 ex
862 2285 989 2420 aliquo
1005 2315 1142 2391 censu,
1167 2283 1399 2372 deferantur.
1427 2308 1471 2369 ut
1497 2285 1657 2398 primum
1679 2280 1825 2372 virtutis
1851 2309 1970 2369 aue

528 2400 760 2512 prudentiae,
777 2401 914 2488 deinde
931 2405 1041 2488 etiam
1058 2403 1268 2500 divitiarum
1283 2402 1547 2490 ducaturtatio.
1581 2402 1721 2488 Sortito
1737 2429 1833 2489 veto
1851 2402 1879 2486 d
1916 2425 1971 2485 er·

525 2543 570 2600 te
587 2519 847 2633 magistratus,
866 2545 1125 2635 praeterquam
1143 2551 1170 2604 st
1159 2519 1278 2608 ''fiat
1270 2546 1363 2607 tnrer
1389 2520 1464 2632 jam
1489 2515 1674 2634 suffragio
1682 2519 1875 2623 delectos,
1903 2539 1969 2602 aur

527 2633 580 2736 de
595 2663 761 2748 quorum
776 2635 1009 2723 virtutibus
986 2664 1029 2724 stt
1045 2667 1181 2753 anceps
1196 2638 1399 2751 judicium,
1428 2634 1677 2724 multifariam
1689 2638 1795 2722 bono
1813 2633 1968 2750 publico

526 2777 655 2836 nocet.
686 2753 908 2840 Curandum
931 2784 1087 2891 quoque
1105 2781 1184 2860 est,
1202 2782 1244 2841 ut
1261 2785 1340 2841 non
1357 2755 1477 2842 solum
1504 2757 1552 2838 ab
1574 2753 1704 2838 annuis
1719 2777 1757 2839 et
1778 2778 1969 2866 tempora·

525 2867 587 2953 tiis
603 2871 895 2985 magistratibus,
902 2874 965 2960 sed
982 2875 1100 2958 etiam
1119 2902 1142 2954 a
1156 2899 1348 2989 perpetuas
1356 2931 1370 2978 ,
1386 2898 1429 2959 ut
1443 2871 1711 2977 Senatotibus,
1728 2870 1825 2956 ratio
1842 2893 1967 2986 gesto·

527 3013 614 3080 rum
635 3017 831 3074 munerum
850 3015 1075 3104 reposcatur.
1111 2995 1206 3075 Sunt
1231 2991 1367 3124 quibus
1389 2991 1556 3103 speciosa
1575 2989 1742 3103 quadam
1766 2987 1915 3074 ratione
1930 3009 1970 3072 et

530 3104 613 3188 saris
628 3103 809 3216 probabili
833 3107 1099 3222 doctrinaeque
1124 3108 1235 3192 etiam
1255 3108 1457 3198 Aristotelis
1477 3121 1748 3210 consentanea,
1779 3127 1970 3238 praetores

529 3220 667 3322 aulicos
682 3249 758 3308 esse
775 3223 850 3310 sine
867 3225 1135 3338 provocatione
1150 3250 1189 3312 et
1203 3223 1434 3312 correctione
1450 3255 1529 3311 non
1545 3224 1677 3338 placet.
1711 3225 1853 3307 Noster
1879 3218 1971 3304 nihi·

530 3313 692 3425 lominus
708 3368 840 3426 auctor
855 3342 999 3455 aliquot
1016 3342 1219 3434 rationibus
1236 3373 1315 3430 non
1333 3343 1482 3428 minoris
1499 3341 1673 3478 ponderis
1695 3338 1883 3426 adductus
1899 3366 1968 3422 eo·

530 3483 614 3540 rum
631 3459 832 3556 sententiae
848 3458 1066 3593 refragatur.
1095 3461 1321 3593 Curandum
1339 3485 1466 3546 tamen
1481 3488 1558 3544 esse
1565 3458 1656 3560 ιιι,
1674 3485 1721 3542 ne
1749 3454 1968 3589 hujusmodi

529 3569 655 3658 fficio
670 3575 895 3689 quisquam,
913 3576 977 3660 nist
966 3577 1181 3689 prudens,
1199 3578 1346 3693 gravis,
1364 3579 1526 3691 integer,
1547 3575 1700 3709 justitiae
1716 3571 1967 3684 cultor',1utis

529 3719 728 3805 rerumque
745 3695 879 3804 peritus
896 3691 1136 3808 praeficiatur.
1153 3698 1249 3780 Sunt
1266 3718 1304 3778 et
1317 3694 1386 3778 alia
1401 3692 1616 3827 quaedam
1607 3723 1645 3780 ιιι
1662 3693 1736 3775 hoc
1764 3688 1861 3776 lbro
1893 3693 1967 3772 Re·

528 3807 634 3922 gibus
648 3809 802 3922 quidem
817 3812 909 3906 scitu
926 3841 1005 3895 non
1021 3813 1198 3926 indigna,
1225 3811 1360 3924 quibus
1376 3809 1634 3913 recensendis,
1657 3806 1860 3922 praecipuis
1883 3805 1965 3917 jam

528 3924 668 4028 allatis,
693 3955 740 4010 ne
755 3928 884 4012 omnia
900 3929 976 4012 huc
990 3930 1185 4014 contulisse
1203 3928 1424 4030 videamur,
1441 3928 1641 4042 prudentes
1668 3925 1960 4039 supersedemus.

618 4047 708 4128 Hoc
733 4046 869 4129 eodem
899 4075 1002 4131 anno
1036 4050 1106 4140 M.
1108 4051 1158 4130 l).
1167 4045 1307 4130 LXXI.
1333 4046 1447 4159 pridie
1476 4049 1610 4128 Nonas
1642 4043 1802 4177 Augusti
1828 4039 1965 4218 Testa.

525 4177 682 4243 mentum
705 4191 813 4244 suum
837 4164 1004 4257 condidit
1018 4163 1252 4276 Sepulveda‚
1280 4163 1389 4276 quod
1411 4161 1536 4276 paucis
1551 4161 1751 4248 immutatis
1777 4183 1945 4244 annose

526 4278 657 4390 quenti
683 4279 856 4391 postridie
874 4282 958 4366 ldus
974 4281 1075 4391 Junii
1089 4279 1348 4364 confirmavit:
1374 4281 1566 4396 egregium
1587 4307 1674 4364 sane
1698 4275 1858 4361 auctoris
1889 4303 1964 4358 no·

526 4397 588 4478 srti
606 4423 894 4482 monumentum
913 4459 923 4500 ,
936 4399 1049 4510 quod
1063 4397 1216 4483 libenter
1235 4397 1293 4480 bic
1309 4426 1594 4530 apponeremus,
1614 4395 1678 4478 nist
1668 4393 1837 4510 longius
1852 4415 1957 4494 essct,

525 4540 640 4623 quum
671 4513 778 4622 hujus
803 4514 1089 4598 Commentatii
1101 4514 1247 4598 limites
1263 4515 1466 4649 patiuntur,
1501 4513 1798 4598 Praetermittere
1834 4535 1960 4595 tamen

525 4657 604 4714 non
622 4653 840 4744 possumus,
858 4631 1121 4746 διριιιιιάιιιι
1134 4629 1256 4719 statim
1287 4631 1395 4716 sub
1387 4632 1530 4716 mitium
1560 4627 1776 4744 profiteri,¹
1800 4626 1959 4744 siquida

1929 4762 1961 4808 SC

567 4843 788 4901 1Vernaeula
805 4844 928 4902 auctoris
944 4843 1030 4901 verba
1049 4843 1252 4918 subjiciamus.
1274 4845 1305 4900 E
1318 4863 1344 4900 rr
1340 4843 1390 4902 el
1406 4845 1530 4901 demonio
1543 4843 1671 4921 enemigo
1685 4817 1761 4901 dela
1780 4837 1947 4898 naturaleza

522 4843 664 4998 baana,
682 4945 705 5000 y
724 4925 765 4985 de
775 4937 891 4986 nsesrra
907 4936 1011 4997 supera
1020 4943 1041 5001 y
1059 4923 1206 4986 corbolrea
1225 4926 1354 5004 religion
1375 4941 1409 4984 ert
1426 4923 1455 4986 el
1469 4923 1595 4985 articulo
1606 4926 1646 4986 de
1665 4922 1697 4984 la
1722 4932 1853 4996 murrea,
1878 4933 1893 4976 ο
1913 4925 1954 4976 ert
