4284 5982
603 405 618 416 ’”
676 417 797 487 VITA
831 407 1131 488 ET'SCRIPTA.
1177 419 1184 438 ³
1469 418 1597 490 XClXa

180 567 217 633 te
229 534 406 659 scriptum
423 605 436 650 ,
453 543 643 632 dictumve
671 540 781 629 fuerit
796 603 810 648 ,
827 544 936 659 quod
953 573 976 628 a
992 541 1078 628 fidei
1094 541 1325 646 catholicae,
1341 545 1457 658 qu'am
1482 544 1619 632 mordi-

172 691 236 746 cus
266 665 451 766 tenebat,
486 662 705 764 abluderet,
740 690 811 775 pro
840 661 984 747 indicto
1014 661 1258 766 habendum,
1281 691 1370 746 nam
1408 691 1617 778 seruaque

169 779 299 863 omnia
331 803 481 866 masmae
513 787 642 895 Rom,¹
663 778 833 864 eeclesiae
862 778 1001 888 judicio
1031 777 1273 889 subjiciebat,
1311 777 1350 864 id
1381 781 1488 893 quod
1514 811 1615 866 sem·

169 925 238 1009 per
255 892 378 982 facere
390 921 651 984 consueverat.
685 897 749 982 Ad
765 922 972 983 extremum
988 896 1098 983 libros
1113 925 1201 980 suos
1214 957 1227 1000 ‚
1238 921 1327 980 tum
1344 927 1461 981 manu
1483 927 1615 984 erraras

168 1036 231 1098 tos
250 1040 361 1117 ,tum
378 1005 572 1126 impressos
592 1037 757 1100 recenset
775 1043 903 1130 ,quos
935 1032 948 1072 ¹
968 1010 1105 1128 ⁸tratrim
1133 1013 1315 1099 Ecclesiae
1335 1015 1613 1123 Cordubensi,

169 1131 230 1214 cui
245 1130 448 1243 plurimum
466 1159 504 1216 se
520 1134 658 1218 debere
671 1129 833 1218 affirmat
850 1191 864 1237 ‚
882 1132 1016 1246 partim
1041 1132 1117 1216 aliis
1142 1130 1218 1218 sive
1248 1131 1427 1234 amicitia,
1446 1134 1520 1220 sive
1545 1162 1610 1221 co·

199 1247 353 1334 natione
369 1244 577 1359 conjunctis
592 1249 771 1334 attribuit.
805 1255 918 1335 Petro
936 1277 1027 1335 vero
1045 1247 1282 1363 Sepulvedae
1300 1251 1427 1363 nepoti
1442 1280 1488 1334 ex
1500 1246 1611 1338 fratre

170 1277 250 1449 ilio
265 1425 278 1469 ,
295 1363 400 1474 cujus
417 1365 455 1449 in
479 1367 637 1480 epistolis
652 1367 838 1472 meminit,
853 1365 1041 1481 exemplat
1060 1365 1199 1484 legavit
1212 1394 1371 1480 operum
1387 1396 1432 1453 ex
1447 1367 1612 1455 editione

170 1481 344 1572 Colinaei
359 1484 447 1567 anni
463 1511 588 1590 1541.
603 1513 718 1568 manu
733 1513 799 1572 sua
814 1486 1071 1590 emendatum,
1084 1510 1129 1570 ut
1143 1483 1347 1570 accuratius
1360 1486 1612 1572 recuderetur.

171 1649 181 1672 ·
258 1605 401 1688 Rerum
417 1601 517 1688 ordo
545 1601 790 1717 possidebat,
816 1627 861 1689 ut
885 1606 1101 1695 Historiam
1116 1601 1244 1688 Caroli
1258 1603 1305 1687 V.
1321 1604 1544 1712 ethitippi
1560 1604 1611 1686 It.
1652 1651 1655 1660 ·

1506 1747 1612 1817 quaer

173 1831 238 1904 'atro
256 1838 409 1920 qaaiqaier
420 1843 527 1918 tienrpa
540 1853 641 1904 comeo
661 1843 691 1904 io
708 1839 858 1906 rasodicbo
872 1852 1000 1921 (nempe
1012 1843 1160 1920 religionis
1172 1843 1314 1920 mysteria
1327 1843 1338 1916 )
1351 1840 1383 1900 ai
1405 1859 1441 1900 an
1461 1840 1520 1900 nat
1539 1855 1614 1918 pen-

174 1926 312 1982 samienta
329 1943 347 1981 a
366 1924 407 1981 mi
424 1925 520 1994 jaicio
538 1935 684 1997 traxere,
705 1928 789 1984 derde
801 1926 893 1985 ahora
912 1925 942 1984 le
960 1927 1013 2002 day
1025 1939 1083 1998 por
1101 1927 1245 2006 ningana;
1269 1940 1286 1981 e
1307 1923 1336 1980 si
1354 1939 1444 2002 agan
1462 1923 1548 1982 dicho
1556 1965 1568 2000 ,
1594 1939 1612 1980 a

168 2001 297 2076 palabro
310 2021 345 2061 en
365 2003 468 2078 ffenso
491 2005 526 2062 de
541 2002 571 2061 io
590 2021 643 2080 qae
656 2007 719 2062 ossi
737 2015 822 2084 tengo
841 2003 1012 2080 conferendo
1033 2005 1136 2062 dixere
1149 2045 1160 2074 ‚
1173 2007 1243 2082 diga
1263 2003 1348 2061 dende
1367 2019 1460 2081 ogora
1473 2017 1549 2076 para
1561 2021 1613 2063 en-

168 2093 296 2154 tonam,
319 2099 372 2157 que
385 2099 417 2142 er
430 2099 464 2142 en
475 2085 505 2143 ri
514 2082 651 2164 ‘ningona
663 2124 675 2156 ,
686 2105 709 2160 9
714 2083 811 2159 fuera
827 2087 862 2144 de
878 2085 944 2144 todo
958 2086 999 2152 mi
1015 2075 1169 2156 noiantad3
1182 2086 1246 2158 yssi
1258 2081 1290 2140 la
1307 2084 1427 2154 dixere,
1442 2101 1495 2158 que
1515 2102 1549 2142 no
1561 2103 1613 2160 taff

193 2179 209 2219 e
221 2160 251 2218 io
269 2181 322 2236 que
341 2180 384 2224 me
397 2164 500 2236 decio;
515 2181 537 2238 9
550 2165 579 2220 si
591 2162 622 2220 al
644 2163 772 2230 aniibra
790 2167 987 2238 oescriptara
998 2165 1165 2236 paresciere
1178 2202 1188 2235 ,
1203 2164 1340 2220 mientrar
1354 2163 1446 2234 nivo,
1465 2180 1481 2219 e
1494 2164 1613 2244 despuas

174 2242 211 2297 de
227 2243 282 2297 mis
303 2243 388 2312 dias,
406 2257 441 2299 en
454 2259 506 2316 que
521 2257 552 2301 se
565 2183 682 2301 baliste
698 2243 787 2323 algon
800 2244 905 2316 diebu,
925 2241 1098 2316 opaiabra,
1119 2259 1172 2320 que
1184 2259 1233 2299 sea
1247 2281 1258 2312 ,
1271 2253 1425 2314 opareaca
1440 2242 1617 2316 discrepan-

169 2327 207 2382 te
220 2321 256 2390 de
273 2317 308 2377 ia
323 2323 446 2380 uerdad«
456 2320 625 2394 aatbaiica,
642 2324 713 2401 diga
727 2333 912 2398 ypratesto,
927 2340 1004 2381 coma
1017 2323 1132 2380 maias
1146 2338 1231 2380 uacet
1246 2331 1329 2378 antes
1341 2322 1376 2378 de
1391 2320 1482 2383 ahora
1492 2322 1528 2378 be
1538 2337 1615 2394 pra.

169 2395 298 2478 fessado
317 2402 379 2458 assi
389 2418 423 2459 en
437 2412 517 2473 este,
528 2418 604 2482 corna
616 2419 651 2460 en
666 2412 747 2460 otras
765 2412 949 2462 testamentus
961 2443 972 2476 ,
986 2419 1039 2478 qae
1059 2411 1140 2460 antes
1156 2403 1192 2460 de
1210 2410 1271 2458 este
1288 2400 1323 2456 be
1342 2397 1431 2456 becbo
1450 2438 1461 2470 ‚
1483 2417 1559 2458 como
1577 2413 1613 2460 en

170 2488 258 2536 otras
273 2477 367 2536 libras
376 2520 387 2552 ,
406 2497 458 2556 que
466 2497 504 2557 yo
522 2481 557 2538 be
576 2492 735 2556 conpaesto
745 2519 756 2554 ,
777 2499 830 2557 qne
845 2484 970 2556 siempre
980 2479 1042 2558 fae
1061 2482 1101 2536 mi
1119 2481 1262 2539 intention
1277 2475 1489 2554 corffarmarme
1511 2496 1563 2535 can
1581 2480 1613 2538 ia

175 2557 293 2635 Igiesia
306 2559 474 2621 catholica:
493 2574 550 2634 pot·
562 2577 625 2619 essa
637 2577 690 2635 qtae
703 2560 749 2620 ios
763 2561 840 2620 talne
859 2559 960 2620 dicbus
973 2573 995 2637 ’9
1009 2558 1170 2634 palabros,
1187 2561 1295 2635 quando
1311 2555 1357 2614 ios
1375 2556 1490 2614 ascribi
1496 2577 1518 2634 y
1531 2561 1613 2633 dixe,

164 2636 278 2716 ‚nosue
291 2637 321 2695 ei
345 2642 494 2713 proposito
507 2641 563 2697 mia
576 2638 661 2716 aquei
678 2657 731 2716 que
743 2633 845 2714 rue‘na,
865 2642 927 2697 sina
940 2657 992 2698 can
1012 2657 1089 2698 ornae
1106 2657 1125 2698 a
1144 2638 1176 2695 ia
1201 2640 1315 2697 verdad
1335 2635 1481 2694 cotboiica
1500 2658 1512 2712 3
1530 2655 1613 2714 oque

174 2735 208 2773 no
222 2735 272 2773 son
282 2717 426 2790 palabras
440 2721 532 2792 rnias,
553 2721 616 2776 sinu
636 2716 769 2800 fingidos
782 2722 817 2778 de
836 2719 958 2800 aiguno:
971 2721 1006 2777 de
1019 2722 1073 2776 mis
1087 2719 1249 2776 invidiosos
1264 2738 1286 2794 9
1299 2715 1521 2790 maiqaerientes
1534 2758 1545 2789 ,
1568 2718 1614 2776 ios

175 2795 275 2890 quales
292 2807 379 2934 tengla
389 2825 404 2872 ,·
417 2819 439 2875 9
452 2800 487 2858 be
500 2799 595 2860 tenido
609 2801 723 2860 nantas
735 2839 747 2876 ,
758 2819 780 2878 9
793 2798 914 2883 aiganos
934 2799 990 2860 ban
999 2799 1163 2876 moratoria
1177 2799 1212 2859 de
1231 2799 1367 2859 daturne
1382 2809 1438 2872 par
1460 2797 1545 2855 radas
1567 2796 1615 2858 las

175 2893 242 2934 artas
255 2894 308 2934 con
324 2897 360 2934 ca
375 2881 493 2939 ananias.
1249 2933 1254 2945 ,

165 2995 171 3028 .·
216 2974 229 3013 1
272 2957 366 3031 Juvat
381 2961 471 3038 etiam
484 2961 629 3036 integrum
644 2962 680 3020 de
695 2963 777 3021 libris
794 2963 953 3038 capitulum
973 2961 1184 3020 transcribere:
1205 2959 1281 3020 Item
1293 2959 1410 3034 q'aiero,
1432 2963 1484 3032 'que
1496 2954 1542 3016 ior
1571 2956 1616 3015 tr·-

175 3033 241 3094 bras
253 3039 288 3095 de
304 3039 346 3095 rni
359 3038 486 3098 libreria
507 3058 540 3099 se
557 3053 697 3116 reporton
715 3044 751 3101 de
763 3054 827 3103 esta
840 3060 974 3101 manera:
994 3059 1048 3117 que
1059 3042 1104 3100 Ios
1121 3039 1216 3097 iibras
1230 3037 1360 3117 Griegos
1375 3038 1439 3094 arri
1450 3037 1614 3114 ascriptos,

167 3131 251 3175 ‚cano
266 3117 424 3192 impressos
437 3159 448 3191 ,
463 3122 578 3195 ytodas
596 3121 645 3180 ias
657 3121 744 3180 abror
756 3123 830 3180 mios
848 3123 972 3182 Latinas
985 3161 995 3194 ,
1009 3124 1071 3180 assi
1089 3119 1267 3178 translation
1287 3120 1322 3178 de
1338 3114 1525 3176 Aristoteles
1541 3135 1563 3194 9
1578 3117 1614 3176 de

174 3193 352 3254 Alexandro
365 3197 598 3272 Aphrodisienre
616 3219 650 3258 sa
667 3199 878 3275 Comentador,
903 3218 979 3258 corna
998 3199 1044 3259 las
1061 3217 1114 3276 que
1134 3213 1262 3272 compare
1284 3200 1319 3255 de
1341 3197 1381 3254 mi
1397 3197 1513 3274 ingenia
1531 3234 1543 3268 ,
1560 3213 1614 3270 que

172 3278 342 3343 enunieret
353 3278 529 3352 impressos,
543 3300 565 3356 y
578 3278 679 3340 Plinio
692 3281 728 3338 de
741 3281 871 3338 Historia
880 3283 994 3340 natural
1003 3281 1038 3337 de
1051 3296 1149 3336 marca
1160 3279 1291 3358 grande,
1299 3297 1321 3354 y
1335 3274 1459 3333 tambien
1471 3273 1517 3333 ios
1528 3273 1614 3344 obras

174 3355 208 3412 de
221 3352 350 3428 Platon,
364 3376 387 3433 9
405 3355 436 3414 ia
455 3355 550 3416 Tabia
570 3361 702 3418 aIndice
724 3361 759 3418 de
783 3359 833 3419 ias
849 3359 935 3419 abeas
948 3361 982 3419 de
992 3355 1180 3418 Aristoteles
1192 3397 1203 3430 ,
1217 3358 1297 3414 todos
1314 3359 1391 3414 estas
1403 3353 1497 3411 libror
1516 3371 1548 3414 se
1560 3356 1614 3414 den

173 3431 240 3490 aia
250 3434 370 3514 Igiesio
387 3455 484 3513 mayor
497 3438 532 3496 de
549 3437 680 3496 Cardaba
700 3478 714 3514 ,
735 3458 754 3497 a
768 3442 852 3516 quien
868 3458 907 3516 9ο
926 3439 995 3500 deba
1018 3439 1139 3510 macho,
1159 3457 1181 3514 9
1201 3454 1232 3494 se
1244 3449 1357 3516 pangam
1369 3452 1403 3493 en
1420 3452 1452 3490 so
1465 3431 1613 3508 libreria,

165 3514 517 3588 .paraprooecbode10s
536 3517 668 3576 bombres
682 3521 861 3578 estudiosos:
878 3519 940 3592 yde
956 3517 1002 3576 ios
1015 3527 1095 3576 atras
1118 3513 1378 3574 librorLatr'nosio
1396 3514 1490 3570 Biblia
1510 3531 1561 3572 con
1580 3531 1614 3571 sa

172 3595 270 3666 glossa
282 3595 431 3652 ordinaria
450 3597 486 3654 de
499 3614 598 3655 marca
608 3598 723 3676 grande
729 3617 773 3674 ,9
793 3596 841 3655 ios
859 3595 945 3658 obras
967 3599 1002 3656 de
1014 3594 1238 3674 santoAgartin
1259 3596 1295 3653 de
1315 3610 1415 3652 nrarco
1425 3595 1538 3673 grande
1554 3635 1565 3668 ,
1590 3610 1616 3668 9

173 3669 219 3728 ias
238 3672 327 3732 abror
342 3675 376 3732 de
391 3672 535 3750 Cypriane
544 3715 556 3748 ,
577 3675 694 3734 Basilio
708 3716 717 3748 ,
731 3675 789 3737 Or’
811 3693 900 3750 enee,
919 3675 1138 3754 Chrysostomo,
1153 3695 1175 3752 9
1189 3673 1236 3732 ias
1253 3686 1355 3748 quatro
1366 3672 1512 3746 portesde
1531 3682 1614 3728 santa

161 3751 300 3810 sannas
313 3771 366 3810 can
377 3751 409 3810 ia
421 3753 526 3834 glossa
544 3753 592 3812 dei
608 3753 756 3816 Cardenai
775 3695 942 3831 bizyernno,
961 3758 1059 3814 mando
1073 3773 1105 3814 se
1127 3756 1180 3812 den
1196 3773 1214 3810 a
1233 3755 1272 3811 mi
1294 3751 1407 3811 sobrino
1415 3749 1496 3827 fray
1511 3748 1612 3808 Anto-

173 3831 220 3886 nio
235 3833 273 3889 de
289 3829 458 3904 Sepuloedn
474 3834 509 3891 de
520 3831 552 3890 ia
565 3831 662 3893 Orden
678 3835 713 3893 de
732 3833 768 3895 S.
782 3833 935 3895 Geronimo
949 3852 1036 3894 cerco
1054 3835 1089 3892 de
1105 3831 1234 3892 Cardaba
1243 3854 1253 3906 3
1259 3852 1281 3908 y
1296 3831 1342 3888 iar
1357 3829 1443 3888 abror
1453 3830 1487 3886 de
1502 3829 1536 3890 S.
1552 3827 1615 3888 Ge-

173 3911 285 3971 ronimo
296 3930 319 3986 9
332 3909 395 3973 San
404 3909 553 3991 Gregorio
564 3932 586 3990 9
599 3911 635 3974 S.
651 3912 811 3972 Ambrosia
829 3931 861 3972 se
876 3915 929 3972 den
944 3933 962 3970 a
970 3911 1052 3990 sray
1068 3915 1148 3990 Joan
1166 3915 1201 3972 de
1214 3911 1400 3985 Sapaioeda,
1420 3923 1453 3964 sa
1469 3907 1614 3982 bernano,

174 3987 209 4046 de
225 3987 259 4044 la
283 4006 386 4048 masma
404 3993 491 4048 orden
505 4009 592 4049 cerco
608 3993 643 4050 de
660 3989 792 4052 Seuilio.
813 3993 839 4052 tt
853 3991 898 4051 los
913 3991 1007 4051 libros
1025 3995 1059 4051 de
1073 3993 1246 4061 Medicina,
1263 4007 1314 4064 que
1331 4006 1379 4045 san
1395 3984 1587 4046 Dioscorides
1592 4006 1615 4070 9

173 4065 311 4126 Cornelia
325 4065 438 4146 Celsoy
450 4067 569 4150 Florida
582 4063 720 4150 Corona,
737 4090 769 4129 ee
787 4071 841 4134 den
863 4065 1082 4130 at'Ltcenciaaa
1105 4068 1264 4128 Ambrosio
1282 4065 1364 4126 Ilion
1378 4068 1479 4126 verino
1494 4069 1529 4124 de
1549 4077 1613 4126 esta

171 4145 304 4207 nitiade
320 4148 512 4208 PaaobIanco.
533 4149 558 4208 Y
576 4148 623 4210 ias
639 4153 734 4210 demas
751 4149 846 4211 libras
859 4151 980 4208 Latinos
993 4150 1105 4219 onejaa
1125 4147 1157 4205 la
1176 4149 1262 4204 dicha
1282 4145 1452 4222 Capeliania
1473 4159 1547 4220 para
1561 4147 1615 4222 qa'e

177 4241 243 4282 arsen
258 4228 294 4284 de
318 4225 394 4286 ellos
411 4217 457 4284 ior
484 4225 657 4305 Capelianes
676 4247 729 4306 que
746 4229 951 4288 succedieren:
968 4247 990 4304 9
1012 4229 1171 4285 assimirmo
1195 4225 1225 4284 io
1245 4225 1334 4286 Sumo
1355 4229 1389 4285 de
1408 4225 1564 4284 Navarra
1580 4224 1616 4282 e'n

166 4303 320 4378 „Romonce
334 4327 345 4380 3
363 4319 434 4380 pera
448 4300 531 4366 tbdor
542 4307 589 4364 los
603 4303 699 4366 demus
711 4326 745 4366 en
759 4309 902 4367 Romanae
915 4307 1021 4382 queden
1039 4325 1056 4362 o
1071 4303 1257 4364 Bortboiorne
1267 4309 1301 4362 da
1316 4303 1482 4383 Sepaiueda
1497 4305 1536 4359 nri
1549 4303 1615 4362 ber·-

172 4401 254 4462 ,mano
265 4399 344 4460 para
360 4403 413 4460 que
432 4383 526 4444 lardi
541 4405 559 4447 a
574 4389 659 4464 quien
675 4387 810 4462 qaisiere.
832 4387 852 4429 ³
873 4387 915 4442 Et
938 4389 1023 4462 paulo
1043 4399 1129 4460 post:
1157 4387 1198 4444 It.
1223 4387 1322 4461 qniero
1341 4401 1392 4458 qae
1406 4383 1437 4440 ai
1451 4383 1615 4443 Rationera

176 4463 274 4520 Pedro
295 4465 331 4522 de
348 4462 517 4538 Sepaiueda
536 4467 576 4524 mi
588 4465 703 4524 sabrina
716 4483 747 4523 se
771 4465 806 4522 db
824 4463 853 4525 el
867 4465 956 4540 Mapa
976 4467 1106 4524 mundio
1123 4465 1222 4524 lodice
1235 4466 1270 4522 de
1284 4465 1458 4544 Pergamino
1476 4481 1528 4538 qtae
1550 4459 1619 4522 estd

172 4545 281 4600 merida
299 4561 333 4600 en
351 4561 405 4601 ana
416 4539 515 4620 fanda
528 4545 563 4604 de
579 4546 644 4615 boia
662 4545 697 4604 de
714 4543 835 4622 Milan5
851 4565 872 4624 9
885 4547 1045 4604 assimisrna
1058 4561 1089 4602 se
1102 4543 1131 4603 le
1144 4541 1179 4602 di
1191 4561 1226 4599 an
1242 4541 1320 4600 libra
1333 4545 1367 4600 de
1378 4544 1432 4600 mis
1445 4541 1531 4602 abror
1552 4545 1615 4600 irn-

172 4634 275 4700 presso
285 4639 319 4680 en
335 4623 427 4680 Paris
444 4637 498 4696 por
513 4621 636 4684 Colineo
652 4622 681 4684 ei
695 4625 748 4682 oria
761 4627 795 4683 de
809 4625 861 4682 mii
877 4627 1186 4699 qainientosqaarenta
1195 4642 1216 4699 9
1229 4640 1297 4694 ano,
1312 4620 1341 4680 ei
1358 4621 1426 4696 quoi
1438 4621 1505 4680 esra
1521 4638 1617 4680 emen-

176 4699 249 4836 ‘bado'
259 4713 315 4836 pii
326 4701 370 4774 Arni
382 4703 500 4795 despuet
522 4703 557 4761 de
571 4705 722 4780 inpresso,
733 4718 808 4780 para
830 4722 882 4782 que
896 4721 927 4764 se
938 4705 1032 4782 paeda
1055 4714 1156 4762 tarnar
1175 4720 1194 4760 o
1212 4701 1359 4776 imprimir
1372 4715 1432 4759 mas
1444 4701 1594 4761 ernendada
1602 4736 1615 4776 ,

199 4796 283 4838 noran
304 4797 319 4836 o
340 4798 464 4839 ocasron.
1411 4799 1412 4804 ¹

173 4905 178 4934 2
194 4885 206 4947 ἲ
225 4882 304 4940 litari
316 4883 458 4954 struimur
470 4887 558 4957 nullast
578 4887 602 4940 in
624 4887 674 4940 suis
689 4879 840 4943 restaurantis
854 4887 1002 4944 mentionem
1020 4886 1104 4958 iecerit
1121 4883 1257 4948 sepulvodt
1269 4881 1387 4938 maire
1398 4880 1618 4948 contumilia.

179 4953 207 5014 R*
215 4942 247 4999 ll·
258 4955 284 4996 et
295 4959 373 5042 astura
388 4947 418 5024 ab
428 4947 542 5026 ibrum
555 4960 679 5046 ursarum
689 4949 756 5014 apud
769 4963 861 5004 aarum
871 4949 960 5000 orbem
976 4951 1160 5011 Mestumque.

887 5015 973 5106 Na
