4294 5972
557 413 648 510 314
959 415 1043 500 DE
1084 415 1294 498 REBUS
1333 411 1561 500 Gnsrts

451 659 454 666 .
515 611 665 677 rerum
683 587 686 594 ’
706 567 964 678 difficultate
1000 574 1238 718 neglexisse
1271 572 1521 676 videretur.
1571 563 1717 673 Omni
1757 607 1868 714 ergo
1913 611 1992 716 spe

516 721 714 861 deposita
750 756 1026 823 externorum
1061 720 1351 838 auxiliorum,
1383 754 1686 860 praeterquam
1718 756 1744 815 a
1779 716 1988 820 Clemen-

375 971 377 975 ,
518 901 562 964 te
599 863 812 966 Pontifice
844 867 1098 987 Maximo,
1175 865 1222 965 ui
1258 862 1427 1005 etipse
1477 862 1700 1006 legatione
1743 863 1989 1002 compella-

518 1045 588 1112 tus
623 1008 854 1112 liberaliter
904 1050 988 1153 pro
1032 1033 1106 1112 sua
1143 905 1355 1112 laenitate
1398 1007 1725 1150 pollicebatur,
1772 1003 1987 1109 Ratisbo-

518 1195 624 1256 narn
661 1165 905 1258 Germanos
941 1157 990 1258 in
1023 1154 1264 1257 concilium
1299 1153 1514 1256 advocat.
1552 1163 1619 1253 Eo
1657 1186 1898 1294 postquam
1937 1191 1987 1254 ex

521 1301 649 1400 omni
684 1301 920 1406 Germania
958 1301 1181 1442 Principes
1221 1335 1265 1401 et
1299 1300 1434 1440 legati
1468 1298 1703 1400 civitatum
1735 1291 1987 1439 frequentes

521 1481 844 1566 convenerant,
880 1447 999 1588 apud
1035 1487 1109 1547 eos
1143 1445 1277 1546 verba
1311 1437 1416 1543 facit
1451 1445 1507 1544 de
1540 1447 1790 1542 Turcarum
1819 1442 1988 1545 adven-

523 1625 602 1696 tus
637 1628 885 1731 eorumque
921 1630 975 1691 co
1009 1591 1061 1690 iis
1096 1584 1488 1692 innumerabilibus
1514 1588 1647 1688 docet
1673 1585 1859 1726 periculi
1889 1627 1988 1688 ma-

523 1733 807 1876 gnitudinem
856 1629 1064 1837 omnibus
1108 1734 1336 1836 Germanis
1378 1731 1587 1876 populis,
1631 1729 1668 1830 si
1716 1729 1987 1872 negligenter

525 1915 691 2016 agant,
739 1878 1015 1980 imminentis
1058 1880 1288 2021 proponi.
1327 1886 1437 1977 Non
1471 1917 1558 1980 esse
1593 1912 1696 1976 cum
1732 1875 1888 1974 Turcis
1925 1875 1988 1974 de
2129 1885 2130 1888 ‘

523 2020 752 2162 religionis
776 2022 1053 2162 ⁴quibusdam
1091 2057 1135 2121 et
1165 2059 1346 2123 morum
1379 2020 1584 2122 institutis
1611 2019 1988 2140 contendendum,

521 2203 641 2304 quae
679 2164 826 2264 civiles
863 2201 1007 2268 essent
1046 2166 1322 2307 quaestiones
1367 2199 1408 2265 et
1452 2163 1570 2266 finiri
1614 2197 1789 2304 possent
1829 2163 1987 2263 dotto-

526 2345 626 2408 rum
665 2303 903 2410 hominum
937 2307 1338 2452 disputationibus3
1371 2309 1445 2410 sed
1481 2348 1561 2450 pro
1599 2308 1689 2408 vita
1719 2343 1763 2407 et
1787 2303 1985 2408 libertate

526 2450 750 2593 ipsiusque
788 2454 1007 2593 religionis
1043 2491 1215 2554 summa
1251 2453 1556 2554 dimicandum
1572 2497 1597 2551 .’
1618 2450 1869 2594 Religionis
1897 2451 1987 2593 igi-

526 2631 598 2694 tur
634 2597 977 2716 controversias,
1018 2636 1125 2738 quas
1161 2597 1273 2698 inter
1309 2598 1425 2740 ipsos
1445 2595 1662 2699 Lutherus
1699 2631 1743 2695 et
1778 2595 1852 2696 alii
1882 2595 1984 2735 qui-

524 2737 634 2837 dam
672 2737 960 2860 excitassent,
987 2734 1114 2842 facile
1147 2781 1274 2884 posse
1304 2742 1494 2884 generali
1524 2738 1885 2843 Christianorum
1907 2749 1987 2840 Ec-

525 2880 765 2982 clesiastico
801 2885 1012 2985 Concilio
1047 2886 1263 3028 componi
1292 2922 1336 2985 et
1364 2885 1623 3017 dijudicari,
1660 2885 1716 2986 ad
1752 2885 1879 3028 quod
1902 2881 1987 3024 pri-

423 3023 429 3036 .,
527 3063 609 3128 mo
646 3066 830 3169 quoque
862 3065 1064 3171 tempore
1099 3031 1350 3172 cogendum
1385 3068 1570 3132 omnem
1613 3069 1736 3130 suam
1776 3067 1954 3170 operam
1970 3103 1986 3148 ,

461 3245 462 3248 a
521 3209 679 3272 cutam
716 3209 760 3272 et
796 3175 1130 3295 auctoritatem,
1164 3211 1301 3314 quam
1328 3173 1444 3315 prius
1478 3170 1733 3291 detulisset,
1760 3207 1862 3273 tunc
1886 3211 1985 3272 san-

528 3315 641 3414 ctius
683 3316 816 3415 etiam
860 3318 1087 3458 polliceri.
1140 3317 1334 3418 Proinde
1369 3318 1572 3418 omnium
1610 3314 1902 3450 injuriarum,
1938 3355 1989 3416 ae

527 3459 848 3560 discordiarum
882 3459 1016 3562 obliti
1050 3461 1161 3561 illud
1196 3496 1370 3561 tantum
1402 3459 1733 3578 meminissent,
1761 3499 1920 3561 omnes
1950 3499 1990 3559 se

529 3601 800 3703 Christianos
835 3643 953 3723 esse,
981 3644 1136 3707 omnes
1172 3615 1449 3726 Germanos,
1484 3606 1537 3706 iis
1571 3603 1734 3747 ‚opibus
1771 3640 1816 3705 et
1850 3605 1991 3746 gloria

529 3741 719 3874 bellica,
757 3787 822 3867 eo
858 3786 1095 3889 corporum
1140 3749 1484 3891 animorumque
1536 3747 1697 3850 robore
1739 3749 1993 3888 praeditos,

529 3890 730 3990 utnulla
764 3890 848 3991 alia
883 3892 1073 4015 ratione,
1110 3931 1248 4034 quam
1285 3933 1359 3995 sua
1393 3893 1609 3995 discordia
1644 3927 1688 3992 et
1723 3892 1993 3994 dissensione

526 4032 697 4174 possint
727 4073 753 4134 a
779 4035 1022 4174 quamlibet
1049 4077 1211 4182 magna
1242 4034 1377 4139 hostis
1408 4037 1575 4139 externi
1609 4036 1806 4179 potentia
1840 4035 1992 4138 debel-

526 4179 633 4287 lari3
670 4217 842 4282 summe
877 4218 970 4281 non
1009 4184 1151 4284 modo
1186 4180 1379 4314 levitatis
1411 4221 1500 4283 esse
1537 4179 1854 4283 verumetiam
1888 4179 1991 4281 stul·

527 4321 680 4444 tiriae,
719 4363 832 4466 quae
867 4323 999 4468 longe
1036 4324 1231 4427 abessent
1263 4367 1290 4426 a
1327 4338 1655 4429 Germanorum
1693 4324 1913 4466 gravitate
1947 4359 1989 4421 et

527 4464 772 4604 sapientia,
805 4469 919 4570 inter
964 4511 1008 4570 se
1049 4471 1128 4571 tali
1164 4507 1367 4611 tempore
1406 4470 1660 4589 dissentire,
1696 4465 1987 4606 civilibusque

528 4607 793 4729 discordiis,
828 4651 939 4754 quae
975 4614 1129 4712 multas
1167 4649 1293 4752 saepe
1331 4652 1424 4714 non
1469 4605 1609 4718 modo
1646 4612 1870 4731 civitates,
1909 4607 1990 4710 sed

500 4754 661 4882 etiam
692 4768 846 4899 Regna
879 4793 923 4860 et
948 4791 1098 4902 gentes
1126 4755 1446 4902 perdidissent,
1474 4757 1730 4904 perniciosis
1757 4753 1992 4916 conatibus

1916 4936 1991 5002 ma
