4298 5980
554 476 799 558 cnxoar
837 475 889 555 ν.
934 479 1055 558 tra.
1095 479 1173 558 vr.
1488 490 1578 580 195³

18 653 23 686 ³
157 631 270 738 milri
306 627 448 775 inagis
483 625 728 732 faciendam
764 667 852 728 esse
887 629 1071 768 putavi,
1101 628 1316 771 quoniam
1346 665 1497 732 omnes
1526 631 1614 736 fue·
1669 619 1673 628 .

18 781 25 832 ‘⁵
155 816 257 881 runt
294 815 508 898 excusae,
537 810 600 872 =et
642 772 691 872 in
732 772 889 912 vulgus
933 774 1105 894 editae,
1148 777 1257 875 dum
1298 815 1478 916 uterque
1518 820 1612 880 suas

17 922 23 976 ³
152 925 345 1026 rationes
389 955 521 1062 atque
562 915 743 1018 consilia
788 916 951 1018 cunctis
999 916 1257 1022 horninibus
1305 921 1484 1063 probata
1531 963 1614 1024 cu-

151 1102 399 1314 petXXIX.
472 1223 637 1312 Interea
666 1203 910 1310 Franciscus
941 1209 1104 1328 Maria,
1134 1223 1237 1312 Dux
1271 1205 1487 1327 Urbinas,
1523 1221 1611 1312 Ve-

149 1392 360 1456 netorum
396 1357 578 1495 copias,
604 1348 765 1492 quibus
800 1391 904 1452 eum
940 1393 1110 1454 summa
1146 1389 1360 1496 potestate
1395 1392 1612 1496 praeerat,

148 1501 320 1601 Padum
355 1498 571 1617 traducit,
606 1496 891 1636 Laudemque
927 1505 1215 1638 Pompejam,
1240 1501 1364 1638 quod
1393 1498 1612 1639 oppidum

148 1681 361 1787 magnam
397 1639 651 1742 facultatem
685 1642 740 1742 ad
776 1638 939 1740 bellum
974 1643 1306 1746 Mediolanense
1342 1639 1502 1745 habere
1539 1644 1612 1744 vi-

148 1787 374 1904 debatur,
416 1785 566 1885 Italico
610 1787 837 1886 dumtaxat
883 1785 1099 1927 praesidio
1143 1787 1279 1887 teneri
1329 1787 1612 1888 animadver·

149 1967 264 2050 tens,
300 1931 556 2030 conandum
592 1928 675 2027 sibi
710 1931 886 2047 statuit,
924 1931 1050 2068 siqua
1085 1931 1254 2030 tatione
1292 1965 1436 2068 posset
1473 1932 1620 2072 oppi-

150 2077 247 2194 do,
284 2073 502 2212 corruptis
537 2067 819 2190 custodibus,
856 2071 1019 2212 potiti.
1057 2071 1282 2172 Submissis
1327 2075 1489 2214 igitur,
1529 2073 1611 2214 qui

148 2219 452 2359 quorumdam
477 2213 647 2315 animos
677 2246 920 2334 tentarent,
953 2213 1073 2316 haud
1100 2211 1279 2315 difficile
1311 2209 1396 2316 fuit
1430 2216 1478 2315 in
1509 2252 1603 2318 tan·

148 2396 197 2460 ta
244 2360 454 2460 Italorum
495 2358 818 2498 conspiratione
861 2361 1077 2500 quosdam
1120 2360 1366 2476 adducere,
1415 2399 1608 2498 quorum

147 2503 349 2643 princeps
385 2497 470 2601 firit
506 2504 756 2602 Ludovicus
795 2503 1034 2604 Vistarinus
1068 2502 1306 2602 Laudensis
1350 2502 1476 2600 domi
1520 2543 1607 2604 no·

148 2645 278 2767 bilis,
329 2645 410 2785 qui
458 2645 660 2744 ordinem
708 2644 897 2747 ducebat
944 2648 990 2747 in
1039 2646 1259 2788 praesidio
1306 2647 1604 2752 Caesariano.

148 2795 249 2889 Nec
285 2789 401 2928 prius
436 2787 592 2888 dolum
627 2790 758 2889 sensit
798 2789 1012 2892 Fabricius
1048 2790 1401 2904 Marramaldus,
1449 2792 1606 2932 praesi-

147 2931 213 3030 dii
255 2925 528 3071 praefectus,
570 2971 707 3072 quam
748 2931 849 3034 urbs
892 2934 948 3037 ab
994 2931 1194 3035 hostibus
1235 2969 1478 3054 teneretur,
1515 2970 1605 3035 tre-

146 3073 284 3175 centis
319 3073 516 3215 primum
551 3113 629 3217 per
663 3115 880 3195 murum,
921 3116 1011 3218 qua
1055 3113 1175 3220 parte
1217 3077 1456 3178 Vistarinus
1498 3115 1603 3179 cunr

146 3219 232 3318 suis
268 3218 611 3358 manipularibus
648 3221 848 3322 excubias
885 3220 1108 3342 habebat,
1142 3221 1283 3322 noctis
1321 3220 1491 3321 silentio
1532 3259 1603 3322 re-

145 3360 313 3502 ceptis,
350 3363 510 3461 deinde
551 3363 609 3463 ab
652 3361 717 3462 his
758 3361 935 3466 refracta
977 3373 1105 3507 porta
1150 3365 1328 3506 reliquis
1365 3363 1602 3484 militibus,

145 3506 305 3646 quibus
348 3513 544 3643 Joannes
585 3514 739 3608 Paulus
781 3503 1044 3609 Monfronus
1092 3542 1325 3647 praeerat,
1367 3503 1601 3608 immissis.

143 3660 206 3750 Ita
244 3645 544 3790 necopinato
579 3651 863 3770 custodibus,
899 3651 981 3791 qui
1016 3651 1064 3751 in
1098 3650 1184 3753 fide
1220 3687 1489 3770 manserant,
1526 3687 1603 3788 op

146 3793 332 3932 pressis,
371 3791 568 3894 Fabricio
611 3793 696 3936 ipsi
736 3793 811 3895 vix
853 3796 955 3894 data
996 3790 1196 3913 facultas,
1230 3832 1282 3894 ut
1317 3795 1491 3910 nudus,
1534 3791 1602 3891 uti

147 3971 305 4094 somno
342 3974 429 4036 sese
465 3939 668 4059 dederat,
703 3937 971 4080 brachioque
1015 3938 1233 4080 scloppeti
1268 3935 1356 4036 telo
1398 3929 1601 4047 confosso

146 4112 197 4174 1n
233 4115 376 4176 arcem
413 4117 517 4180 cum
555 4083 701 4219 paucis
738 4124 825 4184 sese
861 4085 1100 4221 reciperet.

237 4230 389 4319 XXX.
486 4233 591 4320 Hoc
632 4227 940 4326 Mediolanum
988 4222 1144 4322 eadem
1190 4257 1321 4324 nocte
1365 4221 1602 4344 nuntiato,

146 4362 273 4462 Vasti
326 4361 532 4462 Marchio
574 4367 783 4502 postridie
824 4404 928 4465 cum
970 4403 1091 4508 parte
1133 4367 1349 4506 equitatus
1394 4401 1438 4466 et
1479 4406 1599 4507 expe·

149 4503 249 4603 ditis
292 4504 487 4606 subsidio
530 4507 675 4606 venire
716 4545 964 4649 properat,
1008 4546 1050 4610 et
1085 4509 1249 4650 viginti
1284 4510 1474 4610 millium
1511 4550 1600 4649 pas-

150 4685 275 4746 suum
311 4648 461 4747 itinere
496 4645 731 4771 confecto,
768 4654 910 4790 prima
945 4692 1122 4793 vespera
1158 4655 1384 4792 pervenit.
1421 4651 1487 4750 Hi
1523 4691 1600 4792 per

152 4823 325 4924 portam
339 4827 358 4911 ,·
390 4829 505 4936 quae
541 4795 692 4894 estad
728 4829 907 4913 arcem,
951 4833 1136 4895 rmmrssr
1177 4795 1245 4894 in·
1266 4831 1363 4893 area
1397 4833 1599 4938 proxrma

1113 4935 1213 5038 Bb2
1502 4973 1599 5034 cer·-
