4298 5980
577 443 820 528 ennom
860 443 914 526 V.
964 447 1079 527 ΜΒ.
1114 446 1196 529 Vl.
1553 459 1633 545 191

216 603 403 720 ¹uitatem
440 599 687 706 solicitandi
724 599 863 742 gratia
899 599 1023 702 missi
1057 634 1217 723 essent,
1248 598 1354 704 urbe
1398 601 1689 748 depellerent,

222 791 275 856 ac
310 745 624 893 prohiberent:
661 744 851 864 deinde,
887 780 938 844 ut
977 743 1083 844 dato
1120 750 1440 878 jurejurando,
1478 749 1690 891 imperata

108 993 113 1000 .
220 896 371 1002 Caroli
421 889 610 1020 Caesaris
661 887 885 1032 ipsiusque
932 886 1098 988 ducum
1148 884 1289 992 fatere
1353 893 1693 1034 pollicerentur:

217 1075 318 1142 tum
333 1115 350 1160 ,
385 1072 437 1139 ut
472 1073 593 1137 arma
628 1032 777 1136 cuncti
811 1032 1125 1174 deponerent,
1161 1069 1206 1135 et
1242 1033 1291 1134 in
1327 1073 1495 1156 unam,
1530 1038 1691 1140 duasve

213 1184 380 1286 domos
417 1173 697 1282 conferrent.
735 1187 942 1296 Quarum
987 1174 1304 1280 conditionum
1348 1180 1540 1323 primam
1582 1180 1693 1282 nihil

214 1326 415 1446 morati,
447 1323 681 1426 secundam
712 1319 907 1464 graviter
935 1320 1152 1462 quidem,
1189 1358 1372 1466 propter
1404 1324 1541 1426 fidem
1573 1337 1695 1427 Fran·

216 1475 336 1574 cisco
371 1465 555 1572 Sforriae
591 1468 784 1586 datam,
828 1502 1089 1608 acceperunt
1125 1502 1297 1587 tamen,
1334 1470 1390 1570 de
1426 1468 1553 1572 tertia
1587 1507 1693 1571 cum

216 1612 481 1758 pertinacius
519 1643 791 1731 recusarent,
825 1650 884 1714 ne
920 1617 1180 1752 cujusquam
1217 1613 1404 1748 injuriae
1440 1654 1544 1717 cum
1578 1614 1694 1756 peri·

215 1761 323 1862 culo
359 1794 404 1858 et
439 1749 625 1857 infamia
661 1753 903 1898 opportuni
940 1754 1248 1877 redderentur,
1281 1756 1573 1861 constiturum
1609 1794 1696 1882 est,

218 1939 273 2006 ut
309 1940 432 2004 arma
469 1899 595 2001 domi
631 1939 732 1998 suae
768 1899 956 2038 quisque
1003 1899 1314 2038 deponerent,
1361 1902 1495 2047 siquis
1541 1938 1694 2006 autem
1821 1969 1824 1974 ·

219 2083 413 2149 armatus
450 2041 589 2145 domo
627 2039 857 2160 exivisset,
902 2041 1088 2180 impune
1134 2045 1438 2146 occideretur.
1482 2058 1693 2150 Ceterum

218 2190 505 2292 Caesarianae
539 2183 695 2330 copiae
730 2182 893 2326 partim
928 2220 1166 2305 evocatae,
1194 2187 1354 2327 partim
1389 2190 1446 2288 ad
1481 2192 1691 2292 nuntium

221 2330 533 2435 tumultuantis
571 2328 760 2432 'civitatis
805 2328 1006 2449 excitae,
1051 2361 1210 2469 sponte
1260 2369 1336 2430 sua
1381 2333 1692 2432 Mediolanum
1804 2337 1805 2342 ‘

221 2475 562 2592 confluxerunt,
598 2473 972 2612 irrumpentesque
1008 2471 1128 2573 viam
1173 2468 1230 2571 ab
1276 2471 1407 2571 armis
1453 2473 1693 2616 cognomi·

225 2652 412 2736 natam,
442 2651 533 2755 qua
559 2612 774 2753 plurimae
808 2648 909 2714 sunt
944 2649 1171 2714 armorum
1204 2608 1439 2733 officinae,
1465 2652 1599 2758 atque
1625 2653 1691 2717 ta-

224 2761 415 2882 bernae,
450 2792 495 2858 et
528 2791 634 2858 tunc
669 2792 792 2859 erant
828 2751 1156 2876 refertissimae,
1194 2756 1493 2899 diripuerunt,
1530 2762 1691 2901 vixque

227 2908 393 3007 ducum
439 2901 700 3005 auctoritate
752 2936 882 3043 arque
933 2902 1064 3006 etiam
1111 2899 1310 3040 precibus
1346 2899 1538 3006 cohibiti
1576 2981 1593 3023 ,
1634 2902 1691 3007 ab

225 3049 454 3170 universae
488 3045 609 3149 urbis
645 3044 890 3188 direptione
926 3079 1258 3187 temperarunt.

298 3201 449 3294 XXV.
523 3195 632 3326 Jam
667 3189 907 3332 septimum
941 3226 1139 3290 mensem
1175 3186 1417 3290 Franciscus
1452 3183 1610 3292 Sfortia
1645 3187 1694 3290 in

227 3373 323 3437 arce
369 3330 681 3454 obsidebatur,
725 3335 1046 3474 adveneratque
1099 3330 1191 3433 dies
1233 3366 1414 3436 octavus
1467 3333 1566 3438 Kal.
1614 3335 1692 3470 Ju-

227 3477 313 3600 lii,
349 3478 429 3620 qui
462 3471 549 3578 fuit
583 3515 719 3578 annus
754 3476 920 3578 Christi
955 3475 1047 3578 nati
1089 3475 1339 3578 millesimus
1382 3476 1692 3622 quingentesi-
1707 3548 1979 3606 erumnam.

230 3659 330 3724 mus
365 3621 412 3723 vi
445 3621 605 3724 esimus
648 3654 790 3720 sextus
826 3617 934 3754 (hic
979 3620 1100 3724 enirn
1147 3620 1240 3722 dies
1287 3620 1421 3723 initio
1469 3623 1575 3724 belli
1625 3612 1696 3719 fa-

231 3765 379 3867 ciendi
413 3661 555 3866 luerat
591 3763 905 3900 constitutus)3
927 3803 1032 3866 cum
1055 3758 1258 3866 Pontifex
1293 3799 1337 3864 et
1362 3765 1549 3882 Veneti,
1573 3761 1698 3865 habi-

230 3943 284 4008 to
329 3906 524 4014 militum
566 3909 759 4030 delectu,
794 3907 910 4012 Galli
942 3910 1117 4052 Regis,
1153 3945 1290 4049 quem
1334 3904 1542 4006 obsidum
1579 3905 1697 4008 ratio

231 4083 279 4150 et
331 4089 423 4191 spes
468 4053 782 4156 commodioris
823 4052 1092 4153 conditionis
1137 4045 1375 4167 tardabat,
1417 4049 1557 4190 copiis
1599 4089 1695 4152 non

232 4196 521 4338 exspectatis,
557 4235 651 4297 suas
688 4197 863 4298 mittere
907 4195 1219 4312 constituunt,
1254 4225 1305 4292 ut
1340 4205 1515 4294 Ducem
1551 4197 1697 4296 solve·

231 4372 332 4439 rent
368 4337 632 4457 obsidione,
669 4376 805 4480 quem
848 4339 975 4437 certis
1020 4332 1411 4480 significationibus
1451 4338 1507 4437 ad
1554 4372 1696 4439 extre·

233 4519 356 4583 mam
403 4481 669 4584 cibariorum
710 4480 909 4621 inopiam
957 4482 1185 4583 redactum
1233 4519 1318 4582 esse
1360 4480 1694 4600 intellexerant,

239 4626 497 4728 reclamante
531 4626 714 4728 Albeno
749 4627 832 4727 Pio
868 4626 1011 4763 (dum
1046 4625 1108 4726 sic
1142 4623 1278 4767 Regis
1313 4624 1449 4726 etiam
1484 4663 1692 4727 commo·

240 4767 450 4874 ditatibus
486 4769 735 4874 consultum
776 4769 831 4872 iri
864 4773 1036 4908 putat)
1077 4805 1171 4869 non
1212 4807 1299 4866 esse
1343 4769 1400 4866 ad
1441 4804 1559 4868 arma
1601 4768 1692 5005 sirpe

982 4949 984 4954 ’
1585 4921 1690 5009 Ga-
