4294 5972
588 418 840 504 CAROLI
881 421 935 504 V.
976 423 1090 503 LIB.
1130 425 1203 504 XI.
1519 398 1610 516 361'

190 621 276 725 que
310 577 404 726 ipse
439 617 544 681 cum
581 580 833 720 proceribus
869 577 918 678 in
954 616 1077 697 uno,
1117 575 1242 678 Vasti
1271 571 1478 678 Marclrio
1503 575 1551 682 in
1581 580 1648 678 al-

188 761 284 828 tero
319 725 402 826 soli
443 721 798 868 Carthaginensis
840 719 943 822 vico
986 720 1222 840 consedit,
1267 719 1408 862 copiis
1450 720 1561 822 intra
1603 755 1648 824 et

188 906 308 972 extra
344 867 665 998 circumjectis,
704 870 874 1007 praeter
916 864 1140 1007 Hispanos
1175 901 1316 1007 nuper
1351 865 1647 1004 conscriptos,
1766 863 1781 890 ''

190 1015 273 1154 qui
308 1014 363 1114 ad
401 1010 560 1114 turrim
596 1051 701 1116 cum
736 1006 842 1112 fano
876 1008 924 1110 in
966 1045 1121 1112 monte
1156 1008 1286 1112 sitam
1329 1007 1434 1144 jussi
1476 1003 1646 1112 fuerant

190 1156 440 1257 considere.

262 1309 424 1401 XXIII.
498 1298 590 1398 Hic
625 1298 806 1398 Carolus
843 1293 1111 1436 inquirendo
1148 1336 1200 1397 ex
1236 1295 1422 1436 captivis
1471 1335 1647 1438 cogno*

194 1437 304 1558 scit,
342 1452 577 1542 Hazenum
598 1451 800 1584 Regem,
821 1478 958 1580 quem
984 1435 1104 1544 fama
1139 1440 1186 1542 in
1213 1439 1369 1582 vulgus
1395 1438 1512 1540 edita
1541 1481 1644 1542 cunr

191 1621 361 1726 magno
401 1587 599 1718 equitatu
635 1593 856 1687 Tunetem
894 1580 1093 1686 obsidere
1127 1583 1279 1686 Caroli
1314 1584 1554 1714 adventum
1581 1587 1645 1686 eri-

192 1764 461 1869 spectantem
497 1729 807 1847 nuntiaverat,
841 1727 997 1868 procul
1033 1725 1138 1832 binc
1174 1727 1317 1832 abesse
1359 1727 1543 1870 inopem
1587 1724 1646 1828 ab

193 1873 383 1991 amicis,
425 1870 625 1975 Arabum
674 1873 833 1973 auxilia
880 1908 1230 1974 convocantem.
1285 1870 1448 1974 Arabes
1497 1907 1646 1972 autern

193 2049 407 2116 vocantur
443 2017 491 2114 in
528 2012 677 2114 Africa
719 2017 949 2116 Nomades
990 2054 1127 2156 genus
1172 2013 1410 2114 hominum
1439 2049 1646 2155 agreste,

193 2157 353 2297 quibus
389 2196 469 2259 nec
516 2159 684 2300 oppida
718 2193 819 2260 sunt
848 2158 973 2276 ulla,
1005 2198 1084 2262 nec
1120 2193 1237 2258 certa
1271 2151 1536 2276 domicilia,
1573 2157 1646 2261 sed

194 2301 349 2403 omnia
386 2341 488 2421 sua,
511 2338 554 2403 et
591 2303 800 2421 tentoria,
837 2301 919 2403 sub
946 2300 1105 2442 quibus
1141 2297 1373 2420 habitant,
1403 2299 1578 2400 camelis
1600 2337 1646 2401 et

193 2439 338 2546 bobus
390 2441 736 2548 circumferentes
793 2483 918 2546 more
964 2480 1192 2586 pastorum
1242 2442 1416 2568 incertis
1471 2441 1646 2544 sedibus

170 2626 366 2708 errant,
401 2589 552 2728 pecori
587 2591 727 2732 magis
762 2590 1011 2708 studentes,
1048 2627 1184 2729 quam
1220 2586 1535 2730 agriculturae.
1579 2586 1647 2688 Hi

194 2730 432 2831 latrociniis
468 2733 623 2833 assucti
657 2731 833 2872 reliquis
884 2727 1001 2834 Afris
1036 2731 1212 2836 bellicae
1249 2731 1420 2832 virtutis
1463 2728 1646 2869 opinio-

194 2912 250 2974 ne
294 2908 540 3014 praestant,
578 2914 741 2978 nomen
774 2917 829 2977 ue
876 2875 1065 2977 retinent
1113 2910 1310 2976 veterum
1359 2871 1645 2992 mortalium,

191 3015 276 3156 qui
312 3017 541 3158 quondam
576 3059 630 3118 ex
665 2915 830 3121 Arabia
866 3013 1054 3158 profecti
1081 3017 1335 3120 Mahumtti
1354 3013 1574 3155 hujusque
1596 3015 1646 3118 in
1714 3055 1717 3060 ·

193 3155 394 3261 Arabum
439 3196 482 3260 ct
517 3175 829 3264 Saracenorum
864 3165 1054 3305 Imperio
1091 3199 1383 3262 successorum
1419 3159 1642 3298 auspiciis,

121 3335 139 3346 ·
191 3338 244 3402 ut
278 3301 494 3443 plerisque
529 3304 623 3405 aliis
669 3304 956 3449 regionibus,
993 3305 1053 3404 sic
1091 3299 1239 3409 Africa
1274 3301 1434 3420 omni,
1470 3314 1644 3405 Rorna-

193 3444 261 3546 nis
295 3445 513 3575 dejectis,
548 3446 683 3586 potiti
719 3486 854 3569 sunt,
892 3485 935 3549 et
972 3445 1059 3546 hoc
1094 3447 1373 3586 potissimum
1413 3443 1528 3545 vitae
1563 3483 1647 3586 ge-

196 3627 276 3690 nus
292 3665 307 3706 ,
326 3587 434 3688 locis
468 3588 782 3708 invitantibus,
806 3592 949 3732 patrio
981 3589 1319 3731 Numidicoque
1345 3626 1472 3690 more
1500 3625 1646 3728 seque·

194 3726 380 3836 bantur3
422 3770 527 3830 nam
563 3733 710 3836 utrobi
744 3771 832 3856 uc,
874 3733 961 3834 hoc
997 3735 1141 3836 estin
1183 3731 1348 3836 Arabia
1388 3766 1432 3831 et
1474 3729 1645 3840 Numi,

194 3871 268 3974 dia
304 3875 532 3975 Nomades
568 3875 678 3977 olim
713 3773 842 3979 luisse
877 3913 1074 3979 constat.
1112 3877 1184 3975 Ad
1210 3875 1290 3976 hos
1318 3873 1452 4016 igitur
1479 3870 1646 3975 Arabes

194 4014 476 4117 solicitandos
511 4027 746 4120 Hazenum
775 4021 910 4163 longe
945 4021 1187 4160 digressum
1221 4056 1311 4117 esse
1345 4016 1511 4158 captivi
1543 4056 1646 4158 pto-

193 4157 485 4266 nuntiabantr
523 4163 648 4299 quod
683 4164 847 4264 Carolo
882 4198 1047 4303 praeter
1084 4159 1346 4302 opinionem
1380 4159 1566 4281 evenit,
1601 4196 1645 4260 et

193 4335 364 4444 practer
399 4301 646 4443 legatorum
681 4305 908 4446 pollicita,
941 4305 1022 4446 qui
1046 4316 1222 4446 Regem
1245 4343 1370 4405 suum
1396 4343 1500 4404 cum
1528 4343 1644 4406 exer-

192 4445 287 4545 citu
324 4481 368 4542 et
404 4445 601 4548 maximo
641 4484 895 4549 commeatu
938 4483 1111 4592 praesto
1147 4447 1303 4550 nostris
1343 4443 1439 4548 fore
1480 4447 1645 4550 confir-

193 4623 454 4711 maverant,
488 4600 609 4721 cujus
646 4589 781 4696 fidem
817 4593 1001 4698 Carolus
1036 4631 1127 4694 non
1163 4629 1256 4695 tam
1292 4591 1443 4694 auxilii
1485 4593 1645 4694 milita-

194 4729 250 4828 ris
264 4771 455 4978 ,Tquam
488 4771 759 4840 commeatus
800 4736 940 4880 gratia
980 4735 1280 4856 desiderabat.
1323 4737 1405 4840 Sed
1440 4771 1647 4838 neutrum

307 4915 377 4978 om.
397 4889 432 4982 1.
1155 4885 1232 4982 Zz
1550 4888 1646 4979 Ha-
