4368 5984
721 379 841 450 VITA
866 377 930 448 ET
955 375 1166 450 SCRIPTA.
1501 389 1624 462 xxm,

289 508 366 598 Sed
390 506 587 596 veniamus
613 499 664 588 ad
691 497 829 585 librum
858 501 904 580 de
933 505 1187 582 convenientia
1214 500 1436 610 disciplinae
1465 514 1646 595 militaris

59 697 66 716 .
201 657 283 718 cnm
301 631 526 715 Christiano
543 630 759 733 religione,
792 615 896 732 cujus
919 617 1088 732 proxime
1114 619 1345 745 mentionem
1376 622 1485 738 ipsius
1515 657 1646 716 aucto-

197 751 246 840 ris
274 748 400 838 verbis
425 743 627 858 injecimus.

289 873 395 954 Cum
412 862 626 951 Bononiam
641 857 857 973 Sepulvcda·
880 854 1039 944 venisset
1052 853 1289 942 Clementem
1308 859 1394 945 Vll.
1406 865 1518 950 Pont.
1536 867 1644 954 Max.

196 1013 352 1076 secutus
385 1047 397 1091 ‚
424 1011 507 1100 quo
527 1005 699 1095 tempore
723 975 783 1060 hic
814 980 940 1059 Roma
956 972 1170 1090 profectus,
1194 1003 1234 1062 et
1260 980 1418 1064 Carolus
1436 985 1574 1068 Caesar
1601 1017 1646 1075 cx

201 1106 427 1195 Pannonico
461 1099 561 1187 bello
594 1123 761 1187 reversus
787 1093 835 1180 de
867 1092 1019 1179 summis
1053 1094 1223 1180 videlicet
1252 1094 1363 1182 rebus
1403 1100 1648 1218 colloquendi

198 1226 322 1346 gratia
345 1224 485 1308 ineam
511 1219 667 1322 urbem,
682 1211 1009 1332 quemadmodum
1033 1242 1144 1326 supra
1159 1212 1359 1320 innuimus,
1373 1243 1648 1330 convenerunt,

197 1343 450 1462 gratissimum
475 1335 523 1422 illi
539 1333 635 1440 fuit,
663 1358 750 1450 post
772 1329 928 1447 longam
954 1360 1060 1414 suam
1076 1332 1207 1417 decem
1231 1355 1270 1416 et
1295 1358 1386 1418 octo
1402 1363 1589 1425 annorum
1607 1342 1646 1428 in

198 1463 308 1549 ltalia
336 1456 702 1576 peregrinationem,
732 1450 872 1536 multos
897 1479 942 1535 ex
958 1451 1125 1564 Hispana
1151 1448 1345 1536 nobilitate
1376 1483 1545 1543 summae
1571 1460 1649 1578 spei

204 1581 462 1668 adolescentes
489 1575 641 1679 videre,
665 1595 705 1660 et
728 1571 941 1689 aliquorum
957 1568 1215 1682 jucundissima
1231 1573 1502 1660 consuetudine
1526 1578 1649 1666 collo-

202 1696 493 1817 quioquefrui3
523 1697 589 1782 sed
602 1695 716 1811 longe
740 1692 907 1810 gratius,
930 1690 1095 1809 ipsorum
1108 1687 1296 1808 quosdam
1313 1723 1390 1781 non
1409 1695 1459 1782 ad
1472 1727 1575 1784 arma
1591 1730 1647 1787 so·

200 1818 309 1925 lum,
352 1820 418 1906 scd
449 1818 499 1904 ad
530 1815 666 1901 litteras
692 1813 804 1898 etiam
828 1835 973 1927 praeter
1009 1841 1156 1898 morem
1188 1839 1337 1901 nostrae
1378 1817 1499 1933 gentis
1529 1815 1649 1908 factos

197 1935 310 2024 luisse
327 1935 581 2053 procliviores.
613 1931 708 2020 Illud
726 1961 819 2020 vero
836 1930 901 2016 sibi
925 1930 1191 2045 permolestum
1226 1933 1385 2039 accidit,
1414 1937 1522 2053 quod
1549 1965 1647 2024 non·

197 2058 293 2144 nulli
309 2059 349 2141 in
366 2087 411 2142 ea
427 2078 548 2141 essent
564 2049 801 2169 persuasione
819 2111 831 2154 ,
860 2077 941 2135 non
973 2079 1080 2164 posse
1098 2050 1251 2136 militem
1280 2080 1507 2168 generosum
1538 2055 1648 2146 simul

197 2172 331 2262 officio
349 2175 492 2292 militari
508 2201 547 2260 ct
564 2169 766 2289 praeceptis
783 2167 1015 2254 Christianae
1041 2169 1223 2286 religionis
1256 2167 1480 2258 satisfacere.
1515 2177 1648 2272 Quam

202 2294 426 2408 opinionem
444 2352 459 2398 ,
485 2293 546 2381 vel
577 2319 740 2376 errorem
764 2286 888 2402 potius
905 2347 918 2392 ,
934 2311 978 2371 ut
994 2287 1200 2392 minueret,
1217 2317 1389 2403 praesens
1406 2321 1501 2376 voce
1517 2354 1529 2398 ,
1554 2323 1649 2410 qua·

202 2433 316 2496 tenus
328 2411 449 2517 licuit,
468 2411 506 2494 in
519 2407 752 2494 familiaribus
764 2404 1019 2522 congressibus
1037 2404 1244 2494 elaboravit
1261 2437 1283 2511 3.
1300 2433 1502 2523 postquam
1519 2437 1645 2498 autem

197 2524 238 2613 in
270 2531 405 2615 urbem
421 2558 587 2614 reversus
603 2553 679 2634 est,
697 2522 955 2639 quaestionem
972 2523 1108 2638 soripto
1124 2525 1330 2611 accuratius
1351 2526 1524 2612 disserere
1555 2559 1648 2617 con·

196 2646 346 2752 stituit,
374 2674 419 2732 ac
445 2647 494 2732 dc
512 2646 697 2732 bellorum
710 2642 843 2754 justitia
870 2665 909 2726 et
926 2641 1149 2748 honestate,
1175 2642 1222 2730 dc
1239 2639 1484 2750 fottimdine,
1502 2647 1550 2733 de
1568 2679 1648 2735 ma-

198 2765 399 2882 gnitudine
424 2765 537 2850 animi
566 2764 770 2876 ceterisque
794 2760 931 2866 rebus,
964 2788 1063 2874 quae
1096 2761 1247 2877 propius
1263 2761 1360 2847 hanc
1387 2766 1648 2881 quaestionem

197 2883 432 3001 attingtmt,
463 2882 676 2998 disputare:
707 2872 825 2995 qua‘m
855 2907 924 2992 pro
957 2877 1066 2991 ipsius
1092 2879 1361 2994 multiplicitate
1388 2911 1432 2968 ac
1465 2883 1645 2974 varietate

199 3001 317 3115 paulo
344 3001 453 3088 latius
475 3000 694 3116 explicatam
711 2997 786 3082 hoc
801 2995 926 3082 libello
958 2996 1174 3112 complexus
1189 3023 1277 3102 est,
1302 3028 1346 3084 ac
1366 2998 1406 3084 in
1422 3000 1543 3087 lucem
1557 3006 1649 3090 emi·

193 3118 246 3234 ‚sit
273 3121 345 3206 sub
362 3117 529 3233 auspiciis
559 3117 780 3204 Ferdinandi
796 3113 922 3199 Toleti
938 3113 1174 3202 Albanorum
1203 3115 1348 3224 Ducis,
1377 3147 1465 3204 cum
1491 3119 1563 3208 hac
1591 3123 1645 3210 in·

197 3237 425 3353 scriptione:
460 3236 528 3354 Jo.
551 3237 704 3321 Genesii
719 3234 955 3342 Sepuivedae
985 3233 1262 3339 Cordubensis,
1281 3237 1437 3322 Artium
1453 3241 1496 3323 ts
1524 3241 1648 3328 Theo-

196 3361 319 3466 lagiae
335 3362 500 3442 docimii
515 3361 559 3440 de
580 3355 847 3442 conuenientia
878 3357 1059 3436 militaris
1082 3357 1303 3462 disciplinae
1320 3383 1402 3438 cnm
1419 3356 1643 3446 Christiano

194 3482 389 3584 Religione
408 3477 616 3584 Dialogus,
647 3482 712 3581 qui
736 3475 959 3556 inscribitur
977 3472 1386 3560 DEMOCRATES.
1413 3474 1476 3561 Ad
1502 3475 1642 3578 calcem

196 3587 276 3677 libri
292 3593 478 3710 legimus:
516 3591 743 3700 Irnpressnm
776 3591 913 3677 Romrae
951 3595 1056 3698 apud
1084 3592 1287 3676 Antonium
1317 3591 1492 3676 Biadnm.
1532 3598 1645 3680 Anno

196 3709 357 3795 Domini
390 3713 450 3796 M.
466 3713 520 3793 D.
535 3711 690 3794 XXXV.
710 3707 770 3816 4.⁰
808 3737 961 3796 excusus
976 3734 1033 3795 est
1056 3709 1194 3796 deinde
1213 3710 1350 3795 Parisiis
1374 3739 1463 3796 cum
1486 3709 1561 3795 aliis
1577 3742 1647 3798 au·

197 3829 312 3916 ctoris
343 3830 518 3944 operibus
538 3829 636 3944 typis
666 3828 825 3914 Simonis
849 3825 1018 3913 Colinaei
1034 3855 1095 3910 an.
1117 3857 1243 3938 1541.
1266 3829 1386 3914 in8.⁰

288 3951 399 4061 Opus
424 3949 499 4035 hoc
532 3948 649 4033 tribus
679 3971 827 4034 constat
855 3945 969 4030 libris.
1020 3949 1078 4032 Ut
1107 3977 1231 4034 sermo
1263 3947 1367 4033 velut
1399 3945 1497 4034 disce
1524 3951 1645 4040 tando

196 4065 438 4153 commodius
480 4066 722 4181 explicaretur
754 4093 861 4152 more
889 4064 1166 4151 Socraticorum
1199 4063 1278 4168 ‚in
1307 4062 1445 4183 dialogi
1481 3978 1644 4158 liirmam

199 4185 369 4270 redactus
398 4209 481 4291 est,
514 4183 684 4300 verisque
705 4214 839 4300 parum
868 4182 1072 4268 commode
1090 4181 1406 4296 suppetentibus,
1433 4210 1505 4271 tres
1537 4185 1646 4274 fictae

196 4329 379 4414 personae
408 4302 513 4418 quasi
529 4307 676 4388 Romae
702 4303 900 4419 loquentes
932 4296 1133 4386 inductae:
1162 4299 1407 4415 Leopoldus,
1428 4307 1645 4391 Germanus

195 4417 347 4524 hom03
375 4419 552 4508 Alfonsus
583 4426 764 4506 Guevata
782 4481 795 4526 ‚
813 4443 961 4504 nostrae
976 4419 1097 4536 gentis
1124 4443 1322 4507 veteranus
1338 4419 1439 4505 miles
1459 4450 1474 4528 5
1498 4444 1538 4506 et
1565 4427 1645 4510 De·

194 4567 382 4626 mocrates
398 4545 592 4646 Graecus,
612 4538 674 4624 cui
702 4537 842 4652 primae
867 4537 905 4621 in
937 4534 1188 4652 disputatione
1215 4561 1337 4652 partes
1353 4537 1581 4626 tribuuntur.

254 4659 445 4758 Quamvis
464 4658 656 4792 egregium
671 4657 747 4742 hoc
763 4653 987 4772 opusculum
1004 4655 1124 4741 lucem
1140 4655 1245 4742 haud
1263 4654 1355 4742 vidit
1368 4656 1419 4742 ad
1435 4685 1494 4741 an.
1516 4688 1644 4772 1535.

195 4775 435 4864 lucubratum
453 4777 527 4890 iam
552 4776 659 4860 luisse
673 4775 723 4859 ab
747 4799 901 4864 auctore
918 4803 1022 4859 anno
1045 4801 1169 4884 1533.
1195 4771 1403 4890 colligimus
1420 4797 1502 4861 tum
1518 4805 1564 4864 ex
1579 4808 1642 4886 eo,

195 4897 306 5013 quod
327 4895 543 4986 octodecim
561 4895 638 5012 jam
654 4923 775 4984 annos
799 4893 848 4982 ab
863 4892 1046 5014 Hispania
1064 4891 1387 5014 peregrinaretur,
1402 4921 1491 4982 cum
1505 4893 1544 4983 id
1559 4893 1644 4982 scri·
