4294 5984
615 504 862 590 ennom
907 503 962 588 v.
996 506 1115 588 ιιι.
1142 507 1236 596 ιιι.
1373 447 1376 454 ’
1543 487 1602 610 ‘s9

240 655 399 773 XVIII.
474 659 786 770 Comestabilis
822 662 1005 766 adhoc
1041 701 1213 809 tempus
1249 661 1404 808 Burgis
1441 669 1641 833 moraba-

167 845 273 936 tur,
309 849 414 914 eum
450 812 666 936 nuntius,
701 813 786 978 qui
817 811 1111 955 Burgensium
1146 812 1400 954 postulata,
1446 814 1501 914 de
1546 813 1638 956 qui

166 953 248 1060 bus
284 995 414 1099 supra
449 956 723 1080 diximus,i
755 955 929 1102 siusque
965 994 1111 1122 preces
1147 958 1202 1058 ad
1230 959 1444 1059 Carolum
1480 971 1637 1063 Caesa-

157 1140 256 1204 rem
283 1101 611 1269 pertulerat,
587 1141 717 1206 rern
654 997 831 1206 ''rsii'oco
865 1101 1097 1206 redivit:
1084 1137 1236 1246 itaque
1272 1101 1536 1206 seditionem
1572 1145 1637 1210 at-

163 1285 257 1388 que
282 1246 501 1390 impetum
526 1247 576 1349 in
603 1289 648 1349 se
669 1247 857 1351 civitatis
888 1249 1072 1369 vetitus,
1099 1285 1272 1366 arcem,
1296 1287 1384 1392 qua
1409 1289 1452 1349 se
1475 1249 1634 1391 potiri,

159 1391 285 1534 prius
319 1429 461 1555 quam
494 1431 560 1494 res
596 1393 923 1519 enuntiaretur,
948 1393 1102 1538 magni
1137 1393 1339 1495 interesse
1376 1393 1634 1531 judicabat,

159 1534 368 1676 praemirs
414 1573 459 1637 et
495 1536 891 1682 pollicitationibus
926 1540 1117 1641 adducto
1153 1535 1402 1703 praefecte,
1438 1541 1632 1684 recepit,

160 1681 457 1825 eamdemque
492 1683 698 1851 populo,
734 1684 815 1827 qui
861 1684 1014 1786 sumtis
1058 1724 1191 1786 armrs
1227 1686 1484 1788 tumultuari
1531 1727 1632 1790 coe-

157 1863 315 1970 perat,
364 1866 439 1931 sua
479 1830 762 1993 potissimum
816 1828 1077 1932 auctoritate
1125 1828 1369 1953 cohibito,
1412 1829 1630 1970 praesidio

156 1971 386 2093 munivit,
422 2007 472 2075 ut
508 1973 587 2076 illo
625 1974 752 2118 quasi
786 1969 938 2077 fraeno
975 1975 1285 2077 seditiosorum
1321 1973 1463 2078 animi
1499 2016 1632 2080 com-

156 2149 467 2260 poscerentur.
505 2129 629 2220 Cum
663 2149 813 2222 autem
848 2119 1084 2222 necessaria
1120 2122 1176 2221 ad
1212 2116 1378 2221 bellum
1415 2160 1519 2222 cum
1555 2159 1631 2263 po

32 2337 37 2352 .
156 2261 386 2404 pularibus
423 2263 665 2406 gerendrun
700 2299 1002 2407 compararet,
1038 2303 1120 2364 nec
1156 2300 1264 2363 esset
1299 2299 1630 2368 tormentorum

162 2406 332 2548 copia,
365 2405 783 2575 Metlrymnensibus
818 2451 844 2510 a
879 2417 1059 2548 Joanne
1102 2405 1265 2508 Padilla
1307 2441 1352 2506 et
1399 2408 1631 2549 populari-

157 2541 241 2650 bus
279 2551 538 2714 occupatis,
572 2554 797 2656 Sanctium
838 2553 1075 2658 Velascum
1114 2545 1421 2652 Fonterabiam
1456 2550 1631 2673 mittit,

161 2729 246 2834 qur
229 2692 447 2835 aliquot
484 2731 702 2803 tormenta
736 2696 843 2800 hinc
878 2695 1149 2799 deductam
1165 2695 1325 2799 urbem
1357 2695 1629 2817 Victoriam,

159 2869 296 2979 atque
332 2837 439 2940 inde
474 2853 643 2988 Burgus
678 2839 912 2948 deferenda
946 2876 1146 2946 curaret.
1181 2848 1269 2942 Is
1255 2880 1367 2974 jussa
1399 2839 1632 2982 diligenter

162 2982 501 3107 administrans,
546 2987 785 3094 levioribus
828 2987 1059 3093 tormentis
1102 2984 1338 3130 globisque
1373 2979 1547 3105 ferreis,
1584 3021 1629 3088 et

158 3129 334 3249 ceteris,
356 3171 472 3297 quae
494 3137 726 3239 tormentis
751 3136 848 3242 usui
882 3171 1012 3300 sunt,
1046 3169 1125 3276 per
1154 3166 1312 3232 terram
1340 3129 1504 3294 statim,
1533 3167 1629 3271 quo

159 3278 464 3417 properantius
500 3279 852 3448 deportarentur,
888 3279 1067 3400 missis,
1108 3309 1294 3442 septem
1307 3273 1512 3419 graviora
1544 3310 1632 3377 tor

158 3456 312 3522 menta
354 3422 403 3525 in
443 3461 607 3528 navem
652 3425 896 3568 imposuit,
937 3463 1130 3567 cumque
1171 3418 1294 3524 his
1282 3459 1375 3566 rpse
1425 3417 1629 3523 Bilbaum

159 3564 419 3711 navigavit,
454 3601 503 3670 ut
538 3567 644 3672 inde
679 3571 990 3674 commodiore
1020 3611 1069 3673 ac
1091 3567 1293 3673 breviore
1330 3567 1519 3670 terrestri
1554 3564 1630 3664 iti

160 3747 267 3813 nere
308 3710 684 3817 conveherentur.
730 3725 840 3817 Hoc
881 3713 1089 3819 Torsillas
1130 3713 1368 3836 nuntiato,
1414 3707 1630 3872 populare

160 3856 399 3961 consilium
443 3867 575 3964 Petro
617 3857 772 3995 Ajalae
815 3859 990 3966 comiti
1037 3860 1299 3966 Salvaterrae
1343 3893 1421 3999 per
1467 3854 1629 3956 litteras

157 4003 420 4124 mandavit,
458 4007 580 4108 daret
616 4043 801 4148 operam
836 4045 973 4170 quam
1009 4007 1201 4106 maxime
1237 4034 1409 4141 posset,
1445 4033 1497 4100 ut
1532 4034 1631 4100 tor-

159 4179 313 4246 menta
335 4148 645 4292 interciperet,
679 4190 761 4253 nec
784 4151 872 4254 ulla
897 4151 1063 4255 ratione
1090 4147 1141 4249 in
1170 4143 1519 4248 adversariorum
1555 4181 1631 4242 ca-

161 4322 250 4393 stra
284 4287 535 4432 perferri
506 4331 691 4396 sineret.
728 4294 910 4399 Nam
897 4331 932 4394 rs
975 4333 1026 4396 ex
1068 4287 1319 4456 proceribus
1360 4322 1501 4432 partes
1547 4325 1633 4428 po

163 4433 384 4578 pularium
419 4438 697 4602 pertinaciter
732 4441 791 4540 ad
825 4436 1112 4542 Cantabriam
1145 4431 1298 4558 fovit,
1328 4431 1631 4601 quemadmo

165 4579 279 4682 dum
313 4583 370 4683 ad
405 4583 630 4688 Asturiam
666 4617 711 4685 et
733 4581 993 4752 Legionem
1028 4579 1187 4686 urbem
1209 4580 1414 4688 Ramirus
1435 4587 1636 4721 Nugnez
1700 4591 1704 4598 ’

165 4735 452 4850 Guzmanus,
489 4766 570 4870 qur
554 4729 750 4832 Torali
785 4729 957 4872 oppido
963 4807 980 4850 ,
1008 4730 1189 4892 aliisque
1224 4723 1479 4828 castellis
1438 4723 1637 4864 vrcisque

170 4907 245 5012 per
294 4913 393 4975 eam
441 4872 675 5018 regionem
722 4869 1029 5019 imperitabat.
1084 4873 1178 4974 Hic
1224 4871 1346 4975 enim
1391 4909 1434 4974 se
1481 4869 1640 4977 ducem

247 5017 356 5121 Tem.
386 5027 422 5122 l.
1165 5021 1221 5122 Μ
1514 5048 1643 5159 prae·
1676 5007 1680 5020 ¹
