4294 5984
556 470 805 560 ennom
848 476 901 556 v.
943 478 1056 559 ιιι.
1099 485 1189 562 ιιι.
1438 545 1444 558 ,
1516 455 1572 570 '85

146 643 229 745 bus
268 636 554 781 relinquens,
591 636 885 778 Pegnafielem
927 629 1128 775 paternae
1173 627 1351 740 ditionis
1395 638 1616 780 oppidum

146 787 363 887 discessit.
395 781 664 884 Discedendi
695 780 854 920 duplex
882 817 1007 879 causa
1035 775 1277 882 ferebatur:
1307 791 1462 898 altera,
1489 787 1615 924 quod

147 925 261 1031 ferre
310 926 574 1029 calumniam
614 964 716 1025 non
758 957 902 1064 posset
945 924 1225 1064 popularium
1270 934 1406 1064 vulgo
1447 936 1616 1060 jactan-

145 1074 300 1195 tium,
337 1070 572 1172 exercitum
600 1064 657 1166 ab
686 1107 741 1167 eo
770 1107 848 1206 per
881 1063 1038 1170 dolum
1076 1109 1127 1168 ex
1163 1109 1270 1211 agro
1307 1067 1616 1207 Methymnen-

100 1211 184 1316 ssi
232 1216 472 1314 deductum
513 1207 675 1331 fitisse,
723 1249 779 1311 ne
829 1207 997 1310 obesset
1049 1212 1327 1332 adversariis,
1377 1215 1616 1352 quominus

146 1358 360 1460 Torsillas
397 1363 719 1497 expugnarent3
755 1351 917 1473 altera,
954 1357 1079 1495 quod
1115 1356 1258 1456 eidem
1295 1395 1320 1456 a
1354 1356 1617 1499 propinquis

143 1499 403 1641 proceribus
441 1496 706 1635 (eratenim
734 1537 920 1637 magnae
956 1497 1235 1642 cognationis
1272 1535 1313 1604 et
1349 1499 1504 1639 primis
1542 1543 1614 1602 eou

145 1683 248 1746 rum
294 1643 504 1786 sanguine
546 1645 836 1774 conjunctus)
882 1680 960 1783 per
1003 1644 1179 1745 nuntios
1226 1680 1269 1745 et
1316 1647 1614 1786 quorumdam

145 1788 427 1928 colloquium
463 1825 714 1929 persuasum
755 1781 932 1905 fuisset,
971 1784 1233 1908 victoriam,
1258 1791 1292 1890 si
1327 1788 1612 1929 populatibus

145 1932 431 2074 contigisset,
466 1927 592 2048 fote,
638 1966 688 2030 ut
722 1929 872 2028 ceteris
915 1929 1207 2068 proceribus,
1243 1931 1353 2035 item
1398 1931 1481 2071 ipsi
1529 1932 1615 2035 Gi-

145 2077 250 2175 toni
284 2075 602 2216 perniciosam,
637 2110 742 2172 cum
778 2068 947 2170 hocin
981 2073 1134 2210 primis
1170 2084 1379 2202 jactarent
1423 2075 1613 2216 popula-

146 2259 245 2338 res,
283 2259 326 2317 se
360 2230 531 2359 Regem
568 2256 620 2314 ex
656 2251 891 2354 procerum
925 2223 1088 2343 jactura
1125 2217 1366 2338 ditaturos,
1409 2215 1614 2357 publica-

146 2362 206 2458 tis
244 2395 288 2458 et
318 2361 463 2502 Regio
500 2357 775 2499 patrimonio
810 2353 1015 2456 restitutis
1051 2357 1251 2496 ipsorum
1287 2359 1450 2478 bonis,
1485 2389 1615 2500 quae·

147 2543 343 2643 cumque
380 2503 484 2602 inde
519 2499 729 2620 fuissent,
765 2537 817 2601 ut
852 2535 989 2600 essent
1031 2502 1286 2642 pleraque„
1312 2541 1389 2643 pet
1435 2511 1615 2642 Regum·

150 2647 429 2788 superiorum
453 2646 732 2790 largitionem
770 2644 1030 2785 injustasque
1067 2645 1323 2746 donationes
1351 2679 1511 2786 praeter
1546 2645 1613 2744 le-

152 2829 229 2932 ges
273 2791 497 2899 dettacta3
540 2827 589 2889 ut
627 2789 1007 2931 quemadmodum
1049 2789 1298 2927 pernicioso
1335 2789 1412 2890 illo
1448 2827 1613 2910 errore,

151 2932 302 3033 multis
350 2931 603 3074 proceribus
651 2932 944 3072 locupletatis,
984 2969 1208 3033 contracta
1255 2927 1403 3034 fuisset
1437 2935 1613 3072 publica

152 3076 291 3218 Regis
327 3077 514 3218 inopia,
551 3076 689 3177 sicci
728 3073 875 3194 malo,
921 3078 1046 3236 quod
1089 3112 1194 3176 esset
1237 3112 1370 3219 caput
1406 3077 1612 3184 omnium

153 3217 582 3341 incommodorum,
619 3218 833 3321 contraria
869 3255 1039 3318 tattone
1077 3221 1382 3322 mederentur.

209 3373 313 3467 XV.
367 3365 563 3465 Torsillis
599 3362 854 3506 expugnatis
890 3399 1024 3504 atque
1061 3361 1265 3504 direptis,
1301 3362 1494 3505 plerique
1529 3406 1614 3508 pe·-

151 3504 267 3606 dites
311 3511 471 3648 praeda
514 3506 587 3607 illa
624 3507 1022 3646 quantulacumque
1064 3507 1291 3626 contenti,
1326 3544 1370 3608 et
1404 3507 1466 3609 ob
1508 3511 1611 3608 alias

153 3689 340 3771 causas,
388 3653 578 3753 domum
624 3651 942 3771 discesserunt,
982 3651 1173 3790 reliquae
1217 3651 1409 3792 copiae,
1453 3653 1611 3793 partim

150 3809 424 3928 Symancas,
460 3792 846 3915 Torlobatonem,
882 3793 1147 3915 Villalvam,
1184 3793 1495 3930 Methymnam
1530 3793 1615 3896 Ri-

150 3938 204 4034 vi
241 3940 342 4038 sicci
378 3976 420 4040 et
455 3939 720 4062 Portillum‚
758 3940 925 4040 castella
961 3975 1006 4040 et
1041 3939 1207 4080 oppida
1242 3941 1406 4037 circum
1445 3935 1612 4037 Valdo-

153 4078 288 4178 litum
306 4078 622 4216 ¹lrybernotum
658 4085 948 4226 praesidiique
994 4121 1119 4181 causa
1164 4081 1406 4198 deductae,
1449 4082 1610 4221 partim

155 4221 352 4324 Torsillis
378 4266 481 4330 cum
512 4229 779 4348 Hadriano,
816 4230 893 4369 qui
918 4238 1007 4358 jam
1030 4222 1116 4320 huc
1145 4263 1197 4321 ex
1228 4220 1493 4356 Methymna
1525 4222 1613 4323 mi-¹

158 4406 377 4509 graverat,
413 4409 457 4472 et
492 4371 768 4491 Almiranto‚
806 4371 886 4509 qui
923 4367 1009 4466 hoc
1044 4366 1216 4508 oppido
1252 4402 1429 4506 recepto
1462 4366 1612 4509 Regni

156 4513 515 4651 procurationem
551 4549 812 4658 susceperat,
850 4547 893 4611 et
931 4511 1114 4612 Velasco
1151 4507 1273 4610 Fario
1310 4509 1527 4630 Comite,
1562 4551 1613 4610 ac

159 4657 309 4754 ceteris
344 4651 433 4755 fere
469 4659 718 4799 proceribus
753 4695 1070 4759 remanserunt.
1105 4665 1170 4755 Ex
1196 4651 1479 4795 popularibus
1507 4693 1614 4795 quo·

155 4835 245 4940 que
282 4833 381 4941 post
415 4801 655 4944 digressum
681 4803 797 4904 Petri
835 4800 1010 4928 Gitonis
1045 4798 1176 4902 multi
1213 4791 1489 4900 diflltutetant
1501 4875 1520 4920 ,
1548 4839 1616 4899 te-

1558 4939 1617 5038 h..
