<?xml version="1.0" encoding="UTF-8"?>
<!DOCTYPE html PUBLIC "-//W3C//DTD XHTML 1.0 Transitional//EN"
    "http://www.w3.org/TR/xhtml1/DTD/xhtml1-transitional.dtd">
<html xmlns="http://www.w3.org/1999/xhtml" xml:lang="en" lang="en">
 <head>
  <title>
</title>
<meta http-equiv="Content-Type" content="text/html;charset=utf-8" />
  <meta name='ocr-system' content='tesseract 3.04.00' />
  <meta name='ocr-capabilities' content='ocr_page ocr_carea ocr_par ocr_line ocrx_word'/>
</head>
<body>
  <div class='ocr_page' id='page_1' title='image "./joannisgenesiis02sepgoog_0685.png"; bbox 0 0 4326 5986; ppageno 0'>
   <div class='ocr_carea' id='block_1_1' title="bbox 568 488 1584 597">
    <p class='ocr_par' dir='ltr' id='par_1_1' title="bbox 568 488 1584 597">
     <span class='ocr_line' id='line_1_1' title="bbox 568 488 1584 597; baseline 0.001 -1"><span class='ocrx_word' id='word_1_1' title='bbox 568 488 654 596; x_wconf 80' lang='lat'>448</span> <span class='ocrx_word' id='word_1_2' title='bbox 980 508 1065 590; x_wconf 79' lang='lat' dir='ltr'>or.</span> <span class='ocrx_word' id='word_1_3' title='bbox 1106 509 1317 592; x_wconf 76' lang='lat' dir='ltr'>nauus</span> <span class='ocrx_word' id='word_1_4' title='bbox 1356 507 1584 597; x_wconf 78' lang='lat' dir='ltr'>oasms</span> 
     </span>
    </p>
   </div>
   <div class='ocr_carea' id='block_1_2' title="bbox 382 663 2135 5086">
    <p class='ocr_par' dir='ltr' id='par_1_2' title="bbox 382 663 2135 5086">
     <span class='ocr_line' id='line_1_2' title="bbox 527 663 1991 822; baseline 0.002 -41"><span class='ocrx_word' id='word_1_5' title='bbox 527 673 785 782; x_wconf 88' lang='lat' dir='ltr'>nuntiatum</span> <span class='ocrx_word' id='word_1_6' title='bbox 821 663 1155 793; x_wconf 82' lang='lat' dir='ltr'>Cenuensibus‚</span> <span class='ocrx_word' id='word_1_7' title='bbox 1195 707 1245 773; x_wconf 92' lang='lat' dir='ltr'>ut</span> <span class='ocrx_word' id='word_1_8' title='bbox 1282 671 1368 774; x_wconf 89' lang='lat' dir='ltr'>nisi</span> <span class='ocrx_word' id='word_1_9' title='bbox 1404 672 1581 774; x_wconf 88' lang='lat' dir='ltr'>hostilia</span> <span class='ocrx_word' id='word_1_10' title='bbox 1620 671 1714 819; x_wconf 87' lang='lat' dir='ltr'>pati</span> <span class='ocrx_word' id='word_1_11' title='bbox 1750 673 1991 822; x_wconf 80' lang='lat' dir='ltr'>&#39;urbemque</span> 
     </span>
     <span class='ocr_line' id='line_1_3' title="bbox 382 816 1988 964; baseline 0.002 -39"><span class='ocrx_word' id='word_1_12' title='bbox 382 938 385 946; x_wconf 21' lang='lat'>¹</span> <span class='ocrx_word' id='word_1_13' title='bbox 530 821 663 963; x_wconf 83' lang='lat' dir='ltr'>diripi</span> <span class='ocrx_word' id='word_1_14' title='bbox 699 818 884 940; x_wconf 87' lang='lat' dir='ltr'>vellent,</span> <span class='ocrx_word' id='word_1_15' title='bbox 919 859 1007 919; x_wconf 89' lang='lat' dir='ltr'>sese</span> <span class='ocrx_word' id='word_1_16' title='bbox 1043 819 1163 919; x_wconf 90' lang='lat' dir='ltr'>nulla</span> <span class='ocrx_word' id='word_1_17' title='bbox 1198 816 1459 959; x_wconf 90' lang='lat' dir='ltr'>interposita</span> <span class='ocrx_word' id='word_1_18' title='bbox 1494 859 1622 922; x_wconf 89' lang='lat' dir='ltr'>mora</span> <span class='ocrx_word' id='word_1_19' title='bbox 1658 820 1705 920; x_wconf 93' lang='lat' dir='ltr'>in</span> <span class='ocrx_word' id='word_1_20' title='bbox 1740 857 1988 964; x_wconf 89' lang='lat' dir='ltr'>potestatem</span> 
     </span>
     <span class='ocr_line' id='line_1_4' title="bbox 528 959 1992 1110; baseline 0.002 -42"><span class='ocrx_word' id='word_1_21' title='bbox 528 965 862 1110; x_wconf 80' lang='lat' dir='ltr'>permitterent.</span> <span class='ocrx_word' id='word_1_22' title='bbox 902 964 986 1064; x_wconf 89' lang='lat' dir='ltr'>Sed</span> <span class='ocrx_word' id='word_1_23' title='bbox 1027 962 1306 1065; x_wconf 82' lang='lat' dir='ltr'>caduceatore</span> <span class='ocrx_word' id='word_1_24' title='bbox 1356 961 1405 1063; x_wconf 93' lang='lat' dir='ltr'>in</span> <span class='ocrx_word' id='word_1_25' title='bbox 1440 959 1598 1064; x_wconf 93' lang='lat' dir='ltr'>urbem</span> <span class='ocrx_word' id='word_1_26' title='bbox 1619 973 1735 1066; x_wconf 86' lang='lat' dir='ltr'>‘non</span> <span class='ocrx_word' id='word_1_27' title='bbox 1778 969 1992 1092; x_wconf 86' lang='lat' dir='ltr'>admisso,</span> 
     </span>
     <span class='ocr_line' id='line_1_5' title="bbox 525 1106 1993 1255; baseline 0.001 -44"><span class='ocrx_word' id='word_1_28' title='bbox 525 1108 740 1253; x_wconf 85' lang='lat' dir='ltr'>postridie</span> <span class='ocrx_word' id='word_1_29' title='bbox 777 1106 978 1208; x_wconf 91' lang='lat' dir='ltr'>nondum</span> <span class='ocrx_word' id='word_1_30' title='bbox 1015 1107 1114 1208; x_wconf 90' lang='lat' dir='ltr'>satis</span> <span class='ocrx_word' id='word_1_31' title='bbox 1155 1142 1271 1210; x_wconf 87' lang='lat' dir='ltr'>certa</span> <span class='ocrx_word' id='word_1_32' title='bbox 1312 1107 1409 1207; x_wconf 91' lang='lat' dir='ltr'>luce</span> <span class='ocrx_word' id='word_1_33' title='bbox 1454 1147 1554 1209; x_wconf 92' lang='lat' dir='ltr'>eam</span> <span class='ocrx_word' id='word_1_34' title='bbox 1607 1147 1869 1252; x_wconf 85' lang='lat' dir='ltr'>oppugnare</span> <span class='ocrx_word' id='word_1_35' title='bbox 1916 1153 1993 1255; x_wconf 88' lang='lat' dir='ltr'>ag-</span> 
     </span>
     <span class='ocr_line' id='line_1_6' title="bbox 526 1243 1992 1398; baseline 0.001 -44"><span class='ocrx_word' id='word_1_36' title='bbox 526 1253 817 1398; x_wconf 88' lang='lat' dir='ltr'>grediuntur,</span> <span class='ocrx_word' id='word_1_37' title='bbox 848 1262 970 1384; x_wconf 87' lang='lat' dir='ltr'>cujus</span> <span class='ocrx_word' id='word_1_38' title='bbox 1006 1250 1098 1390; x_wconf 90' lang='lat' dir='ltr'>ipse</span> <span class='ocrx_word' id='word_1_39' title='bbox 1134 1249 1198 1350; x_wconf 90' lang='lat' dir='ltr'>tei</span> <span class='ocrx_word' id='word_1_40' title='bbox 1234 1287 1450 1393; x_wconf 86' lang='lat' dir='ltr'>spectator</span> <span class='ocrx_word' id='word_1_41' title='bbox 1482 1243 1584 1372; x_wconf 85' lang='lat' dir='ltr'>fui,</span> <span class='ocrx_word' id='word_1_42' title='bbox 1608 1291 1658 1352; x_wconf 88' lang='lat' dir='ltr'>ac</span> <span class='ocrx_word' id='word_1_43' title='bbox 1694 1254 1876 1392; x_wconf 89' lang='lat' dir='ltr'>periculi</span> <span class='ocrx_word' id='word_1_44' title='bbox 1908 1295 1992 1398; x_wconf 88' lang='lat' dir='ltr'>pat·</span> 
     </span>
     <span class='ocr_line' id='line_1_7' title="bbox 525 1393 1988 1542; baseline 0.001 -42"><span class='ocrx_word' id='word_1_45' title='bbox 525 1400 706 1538; x_wconf 62' lang='lat' dir='ltr'>ticeps-5</span> <span class='ocrx_word' id='word_1_46' title='bbox 738 1395 959 1536; x_wconf 89' lang='lat' dir='ltr'>murisque</span> <span class='ocrx_word' id='word_1_47' title='bbox 1001 1393 1314 1514; x_wconf 77' lang='lat' dir='ltr'>succedentes,</span> <span class='ocrx_word' id='word_1_48' title='bbox 1350 1431 1396 1494; x_wconf 93' lang='lat' dir='ltr'>et</span> <span class='ocrx_word' id='word_1_49' title='bbox 1432 1395 1549 1497; x_wconf 86' lang='lat' dir='ltr'>scalis</span> <span class='ocrx_word' id='word_1_50' title='bbox 1592 1396 1784 1497; x_wconf 89' lang='lat' dir='ltr'>admotis</span> <span class='ocrx_word' id='word_1_51' title='bbox 1827 1436 1988 1542; x_wconf 90' lang='lat' dir='ltr'>magno</span> 
     </span>
     <span class='ocr_line' id='line_1_8' title="bbox 525 1529 1986 1684; baseline -0.003 -37"><span class='ocrx_word' id='word_1_52' title='bbox 525 1529 700 1684; x_wconf 79' lang='lat' dir='ltr'>impetu</span> <span class='ocrx_word' id='word_1_53' title='bbox 736 1578 992 1682; x_wconf 89' lang='lat' dir='ltr'>magnoque</span> <span class='ocrx_word' id='word_1_54' title='bbox 1026 1537 1177 1640; x_wconf 92' lang='lat' dir='ltr'>animo</span> <span class='ocrx_word' id='word_1_55' title='bbox 1212 1536 1371 1640; x_wconf 90' lang='lat' dir='ltr'>urbem</span> <span class='ocrx_word' id='word_1_56' title='bbox 1407 1577 1459 1637; x_wconf 86' lang='lat' dir='ltr'>ex</span> <span class='ocrx_word' id='word_1_57' title='bbox 1496 1573 1660 1680; x_wconf 90' lang='lat' dir='ltr'>parte,</span> <span class='ocrx_word' id='word_1_58' title='bbox 1696 1579 1834 1682; x_wconf 91' lang='lat' dir='ltr'>quam</span> <span class='ocrx_word' id='word_1_59' title='bbox 1876 1543 1986 1644; x_wconf 84' lang='lat' dir='ltr'>Itali·</span> 
     </span>
     <span class='ocr_line' id='line_1_9' title="bbox 527 1681 1979 1825; baseline -0.001 -38"><span class='ocrx_word' id='word_1_60' title='bbox 527 1688 569 1790; x_wconf 91' lang='lat' dir='ltr'>ci</span> <span class='ocrx_word' id='word_1_61' title='bbox 603 1685 762 1787; x_wconf 87' lang='lat' dir='ltr'>milites</span> <span class='ocrx_word' id='word_1_62' title='bbox 797 1681 1100 1803; x_wconf 80' lang='lat' dir='ltr'>asservabant,</span> <span class='ocrx_word' id='word_1_63' title='bbox 1136 1688 1395 1825; x_wconf 85' lang='lat' dir='ltr'>oppugnare</span> <span class='ocrx_word' id='word_1_64' title='bbox 1429 1720 1700 1823; x_wconf 91' lang='lat' dir='ltr'>coeperunt.</span> <span class='ocrx_word' id='word_1_65' title='bbox 1748 1685 1841 1785; x_wconf 91' lang='lat' dir='ltr'>Hic</span> <span class='ocrx_word' id='word_1_66' title='bbox 1877 1687 1979 1787; x_wconf 88' lang='lat' dir='ltr'>acri·</span> 
     </span>
     <span class='ocr_line' id='line_1_10' title="bbox 527 1827 2133 1966; baseline -0.002 -34"><span class='ocrx_word' id='word_1_67' title='bbox 527 1865 594 1934; x_wconf 91' lang='lat' dir='ltr'>ter</span> <span class='ocrx_word' id='word_1_68' title='bbox 628 1829 834 1966; x_wconf 90' lang='lat' dir='ltr'>utrinque</span> <span class='ocrx_word' id='word_1_69' title='bbox 870 1867 973 1927; x_wconf 91' lang='lat' dir='ltr'>cum</span> <span class='ocrx_word' id='word_1_70' title='bbox 1009 1863 1313 1965; x_wconf 83' lang='lat' dir='ltr'>pugnaretur,</span> <span class='ocrx_word' id='word_1_71' title='bbox 1349 1865 1438 1926; x_wconf 82' lang='lat' dir='ltr'>vox</span> <span class='ocrx_word' id='word_1_72' title='bbox 1481 1827 1683 1928; x_wconf 88' lang='lat' dir='ltr'>exaudita</span> <span class='ocrx_word' id='word_1_73' title='bbox 1724 1863 1788 1928; x_wconf 89' lang='lat' dir='ltr'>est</span> <span class='ocrx_word' id='word_1_74' title='bbox 1831 1831 1986 1930; x_wconf 83' lang='lat' dir='ltr'>extrin-</span> <span class='ocrx_word' id='word_1_75' title='bbox 2132 1833 2133 1838; x_wconf 46' lang='lat'>‘</span> 
     </span>
     <span class='ocr_line' id='line_1_11' title="bbox 527 1969 1986 2107; baseline -0.003 -31"><span class='ocrx_word' id='word_1_76' title='bbox 527 2011 647 2076; x_wconf 86' lang='lat' dir='ltr'>serus</span> <span class='ocrx_word' id='word_1_77' title='bbox 696 1969 1019 2070; x_wconf 87' lang='lat' dir='ltr'>clamantium:</span> <span class='ocrx_word' id='word_1_78' title='bbox 1064 1970 1171 2096; x_wconf 70' lang='lat' dir='ltr'>Quid</span> <span class='ocrx_word' id='word_1_79' title='bbox 1206 1971 1323 2067; x_wconf 83' lang='lat' dir='ltr'>stulte</span> <span class='ocrx_word' id='word_1_80' title='bbox 1360 1975 1651 2107; x_wconf 70' lang='lat' dir='ltr'>propugnans,</span> <span class='ocrx_word' id='word_1_81' title='bbox 1698 1975 1986 2072; x_wconf 74' lang='lat' dir='ltr'>commilitones!</span> 
     </span>
     <span class='ocr_line' id='line_1_12' title="bbox 525 2114 1990 2254; baseline -0.005 -30"><span class='ocrx_word' id='word_1_82' title='bbox 525 2117 679 2224; x_wconf 69' lang='lat' dir='ltr'>Praeda</span> <span class='ocrx_word' id='word_1_83' title='bbox 712 2143 771 2212; x_wconf 87' lang='lat' dir='ltr'>est</span> <span class='ocrx_word' id='word_1_84' title='bbox 801 2121 841 2210; x_wconf 87' lang='lat' dir='ltr'>in</span> <span class='ocrx_word' id='word_1_85' title='bbox 868 2115 996 2234; x_wconf 82' lang='lat' dir='ltr'>urbe,</span> <span class='ocrx_word' id='word_1_86' title='bbox 1029 2149 1124 2245; x_wconf 79' lang='lat' dir='ltr'>qaae</span> <span class='ocrx_word' id='word_1_87' title='bbox 1152 2121 1276 2244; x_wconf 83' lang='lat' dir='ltr'>possit</span> <span class='ocrx_word' id='word_1_88' title='bbox 1309 2121 1480 2246; x_wconf 73' lang='lat' dir='ltr'>utrisque</span> <span class='ocrx_word' id='word_1_89' title='bbox 1515 2114 1657 2232; x_wconf 84' lang='lat' dir='ltr'>nabis,</span> <span class='ocrx_word' id='word_1_90' title='bbox 1684 2119 1868 2254; x_wconf 82' lang='lat' dir='ltr'>uobisque</span> <span class='ocrx_word' id='word_1_91' title='bbox 1907 2115 1990 2246; x_wconf 82' lang='lat' dir='ltr'>suf-</span> 
     </span>
     <span class='ocr_line' id='line_1_13' title="bbox 483 2251 2134 2498; baseline -0.001 -138"><span class='ocrx_word' id='word_1_92' title='bbox 483 2257 666 2386; x_wconf 56' lang='lat' dir='ltr'>ficere.</span> <span class='ocrx_word' id='word_1_93' title='bbox 703 2269 833 2385; x_wconf 86' lang='lat' dir='ltr'>Quae</span> <span class='ocrx_word' id='word_1_94' title='bbox 869 2293 957 2357; x_wconf 85' lang='lat' dir='ltr'>vox</span> <span class='ocrx_word' id='word_1_95' title='bbox 993 2251 1225 2498; x_wconf 72' lang='lat' dir='ltr'>oppidanis</span> <span class='ocrx_word' id='word_1_96' title='bbox 1269 2253 1479 2358; x_wconf 90' lang='lat' dir='ltr'>timorem</span> <span class='ocrx_word' id='word_1_97' title='bbox 1516 2253 1796 2359; x_wconf 88' lang='lat' dir='ltr'>vehementer</span> <span class='ocrx_word' id='word_1_98' title='bbox 1842 2259 1988 2380; x_wconf 85' lang='lat' dir='ltr'>auxit,</span> <span class='ocrx_word' id='word_1_99' title='bbox 2133 2351 2134 2368; x_wconf 48' lang='lat'>,</span> 
     </span>
     <span class='ocr_line' id='line_1_14' title="bbox 526 2393 2134 2543; baseline 0 -39"><span class='ocrx_word' id='word_1_100' title='bbox 526 2413 619 2539; x_wconf 87' lang='lat' dir='ltr'>jam</span> <span class='ocrx_word' id='word_1_101' title='bbox 667 2436 769 2502; x_wconf 91' lang='lat' dir='ltr'>ante</span> <span class='ocrx_word' id='word_1_102' title='bbox 811 2397 1028 2501; x_wconf 91' lang='lat' dir='ltr'>metuenti</span> <span class='ocrx_word' id='word_1_103' title='bbox 1060 2437 1146 2513; x_wconf 90' lang='lat' dir='ltr'>us,</span> <span class='ocrx_word' id='word_1_104' title='bbox 1198 2438 1254 2500; x_wconf 90' lang='lat' dir='ltr'>ne</span> <span class='ocrx_word' id='word_1_105' title='bbox 1294 2400 1391 2500; x_wconf 86' lang='lat' dir='ltr'>Itali</span> <span class='ocrx_word' id='word_1_106' title='bbox 1441 2437 1545 2500; x_wconf 90' lang='lat' dir='ltr'>cum</span> <span class='ocrx_word' id='word_1_107' title='bbox 1591 2401 1705 2500; x_wconf 90' lang='lat' dir='ltr'>Italis</span> <span class='ocrx_word' id='word_1_108' title='bbox 1754 2399 1987 2543; x_wconf 88' lang='lat' dir='ltr'>cupiditate</span> <span class='ocrx_word' id='word_1_109' title='bbox 2133 2393 2134 2458; x_wconf 64' lang='lat' dir='ltr'>l</span> 
     </span>
     <span class='ocr_line' id='line_1_15' title="bbox 528 2539 2134 2690; baseline 0.001 -44"><span class='ocrx_word' id='word_1_110' title='bbox 528 2546 715 2690; x_wconf 84' lang='lat' dir='ltr'>praedae</span> <span class='ocrx_word' id='word_1_111' title='bbox 748 2539 870 2648; x_wconf 86' lang='lat' dir='ltr'>urbis</span> <span class='ocrx_word' id='word_1_112' title='bbox 912 2540 1265 2686; x_wconf 87' lang='lat' dir='ltr'>opulentissimae</span> <span class='ocrx_word' id='word_1_113' title='bbox 1301 2541 1351 2644; x_wconf 89' lang='lat' dir='ltr'>in</span> <span class='ocrx_word' id='word_1_114' title='bbox 1385 2579 1508 2645; x_wconf 88' lang='lat' dir='ltr'>suam</span> <span class='ocrx_word' id='word_1_115' title='bbox 1543 2542 1785 2686; x_wconf 87' lang='lat' dir='ltr'>perniciem</span> <span class='ocrx_word' id='word_1_116' title='bbox 1821 2547 1986 2690; x_wconf 86' lang='lat' dir='ltr'>conspi-</span> <span class='ocrx_word' id='word_1_117' title='bbox 2133 2563 2134 2576; x_wconf 71' lang='lat'><em>&#39;</em></span> 
     </span>
     <span class='ocr_line' id='line_1_16' title="bbox 529 2724 1712 2792; baseline -0.007 0"><span class='ocrx_word' id='word_1_118' title='bbox 529 2724 705 2792; x_wconf 86' lang='lat' dir='ltr'>tarent.</span> <span class='ocrx_word' id='word_1_119' title='bbox 1707 2775 1712 2784; x_wconf 88' lang='lat'>.</span> 
     </span>
     <span class='ocr_line' id='line_1_17' title="bbox 575 2829 1988 2978; baseline -0.003 -40"><span class='ocrx_word' id='word_1_120' title='bbox 575 2844 695 2938; x_wconf 33' lang='lat' dir='ltr'>*vlt</span> <span class='ocrx_word' id='word_1_121' title='bbox 768 2841 868 2936; x_wconf 86' lang='lat' dir='ltr'>Erat</span> <span class='ocrx_word' id='word_1_122' title='bbox 901 2831 950 2938; x_wconf 90' lang='lat' dir='ltr'>id</span> <span class='ocrx_word' id='word_1_123' title='bbox 985 2831 1194 2978; x_wconf 88' lang='lat' dir='ltr'>temporis</span> <span class='ocrx_word' id='word_1_124' title='bbox 1223 2846 1403 2944; x_wconf 90' lang='lat' dir='ltr'>Genuae</span> <span class='ocrx_word' id='word_1_125' title='bbox 1429 2829 1671 2940; x_wconf 91' lang='lat' dir='ltr'>Gomezius</span> <span class='ocrx_word' id='word_1_126' title='bbox 1697 2832 1890 2939; x_wconf 89' lang='lat' dir='ltr'>Xuarius</span> <span class='ocrx_word' id='word_1_127' title='bbox 1924 2832 1988 2935; x_wconf 74' lang='lat' dir='ltr'>Fi-</span> 
     </span>
     <span class='ocr_line' id='line_1_18' title="bbox 524 2979 1988 3222; baseline -0.001 -142"><span class='ocrx_word' id='word_1_128' title='bbox 524 3015 690 3222; x_wconf 85' lang='lat' dir='ltr'>gueroa</span> <span class='ocrx_word' id='word_1_129' title='bbox 732 2979 898 3120; x_wconf 88' lang='lat' dir='ltr'>legatus</span> <span class='ocrx_word' id='word_1_130' title='bbox 941 2982 1122 3099; x_wconf 89' lang='lat' dir='ltr'>Caroli,</span> <span class='ocrx_word' id='word_1_131' title='bbox 1162 2991 1284 3113; x_wconf 90' lang='lat' dir='ltr'>cujus</span> <span class='ocrx_word' id='word_1_132' title='bbox 1321 2979 1425 3081; x_wconf 85' lang='lat' dir='ltr'>fidei</span> <span class='ocrx_word' id='word_1_133' title='bbox 1460 2991 1718 3082; x_wconf 87' lang='lat' dir='ltr'>Genuenses</span> <span class='ocrx_word' id='word_1_134' title='bbox 1756 3019 1880 3080; x_wconf 87' lang='lat' dir='ltr'>suam</span> <span class='ocrx_word' id='word_1_135' title='bbox 1921 3017 1988 3080; x_wconf 82' lang='lat' dir='ltr'>ur·</span> 
     </span>
     <span class='ocr_line' id='line_1_19' title="bbox 560 3119 1985 3266; baseline 0.001 -45"><span class='ocrx_word' id='word_1_136' title='bbox 560 3119 717 3224; x_wconf 93' lang='lat' dir='ltr'>emin</span> <span class='ocrx_word' id='word_1_137' title='bbox 766 3121 832 3223; x_wconf 92' lang='lat' dir='ltr'>his</span> <span class='ocrx_word' id='word_1_138' title='bbox 875 3163 1018 3225; x_wconf 90' lang='lat' dir='ltr'>rerum</span> <span class='ocrx_word' id='word_1_139' title='bbox 1066 3126 1276 3266; x_wconf 90' lang='lat' dir='ltr'>angustiis</span> <span class='ocrx_word' id='word_1_140' title='bbox 1321 3122 1719 3228; x_wconf 89' lang='lat' dir='ltr'>commendarunt.</span> <span class='ocrx_word' id='word_1_141' title='bbox 1761 3134 1800 3222; x_wconf 90' lang='lat' dir='ltr'>Is</span> <span class='ocrx_word' id='word_1_142' title='bbox 1845 3123 1985 3222; x_wconf 90' lang='lat' dir='ltr'>multis</span> 
     </span>
     <span class='ocr_line' id='line_1_20' title="bbox 527 3259 1984 3406; baseline 0.001 -42"><span class='ocrx_word' id='word_1_143' title='bbox 527 3261 752 3366; x_wconf 91' lang='lat' dir='ltr'>nobilibus</span> <span class='ocrx_word' id='word_1_144' title='bbox 804 3266 1118 3368; x_wconf 90' lang='lat' dir='ltr'>comitantibus</span> <span class='ocrx_word' id='word_1_145' title='bbox 1165 3267 1222 3366; x_wconf 83' lang='lat' dir='ltr'>acl</span> <span class='ocrx_word' id='word_1_146' title='bbox 1270 3259 1423 3366; x_wconf 87' lang='lat' dir='ltr'>forum</span> <span class='ocrx_word' id='word_1_147' title='bbox 1479 3266 1838 3406; x_wconf 88' lang='lat' dir='ltr'>argentariorum</span> <span class='ocrx_word' id='word_1_148' title='bbox 1882 3303 1984 3365; x_wconf 90' lang='lat' dir='ltr'>cum</span> 
     </span>
     <span class='ocr_line' id='line_1_21' title="bbox 527 3403 1992 3550; baseline -0.002 -40"><span class='ocrx_word' id='word_1_149' title='bbox 527 3407 862 3550; x_wconf 87' lang='lat' dir='ltr'>oppidanorum</span> <span class='ocrx_word' id='word_1_150' title='bbox 896 3447 1062 3510; x_wconf 90' lang='lat' dir='ltr'>armata</span> <span class='ocrx_word' id='word_1_151' title='bbox 1105 3449 1240 3512; x_wconf 89' lang='lat' dir='ltr'>manu</span> <span class='ocrx_word' id='word_1_152' title='bbox 1283 3443 1427 3510; x_wconf 89' lang='lat' dir='ltr'>totam</span> <span class='ocrx_word' id='word_1_153' title='bbox 1472 3446 1654 3510; x_wconf 88' lang='lat' dir='ltr'>noctem</span> <span class='ocrx_word' id='word_1_154' title='bbox 1697 3403 1992 3528; x_wconf 87' lang='lat' dir='ltr'>excubuerat,</span> 
     </span>
     <span class='ocr_line' id='line_1_22' title="bbox 525 3547 1987 3694; baseline 0 -41"><span class='ocrx_word' id='word_1_155' title='bbox 525 3552 691 3654; x_wconf 88' lang='lat' dir='ltr'>cunctis</span> <span class='ocrx_word' id='word_1_156' title='bbox 725 3553 836 3672; x_wconf 91' lang='lat' dir='ltr'>viis,</span> <span class='ocrx_word' id='word_1_157' title='bbox 863 3553 1019 3693; x_wconf 86' lang='lat' dir='ltr'>nequis</span> <span class='ocrx_word' id='word_1_158' title='bbox 1057 3553 1266 3655; x_wconf 90' lang='lat' dir='ltr'>tumultus</span> <span class='ocrx_word' id='word_1_159' title='bbox 1303 3593 1330 3653; x_wconf 88' lang='lat' dir='ltr'>a</span> <span class='ocrx_word' id='word_1_160' title='bbox 1374 3563 1585 3694; x_wconf 87' lang='lat' dir='ltr'>Fregosae</span> <span class='ocrx_word' id='word_1_161' title='bbox 1626 3547 1833 3652; x_wconf 88' lang='lat' dir='ltr'>factionis</span> <span class='ocrx_word' id='word_1_162' title='bbox 1873 3551 1987 3653; x_wconf 85' lang='lat' dir='ltr'>civi-</span> 
     </span>
     <span class='ocr_line' id='line_1_23' title="bbox 525 3693 1997 3816; baseline 0 -20"><span class='ocrx_word' id='word_1_163' title='bbox 525 3693 608 3796; x_wconf 90' lang='lat' dir='ltr'>bus</span> <span class='ocrx_word' id='word_1_164' title='bbox 634 3695 871 3816; x_wconf 88' lang='lat' dir='ltr'>exsisteret,</span> <span class='ocrx_word' id='word_1_165' title='bbox 891 3694 1097 3797; x_wconf 85' lang='lat' dir='ltr'>obsessis.</span> <span class='ocrx_word' id='word_1_166' title='bbox 1137 3708 1257 3799; x_wconf 92' lang='lat' dir='ltr'>Cum</span> <span class='ocrx_word' id='word_1_167' title='bbox 1285 3730 1431 3798; x_wconf 88' lang='lat' dir='ltr'>autem</span> <span class='ocrx_word' id='word_1_168' title='bbox 1468 3694 1614 3797; x_wconf 89' lang='lat' dir='ltr'>hostes</span> <span class='ocrx_word' id='word_1_169' title='bbox 1640 3695 1689 3796; x_wconf 88' lang='lat' dir='ltr'>in</span> <span class='ocrx_word' id='word_1_170' title='bbox 1710 3695 1833 3795; x_wconf 89' lang='lat' dir='ltr'>illam</span> <span class='ocrx_word' id='word_1_171' title='bbox 1862 3694 1997 3796; x_wconf 85' lang='lat' dir='ltr'>maxi·</span> 
     </span>
     <span class='ocr_line' id='line_1_24' title="bbox 525 3836 1998 3980; baseline -0.002 -40"><span class='ocrx_word' id='word_1_172' title='bbox 525 3877 599 3940; x_wconf 88' lang='lat' dir='ltr'>me</span> <span class='ocrx_word' id='word_1_173' title='bbox 636 3873 840 3980; x_wconf 85' lang='lat' dir='ltr'>partem,</span> <span class='ocrx_word' id='word_1_174' title='bbox 879 3877 1016 3980; x_wconf 90' lang='lat' dir='ltr'>quam</span> <span class='ocrx_word' id='word_1_175' title='bbox 1058 3838 1290 3956; x_wconf 86' lang='lat' dir='ltr'>diximus,</span> <span class='ocrx_word' id='word_1_176' title='bbox 1325 3836 1573 3946; x_wconf 84' lang='lat' dir='ltr'>incubuisse</span> <span class='ocrx_word' id='word_1_177' title='bbox 1621 3837 1998 3980; x_wconf 87' lang='lat' dir='ltr'>vehementerque</span> 
     </span>
     <span class='ocr_line' id='line_1_25' title="bbox 527 3982 2001 4124; baseline -0.001 -40"><span class='ocrx_word' id='word_1_178' title='bbox 527 3991 682 4124; x_wconf 87' lang='lat' dir='ltr'>ur&#39;gete</span> <span class='ocrx_word' id='word_1_179' title='bbox 724 3982 1067 4100; x_wconf 74' lang='lat' dir='ltr'>nuntiarentu15</span> <span class='ocrx_word' id='word_1_180' title='bbox 1105 3983 1433 4124; x_wconf 90' lang='lat' dir='ltr'>oppidanorum</span> <span class='ocrx_word' id='word_1_181' title='bbox 1479 4021 1666 4083; x_wconf 87' lang='lat' dir='ltr'>manum</span> <span class='ocrx_word' id='word_1_182' title='bbox 1705 4017 1826 4084; x_wconf 88' lang='lat' dir='ltr'>extra</span> <span class='ocrx_word' id='word_1_183' title='bbox 1872 3983 2001 4083; x_wconf 89' lang='lat' dir='ltr'>ordi-</span> 
     </span>
     <span class='ocr_line' id='line_1_26' title="bbox 528 4122 2135 4268; baseline 0.001 -42"><span class='ocrx_word' id='word_1_184' title='bbox 528 4165 635 4226; x_wconf 89' lang='lat' dir='ltr'>nem</span> <span class='ocrx_word' id='word_1_185' title='bbox 670 4159 905 4268; x_wconf 89' lang='lat' dir='ltr'>vagantem</span> <span class='ocrx_word' id='word_1_186' title='bbox 941 4122 1241 4229; x_wconf 86' lang='lat' dir='ltr'>laborantibus</span> <span class='ocrx_word' id='word_1_187' title='bbox 1278 4125 1474 4228; x_wconf 90' lang='lat' dir='ltr'>subsidio</span> <span class='ocrx_word' id='word_1_188' title='bbox 1510 4126 1690 4245; x_wconf 92' lang='lat' dir='ltr'>mittit,</span> <span class='ocrx_word' id='word_1_189' title='bbox 1726 4165 1841 4266; x_wconf 90' lang='lat' dir='ltr'>quae</span> <span class='ocrx_word' id='word_1_190' title='bbox 1879 4163 2002 4228; x_wconf 84' lang='lat' dir='ltr'>tem·</span> <span class='ocrx_word' id='word_1_191' title='bbox 2134 4199 2135 4210; x_wconf 55' lang='lat'>.</span> 
     </span>
     <span class='ocr_line' id='line_1_27' title="bbox 529 4268 2135 4412; baseline 0.001 -42"><span class='ocrx_word' id='word_1_192' title='bbox 529 4309 636 4412; x_wconf 90' lang='lat' dir='ltr'>pore</span> <span class='ocrx_word' id='word_1_193' title='bbox 672 4269 1052 4412; x_wconf 90' lang='lat' dir='ltr'>opportunissimo</span> <span class='ocrx_word' id='word_1_194' title='bbox 1088 4268 1325 4392; x_wconf 88' lang='lat' dir='ltr'>subvenit,</span> <span class='ocrx_word' id='word_1_195' title='bbox 1346 4307 1451 4368; x_wconf 90' lang='lat' dir='ltr'>cum</span> <span class='ocrx_word' id='word_1_196' title='bbox 1486 4277 1580 4402; x_wconf 90' lang='lat' dir='ltr'>jam</span> <span class='ocrx_word' id='word_1_197' title='bbox 1614 4269 1814 4370; x_wconf 90' lang='lat' dir='ltr'>custodes</span> <span class='ocrx_word' id='word_1_198' title='bbox 1851 4271 2003 4372; x_wconf 89' lang='lat' dir='ltr'>remis·</span> <span class='ocrx_word' id='word_1_199' title='bbox 2134 4295 2135 4310; x_wconf 55' lang='lat'>¹</span> 
     </span>
     <span class='ocr_line' id='line_1_28' title="bbox 529 4409 2001 4555; baseline 0.003 -46"><span class='ocrx_word' id='word_1_200' title='bbox 529 4413 617 4512; x_wconf 90' lang='lat' dir='ltr'>sius</span> <span class='ocrx_word' id='word_1_201' title='bbox 654 4448 859 4555; x_wconf 88' lang='lat' dir='ltr'>agerent,</span> <span class='ocrx_word' id='word_1_202' title='bbox 889 4449 1022 4555; x_wconf 88' lang='lat' dir='ltr'>atque</span> <span class='ocrx_word' id='word_1_203' title='bbox 1058 4452 1187 4555; x_wconf 89' lang='lat' dir='ltr'>aegre</span> <span class='ocrx_word' id='word_1_204' title='bbox 1223 4412 1480 4514; x_wconf 90' lang='lat' dir='ltr'>sustinerent</span> <span class='ocrx_word' id='word_1_205' title='bbox 1495 4429 1524 4531; x_wconf 82' lang='lat'>‚&#39;</span> <span class='ocrx_word' id='word_1_206' title='bbox 1543 4449 1585 4514; x_wconf 91' lang='lat' dir='ltr'>et</span> <span class='ocrx_word' id='word_1_207' title='bbox 1620 4409 1764 4516; x_wconf 88' lang='lat' dir='ltr'>hostes</span> <span class='ocrx_word' id='word_1_208' title='bbox 1800 4413 2001 4516; x_wconf 90' lang='lat' dir='ltr'>admotis</span> 
     </span>
     <span class='ocr_line' id='line_1_29' title="bbox 528 4555 2001 4698; baseline 0.001 -44"><span class='ocrx_word' id='word_1_209' title='bbox 528 4555 650 4668; x_wconf 82' lang='lat' dir='ltr'>scalis</span> <span class='ocrx_word' id='word_1_210' title='bbox 687 4556 1022 4658; x_wconf 88' lang='lat' dir='ltr'>conscendentes</span> <span class='ocrx_word' id='word_1_211' title='bbox 1058 4565 1149 4687; x_wconf 90' lang='lat' dir='ltr'>jam</span> <span class='ocrx_word' id='word_1_212' title='bbox 1186 4595 1321 4697; x_wconf 91' lang='lat' dir='ltr'>paene</span> <span class='ocrx_word' id='word_1_213' title='bbox 1357 4594 1529 4656; x_wconf 91' lang='lat' dir='ltr'>summa</span> <span class='ocrx_word' id='word_1_214' title='bbox 1565 4557 1808 4698; x_wconf 90' lang='lat' dir='ltr'>cepissent.</span> <span class='ocrx_word' id='word_1_215' title='bbox 1848 4557 2001 4697; x_wconf 88' lang='lat' dir='ltr'>Oppi·</span> 
     </span>
     <span class='ocr_line' id='line_1_30' title="bbox 529 4693 2002 4840; baseline -0.001 -42"><span class='ocrx_word' id='word_1_216' title='bbox 529 4698 652 4798; x_wconf 90' lang='lat' dir='ltr'>danis</span> <span class='ocrx_word' id='word_1_217' title='bbox 687 4699 820 4840; x_wconf 89' lang='lat' dir='ltr'>igitur</span> <span class='ocrx_word' id='word_1_218' title='bbox 856 4735 991 4839; x_wconf 90' lang='lat' dir='ltr'>opem</span> <span class='ocrx_word' id='word_1_219' title='bbox 1026 4693 1263 4802; x_wconf 85' lang='lat' dir='ltr'>ferentibus</span> <span class='ocrx_word' id='word_1_220' title='bbox 1299 4725 1343 4798; x_wconf 88' lang='lat' dir='ltr'>et</span> <span class='ocrx_word' id='word_1_221' title='bbox 1378 4737 1540 4840; x_wconf 86' lang='lat' dir='ltr'>magna</span> <span class='ocrx_word' id='word_1_222' title='bbox 1575 4701 1858 4803; x_wconf 88' lang='lat' dir='ltr'>contentione</span> <span class='ocrx_word' id='word_1_223' title='bbox 1885 4735 2002 4838; x_wconf 86' lang='lat' dir='ltr'>pto-</span> 
     </span>
     <span class='ocr_line' id='line_1_31' title="bbox 531 4839 2001 4988; baseline -0.003 -44"><span class='ocrx_word' id='word_1_224' title='bbox 531 4839 831 4988; x_wconf 87' lang='lat' dir='ltr'>pugnantibus</span> <span class='ocrx_word' id='word_1_225' title='bbox 881 4842 1023 4946; x_wconf 91' lang='lat' dir='ltr'>hostes</span> <span class='ocrx_word' id='word_1_226' title='bbox 1074 4844 1275 4984; x_wconf 91' lang='lat' dir='ltr'>repulsi,</span> <span class='ocrx_word' id='word_1_227' title='bbox 1315 4880 1358 4944; x_wconf 91' lang='lat' dir='ltr'>er</span> <span class='ocrx_word' id='word_1_228' title='bbox 1400 4841 1664 4987; x_wconf 85' lang='lat' dir='ltr'>quibusdam</span> <span class='ocrx_word' id='word_1_229' title='bbox 1699 4843 1903 4984; x_wconf 87' lang='lat' dir='ltr'>ipsorum</span> <span class='ocrx_word' id='word_1_230' title='bbox 1941 4839 2001 4940; x_wconf 89' lang='lat' dir='ltr'>ab</span> 
     </span>
     <span class='ocr_line' id='line_1_32' title="bbox 1913 5024 2004 5086; baseline -0.044 0"><span class='ocrx_word' id='word_1_231' title='bbox 1913 5024 2004 5086; x_wconf 88' lang='lat' dir='ltr'>sca-</span> 
     </span>
    </p>
   </div>
   <div class='ocr_carea' id='block_1_3' title="bbox 0 0 2184 5986">
    <p class='ocr_par' dir='ltr' id='par_1_3' title="bbox 0 0 2184 5986">
     <span class='ocr_line' id='line_1_33' title="bbox 0 0 2184 5986; baseline 0 0"><span class='ocrx_word' id='word_1_232' title='bbox 0 0 2184 5986; x_wconf 95' lang='lat' dir='ltr'> </span> 
     </span>
    </p>
   </div>
  </div>
 </body>
</html>
