4292 5984
553 467 609 552 14
915 464 997 542 DE
1053 460 1250 540 REBUS
1300 455 1520 536 GESTIS

506 659 687 728 vatent:
723 617 759 722 si
793 658 886 722 rem
920 617 1174 720 inclinatam
1209 615 1436 734 viderent,
1488 647 1619 753 atque
1670 605 1720 712 in
1769 647 1826 709 eo
1877 622 1973 745 jam

505 812 615 890 esse,
654 805 705 868 ut
741 769 841 869 urbs
878 797 1139 906 caperetur,
1184 761 1342 864 scirent
1378 798 1530 862 omnes
1582 795 1694 898 quos
1731 789 1878 856 euntes
1923 759 1972 864 in

538 915 719 1016 raelium
755 944 1002 1028 cernerent,
1037 942 1231 1009 mortem
1267 903 1317 1004 in
1338 903 1431 1044 ipsa
1466 940 1617 1045 pugna
1653 899 1883 1004 obituros:
1923 903 1971 1006 il·

501 956 568 1160 lis
604 1098 646 1157 se
684 1094 761 1198 per
796 1067 916 1158 Deos
954 1092 1130 1196 superos
1165 1044 1418 1190 inferosque
1453 1085 1611 1161 orate,
1658 1077 1708 1146 ut
1750 1085 1971 1150 memores

499 1200 749 1322 libertatis,
783 1239 898 1340 quae
935 1199 1013 1299 illo
1046 1197 1118 1297 die
1161 1231 1238 1296 aut
1279 1230 1422 1293 morte
1465 1189 1681 1310 honesta,
1722 1227 1799 1292 aut
1841 1195 1970 1294 servi·

498 1379 592 1446 tute
640 1338 800 1444 infami
840 1343 1035 1443 finienda
1071 1375 1208 1458 esset,
1253 1337 1363 1438 nihil
1400 1337 1721 1476 relinquerent,
1757 1336 1806 1436 in
1843 1339 1968 1479 quod

499 1490 664 1590 saevire
700 1488 832 1589 iratus
868 1485 1002 1586 hostis
1041 1521 1205 1623 posset3
1241 1475 1404 1582 ferrum
1441 1481 1683 1623 ignemque
1726 1479 1774 1582 in
1819 1481 1971 1584 mani-

498 1633 579 1737 bus
617 1673 725 1739 esse3
762 1631 929 1730 amicae
964 1669 1015 1728 ac
1037 1626 1215 1745 fideles,
1251 1625 1400 1769 potius
1436 1666 1487 1725 ea
1523 1666 1637 1766 quae
1673 1624 1865 1768 petitura
1903 1669 1971 1730 es-

498 1814 624 1896 sent,
662 1779 938 1879 absumerent
974 1812 1173 1893 manus,
1209 1810 1345 1912 quarn
1385 1769 1643 1871 insultarent
1678 1773 1865 1912 superbo
1901 1772 1970 1874 lu-

498 1921 645 2023 dibrio
683 1918 849 2019 hostes.
898 1917 983 2018 His
1018 1915 1400 2018 adhortationibus
1442 1915 1679 2018 exsecratio
1708 1913 1804 2014 dira
1842 1918 1968 2049 adje-

500 2100 594 2185 tta,
632 2063 667 2162 si
703 2103 841 2206 quem
869 2103 895 2162 a
920 2063 1153 2204 proposito
1190 2101 1283 2202 spes
1319 2059 1564 2162 mollitiave
1592 2057 1733 2161 animi
1760 2058 1969 2168 flexisset.

497 2209 600 2308 Inde
635 2209 862 2309 concitato
899 2208 1112 2351 agmine,
1146 2206 1396 2348 patentibus
1446 2203 1614 2348 portis,
1651 2203 1822 2346 ingenti
1858 2245 1962 2310 cum

497 2354 695 2453 tumultu
737 2390 990 2494 erumpunt.
1036 2361 1200 2490 Neque
1246 2385 1337 2450 erat
1381 2349 1469 2449 ulla
1517 2348 1618 2448 satis
1663 2348 1790 2448 firma
1834 2351 1967 2451 statio

498 2498 740 2639 opposita,
778 2497 886 2635 quia
928 2493 1042 2594 nihil
1076 2494 1253 2613 minus,
1290 2531 1430 2634 quam
1466 2529 1519 2593 ut
1548 2494 1699 2636 egredi
1730 2493 1967 2598 moenibus

496 2641 744 2758 auderent,
782 2637 930 2737 timeri
974 2672 1162 2780 poterat.
1222 2647 1469 2779 Perpaucae
1517 2638 1722 2778 equitum
1768 2672 1965 2760 turmae,

495 2781 692 2924 levisque
729 2819 946 2882 armatura
977 2818 1157 2923 tepente
1192 2823 1218 2882 e
1253 2783 1399 2883 castris
1437 2783 1574 2883 adid
1620 2783 1765 2923 ipsum
1809 2783 1966 2888 emissa

497 2928 712 3026 occurrit.
752 2927 914 3026 Acrior
948 2926 1121 3068 impetu
1157 2962 1293 3067 atque
1329 2926 1523 3045 animis,
1560 2966 1696 3069 quam
1732 2930 1969 3069 composi·-⁴

500 3070 590 3170 tior
626 3070 719 3169 ullo
757 3071 939 3189 ordine,
1007 3110 1127 3213 ugna
1163 3065 1278 3172 fuit·
1314 3082 1467 3212 Itaque
1501 3072 1647 3210 pulsus
1684 3113 1848 3211 eques,
1884 3071 1964 3212 qui

500 3213 670 3355 primus
706 3211 825 3314 hosti
863 3257 909 3314 se
944 3110 1190 3335 obtulerat,
1226 3251 1439 3316 terrorem
1472 3215 1622 3315 intulit
1647 3214 1737 3314 levi
1772 3253 1961 3317 armatu⁴

496 3394 599 3476 rae,
636 3395 976 3502 pugnatumque
1005 3363 1087 3462 sub
1116 3361 1215 3502 ipso
1250 3360 1366 3461 vallo
1392 3353 1535 3478 foret,
1573 3358 1621 3458 ni
1651 3356 1788 3460 robur
1816 3360 1960 3503 legio-

494 3537 605 3600 num
641 3503 883 3644 perexiguo
919 3505 977 3604 ad
1007 3503 1315 3608 instruendum
1350 3507 1458 3605 dato
1483 3540 1685 3647 tempore
1716 3503 1858 3606 aciem
1893 3503 1961 3606 di·

495 3645 699 3746 rexisset.
746 3648 816 3747 lbi
859 3687 1044 3790 quoque
1091 3651 1359 3793 trepidatum
1404 3687 1635 3793 parumper
1678 3648 1792 3750 circa
1837 3648 1961 3792 signa

494 3823 591 3908 est,
627 3829 731 3891 cum
767 3793 888 3894 caeci
921 3788 1070 3896 firrore
1105 3795 1155 3894 in
1178 3796 1361 3896 vulnera
1385 3835 1434 3894 ac
1468 3788 1630 3894 ferrum
1667 3791 1845 3894 vecordi
1882 3833 1960 3894 au-

494 3931 619 4030 dacia
661 3973 866 4039 ruerent.
911 3937 1088 4040 Deinde
1130 3977 1255 4040 vetus
1298 3939 1423 4040 miles
1464 3940 1663 4040 adversus
1706 3937 1960 4040 temerarios

494 4071 688 4218 impetus
724 4081 942 4220 pertinaci
975 4083 1106 4185 caede
1140 4085 1387 4226 primorum
1419 4084 1467 4184 in
1497 4119 1725 4228 sequentes
1758 4122 1956 4225 suppres-

494 4218 581 4330 sitt
619 4259 805 4326 conatus
840 4226 973 4368 paulo
1009 4266 1111 4369 post
1145 4229 1262 4333 ultro
1300 4225 1455 4331 inferre
1492 4233 1682 4373 pedem,
1726 4263 1777 4330 ut
1811 4227 1955 4328 nemi-

495 4398 600 4465 nem
651 4369 801 4470 cedere
846 4407 979 4514 atque
1025 4373 1273 4480 obstinatos
1313 4375 1431 4479 mori
1473 4374 1523 4476 in
1566 4373 1754 4518 vestigio
1800 4407 1958 4514 quem*

496 4545 585 4647 que
622 4549 703 4610 suo
740 4512 881 4632 vidit,
917 4513 1131 4654 patefacta
1175 4522 1270 4618 acie
1306 4523 1459 4659 (quod
1501 4553 1552 4619 ut
1596 4515 1737 4618 facere
1778 4549 1957 4656 posset,

494 4651 737 4755 multitudo
783 4691 1052 4758 armatorum
1097 4655 1226 4758 facile
1269 4659 1609 4803 suppeditabat)
1656 4659 1821 4762 'cornua
1870 4657 1957 4762 ho-

494 4793 631 4901 stium
656 4799 877 4941 amplexus
913 4798 1140 4912 inorbem
1166 4840 1410 4950 pugnantes
1446 4808 1504 4914 ad
1529 4841 1672 4911 unum
1698 4843 1856 4911 ornnes
1880 4845 1956 4964 oe·

1331 4999 1337 5010 '
1892 4981 1957 5050 Cl-
