4292 5984
548 484 799 568 canois
841 481 893 566 v.
934 485 1055 567 utu.
1087 489 1148 565 11.
1405 543 1415 560 .
1506 485 1562 581 57

135 639 292 762 deret,
327 679 423 742 non
459 643 623 782 respuit
659 641 854 742 oblatam
883 638 939 741 ab
973 643 1056 741 illis
1091 641 1430 766 conditionem,
1473 684 1525 748 ut
1560 653 1604 752 i-

132 823 215 927 pse
244 787 385 886 modo
420 823 523 886 cum
552 785 712 926 quovis
749 785 965 886 comitatu
987 785 1095 886 urbe
1131 787 1378 907 decederet,
1415 792 1503 891 arci
1536 834 1601 896 ve·

132 967 189 1028 to
228 967 557 1071 quemcumque
594 929 755 1044 vellet,
787 926 1066 1071 praeficeret,
1105 929 1185 1072 qui
1213 970 1310 1032 eam
1347 969 1430 1072 pro
1472 977 1516 1036 se
1557 939 1601 1040 i-

132 1072 346 1212 psiusque
383 1074 521 1216 Regis
565 1074 749 1174 nomine
786 1073 1051 1174 custodiret.
1090 1076 1170 1175 Sed
1205 1073 1280 1173 vix
1316 1075 1426 1176 dum
1461 1075 1600 1184 firerat

131 1255 241 1316 curn
276 1215 477 1337 civibus,
514 1217 595 1358 qui
636 1219 691 1317 ad
733 1253 877 1317 arcem
918 1213 1239 1360 confugerant,
1281 1219 1387 1320 urbe
1430 1222 1611 1365 digres-¹

132 1399 236 1480 sus,
272 1399 377 1461 cum
411 1399 484 1460 arx
519 1400 606 1480 e0,
642 1358 715 1458 cui
750 1360 913 1459 credita
948 1355 1115 1482 fiterat,
1153 1395 1228 1462 aut
1270 1401 1473 1504 persuaso
1519 1407 1596 1470 aut

131 1542 230 1603 non
272 1505 517 1607 admodum
567 1536 834 1646 repugnante
876 1504 926 1602 in
965 1520 1150 1640 'Senatus
1195 1543 1453 1646 potestatem
1496 1550 1594 1651 pet-

131 1646 281 1750 venit.
321 1648 561 1750 Antonius·
584 1647 702 1748 enim
747 1684 908 1789 praeses
943 1687 1040 1749 non
1082 1649 1225 1753 modo
1267 1644 1432 1753 furenti
1480 1656 1594 1756 civi-

132 1790 214 1892 tati
249 1793 470 1895 moderari
503 1831 597 1895 non
633 1825 832 1932 poterat,
868 1791 939 1893 sed
964 1833 1045 1893 nec
1076 1793 1167 1893 sine
1203 1831 1372 1934 magno
1408 1798 1592 1937 quidem
1635 1857 1638 1868 ·

134 1972 216 2036 suo
252 1937 448 2079 periculo
484 1938 594 2039 inter
631 1936 774 2075 palam
810 1970 855 2032 et
896 1933 1077 2074 superbe
1119 1936 1304 2077 imperia
1346 1941 1592 2044 detrectan-

134 2113 196 2180 tes
232 2079 514 2184 versabatur.
551 2091 702 2218 ltaque
738 2113 794 2175 ne
839 2074 1002 2178 diutius
1046 2072 1199 2178 frustra
1241 2115 1285 2178 et
1328 2122 1433 2184 cum
1474 2086 1592 2188 vitae

128 2217 387 2324 discrimine
414 2225 650 2341 niteretur,
677 2219 823 2363 paucis
846 2255 948 2361 post
977 2216 1131 2321 diebus
1156 2221 1247 2361 ipse
1274 2263 1456 2364 quoque
1486 2267 1590 2331 cum

130 2366 221 2465 suis
257 2366 423 2468 Toleto
459 2364 658 2468 decedit.

223 2517 348 2610 XIX.
437 2510 523 2610 His
559 2506 684 2610 rebus
729 2509 1077 2652 Compostellam
1118 2505 1362 2628 nuntiatis,
1406 2510 1591 2615 Carolus

130 2684 363 2793 tantopere
397 2689 649 2756 commotus
685 2688 777 2773 est,
819 2688 869 2754 ut
910 2656 1148 2796 quominus
1190 2655 1402 2756 Toletum
1447 2654 1590 2795 profi-

131 2796 357 2900 cisceretur
403 2803 458 2901 ad
502 2839 662 2945 poenas
709 2798 765 2898 de
810 2800 1065 2902 turbulentis
1112 2795 1280 2900 civibus
1326 2801 1590 2922 sumendas,

131 2979 261 3082 aegre
289 2984 316 3042 a
340 2943 583 3046 Guilielmo
606 2941 795 3046 Cevetio
831 2943 1116 3067 retineretur,
1153 2951 1273 3076 cujus
1310 2943 1591 3083 potissimum

131 3083 356 3208 consilio,
385 3124 437 3190 ut
473 3126 600 3231 supra
619 3088 964 3190 demonstratum
993 3122 1085 3212 est,
1121 3088 1169 3188 in
1205 3085 1421 3228 plerisque
1452 3085 1615 3188 omni·

133 3221 214 3328 bus
257 3228 381 3332 rebus
424 3231 774 3359 administrandis
819 3236 1052 3337 utebatur.
1102 3231 1193 3334 Hic
1234 3231 1354 3335 enim
1397 3265 1590 3334 metuens

133 3372 375 3475 concitatos
418 3376 764 3479 Castellanorum
814 3375 1019 3500 animos,
1074 3413 1268 3517 quorum
1312 3377 1360 3477 in
1401 3417 1445 3480 se
1489 3415 1590 3478 ma-

132 3553 271 3656 gnam
305 3518 525 3620 invidiam
560 3555 737 3662 propter
771 3520 1000 3664 ingentem
1042 3521 1138 3624 vim
1182 3521 1467 3663 pecuniarum
1508 3558 1590 3619 va-

132 3659 210 3759 riis
244 3662 486 3768 rationibus
516 3700 778 3808 congestam
814 3703 857 3765 et
897 3701 1091 3769 exactam
1135 3666 1462 3784 concitaverat,
1498 3676 1590 3763 Ca-

131 3802 279 3906 rolurn
322 3847 592 3952 magnopere
640 3807 893 3912 cohortatus
936 3847 1027 3932 est,
1070 3844 1114 3910 et
1158 3811 1337 3910 tandem
1378 3804 1590 3923 adduxit,

131 3983 186 4046 ut
229 3951 485 4082 trajiciendi.
517 3952 782 4059 celeritatem
825 3957 993 4057 cunctis
1045 3951 1287 4056 rationibus
1330 3941 1590 4055 antefertet3

132 4087 303 4232 quippe
348 4096 502 4240 magni
543 4099 740 4200 interesse
783 4098 1010 4241 dignitatis
1052 4105 1142 4228 ejus
1189 4091 1304 4234 prius
1344 4091 1591 4191 Henricum

132 4235 445 4342 Britannorum
486 4252 659 4384 Regem
700 4239 757 4342 ab
800 4244 917 4380 ipso,
944 4237 1109 4340 Carolo
1148 4233 1406 4354 conveniri,
1455 4271 1592 4374 quam

133 4376 205 4477 ille
240 4378 555 4524 Gallorumque
589 4396 722 4498 Rex,
758 4383 838 4523 qui
873 4380 1097 4524 colloquio
1132 4389 1226 4517 jam
1268 4380 1389 4482 diem
1423 4375 1592 4479 consti-

133 4555 334 4645 tuerant,
370 4530 770 4668 congrederentur.

221 4675 328 4769 XX.
415 4682 588 4772 Coacto
638 4670 850 4772 Concilio
900 4670 1084 4774 Carolus
1126 4667 1176 4774 id
1218 4669 1497 4815 potissimum
1540 4667 1596 4767 de

135 4807 301 4912 tributo
344 4812 606 4957 imperando
647 4855 675 4916 a
719 4815 955 4918 civitatum
995 4813 1143 4959 legatis
1187 4814 1461 4958 postulavit,
1504 4851 1596 4914 non

206 4957 319 5059 Tam.
349 4965 385 5058 l.
890 5061 895 5071 .
1214 4969 1264 5062 H
1550 4984 1602 5051 ut
