4298 5980
566 462 812 549 CAROLI
854 461 906 548 V.
955 467 1070 546 LIB.
1114 465 1221 547 v11.
1314 531 1315 534 a
1506 479 1594 568 233

166 628 421 778 persolvam
456 620 513 725 de
548 621 734 740 ceteris,
771 658 884 760 quae
920 655 1096 719 summo
1131 631 1224 753 jure
1260 657 1303 726 et
1339 616 1519 730 fortasse
1561 632 1638 740 inv

164 789 278 916 juste
315 804 593 917 peterentur,
629 805 757 868 causa
790 803 868 905 pet
904 759 1091 864 arbitros
1127 768 1337 910 cognita,
1376 775 1501 914 quod
1536 772 1637 912 fue7

164 922 224 1024 rit
249 919 516 1054 judicatum,
547 909 605 1014 ab
642 951 697 1010 eo
734 951 777 1010 se
814 948 905 1009 non
941 908 1255 1016 discessurum.
1288 927 1425 1048 Cujus
1462 959 1636 1064 respon·
1716 995 1718 998 -

166 1067 205 1166 si
243 1062 459 1206 aequitate
495 1095 538 1160 et
573 1054 741 1190 justitia
776 1049 940 1155 factum
982 1096 1070 1158 esse
1112 1056 1379 1183 videbatur,
1424 1101 1474 1164 ut
1520 1068 1638 1170 nulla

165 1221 284 1345 justa
320 1247 446 1309 causa
481 1195 696 1305 inferendi
733 1197 834 1299 belli
879 1199 1087 1303 Britanno
1131 1206 1246 1346 Regi
1290 1206 1636 1350 relinqueretur,

170 1394 269 1455 non
304 1352 446 1492 magis
482 1384 619 1489 quam
655 1343 814 1462 Gallo,
851 1345 929 1485 qui
972 1382 1126 1448 contra
1166 1359 1234 1481 jus
1275 1386 1319 1456 et
1354 1347 1418 1454 fas
1463 1391 1637 1496 praetere

167 1537 259 1638 que
297 1533 480 1595 omnem
515 1489 704 1633 speciem
740 1483 975 1589 honestatis
1010 1531 1131 1592 arma
1167 1492 1215 1593 in
1240 1498 1453 1600 Carolum
1488 1543 1637 1604 sume«

168 1639 277 1743 bat.
317 1639 473 1781 legati
508 1671 657 1735 tamen
692 1661 784 1733 non
821 1631 961 1732 solum
998 1635 1210 1737 Francisci
1252 1677 1296 1738 et
1325 1644 1510 1744 Henrici
1552 1658 1639 1750 Re-

169 1823 314 1928 gum,
351 1779 595 1916 sedetiam
628 1787 907 1882 Venetorum
942 1809 985 1876 et
1028 1778 1376 1885 Florentinorum
1416 1790 1553 1921 (nam
1590 1789 1639 1892 hi

168 1967 275 2030 cum
301 1926 494 2029 maxime
516 1921 633 2064 Regi
656 1925 896 2039 studerent,
915 1962 960 2021 se
987 1919 1275 2026 nihilomiuus
1300 1927 1349 2027 in
1373 1933 1639 2072 pacificatio

170 2111 278 2174 nem
327 2068 714 2210 interposuerant)
765 2062 886 2164 velut
934 2063 1157 2204 desperata
1205 2076 1532 2212 compositione
1583 2080 1639 2182 ad

170 2216 389 2318 Carolum
424 2214 651 2314 redeuntes
686 2204 743 2307 ab
781 2207 906 2348 ipso,
941 2207 1009 2307 uti
1044 2206 1129 2309 sibi
1164 2221 1254 2342 ejus
1291 2217 1516 2322 voluntate
1552 2224 1640 2322 dis-
1720 2232 1724 2276 ³

170 2360 327 2460 cedere
363 2360 642 2496 domumque
676 2351 817 2452 redite
857 2350 1033 2470 liceret,
1076 2351 1357 2492 petiverunt.
1401 2371 1507 2461 Hoc
1549 2363 1640 2464 im·-
1704 2449 1706 2454 ,

172 2537 347 2642 petrato
406 2501 648 2644 legatisque
702 2494 902 2638 digressis
951 2495 1257 2598 caduceatores
1296 2577 1311 2618 ,
1369 2503 1425 2604 de
1478 2503 1641 2644 quibus

169 2641 403 2766 diximus,
437 2646 494 2746 ad
535 2640 746 2744 Carolum
786 2637 1071 2759 introducti,
1113 2641 1194 2782 qui
1235 2637 1364 2773 hujus
1409 2647 1468 2746 tei
1514 2687 1642 2764 causa

169 2785 223 2892 in
259 2791 458 2893 conclavi
492 2823 743 2928 magnaque
778 2782 1031 2926 principum
1065 2785 1268 2888 virorum
1310 2790 1554 2930 praesulum
1589 2833 1641 2893 ue

170 2935 447 3036 adstantium
484 2971 650 3033 corona
701 2924 918 3048 sedebat,
970 2928 1279 3070 legationem,
1330 2973 1464 3074 quam
1514 2833 1641 3036 dele-

171 3075 356 3199 rebant,
393 3112 718 3218 exposuerunt,
759 3073 972 3216 priorque
1020 3072 1204 3194 Gallus,
1255 3084 1375 3208 cujus
1400 3071 1640 3220 legationis

172 3221 285 3324 haec
318 3219 403 3323 luit
440 3259 642 3324 summa:
681 3257 889 3361 magnam
925 3256 1013 3317 esse
1049 3217 1201 3318 Caroli
1246 3255 1289 3319 et
1322 3221 1643 3327 intolerabilem

174 3364 468 3502 injustitiam,
505 3366 586 3506 qui
621 3361 892 3506 aequissimis
928 3363 1045 3505 pacis
1080 3362 1413 3467 conditionibus
1441 3367 1643 3509 repudia-

176 3511 236 3612 tis
271 3551 353 3612 nec
389 3509 655 3612 Pontificem
694 3507 983 3626 Maximum,
1019 3547 1155 3648 quem
1190 3511 1419 3650 captivum
1455 3546 1642 3630 teneret,

175 3653 391 3777 liberare,
422 3696 503 3756 nec
540 3689 722 3794 accepto
758 3662 876 3784 justo
912 3652 1196 3754 redemtionis
1240 3655 1385 3794 pretio
1428 3653 1540 3754 filios
1586 3651 1643 3752 si-

176 3800 230 3900 bi
266 3799 522 3920 restituere,
557 3838 640 3898 nce
676 3796 873 3899 debitam
909 3796 1145 3938 pecuniam
1179 3798 1376 3900 Hentico
1411 3797 1644 3901 Britanno

180 3979 283 4043 rum
317 3946 434 4088 Regi
473 3945 713 4088 persolvere
749 3944 951 4045 animum
994 3944 1252 4049 inducerets
1296 3941 1509 4082 quoniam
1552 3940 1644 4084 igi-

179 4121 252 4185 tur
288 4121 386 4189 tum
420 4089 679 4230 reipublicae
722 4088 1027 4208 Christianae,
1072 4122 1171 4183 tum
1214 4081 1298 4185 sibi
1340 4085 1549 4229 privatim
1593 4124 1644 4183 a·

180 4229 396 4372 mitisque
441 4270 624 4374 gravem
668 4234 873 4366 injuriam
919 4225 1115 4348 faceret,
1158 4225 1322 4330 bellum
1372 4271 1416 4330 se
1459 4230 1553 4342 illi,
1601 4262 1646 4330 et

180 4375 458 4517 quicumque
494 4375 575 4476 sub
613 4385 704 4509 ejus
740 4375 928 4516 imperio
965 4409 1135 4494 essent,
1171 4373 1320 4515 palam
1355 4373 1573 4474 indicere.

181 4511 182 4514 i
253 4528 404 4622 XXV.
456 4525 552 4624 ‘Ad
589 4519 693 4634 haec
729 4519 914 4624 Carolus
949 4518 1209 4664 respondit,
1244 4558 1390 4621 servos
1428 4556 1648 4659 pugnate,

181 4700 259 4766 aut
295 4663 463 4769 bellum
500 4675 645 4810 gerere
681 4704 784 4780 eum
821 4664 1014 4765 dominis
1051 4665 1136 4765 suis
1172 4673 1266 4796 jure
1303 4661 1506 4805 gentium
1538 4701 1649 4805 ‚pro-

187 4807 359 4922 hiberi3
392 4812 551 4948 injuste
564 4808 720 4956 igitur
755 4803 894 4912 facete
921 4823 1096 4951 Regem
1119 4805 1419 4946 Ftancis'cum,
1449 4807 1652 4955 quicum

179 4981 182 4988 ’
227 5011 241 5057 ,·
262 4953 375 5057 Tum.
396 4967 431 5056 I.
1228 4961 1301 5096 Gg
1400 5037 1406 5059 .
1602 4948 1657 5050 sit
