4294 5972
601 458 835 541 CAROLI
872 457 926 538 V.
971 456 1091 536 LIB.
1137 463 1189 540 X.
1486 470 1572 558 333

170 659 269 740 tur,
303 613 407 718 hinc'
443 611 586 715 enirn
601 619 737 716 vento
772 646 1052 713 commutato
1102 653 1229 714 naves
1281 619 1504 720 onerariae
1539 625 1621 724 ad-

168 802 294 865 verso
331 757 674 920 vehementique
710 757 817 857 flatu
858 764 1041 885 rejectae
1083 790 1126 855 et
1167 757 1215 861 in
1255 757 1472 896 Zacynthi
1512 804 1622 904 por

168 943 267 1006 tum
303 943 388 1004 sese
424 901 611 1039 recipere
646 938 849 1001 coactae.

244 1055 394 1149 XXX.
467 1043 609 1142 Doria
650 1083 752 1144 curn
798 1039 1041 1143 triremibus
1083 1041 1286 1180 proxima
1334 1079 1444 1145 terra
1487 1051 1625 1188 petita

172 1199 352 1320 Portum
402 1190 637 1318 Sapientiam
679 1226 704 1284 a
746 1185 903 1283 nostris
945 1188 1111 1285 dictum
1156 1189 1212 1287 ad
1252 1185 1564 1328 Sphragiam
1552 1230 1624 1290 ιιι-

171 1307 308 1431 sulam
355 1367 447 1430 non
489 1329 641 1466 procul
689 1369 714 1427 a
756 1323 975 1426 Methone
1024 1327 1179 1464 cepit,
1228 1328 1382 1468 ibique
1433 1333 1626 1436 reditum

171 1472 462 1573 vectoriatum
498 1471 682 1570 navium
719 1469 768 1568 in
810 1467 1014 1568 anchoris
1058 1471 1146 1569 dies
1194 1507 1360 1610 septem
1406 1512 1625 1616 exspecta·-

154 1614 279 1734 ·vit,
330 1652 444 1751 quae
491 1613 672 1711 adverso
717 1610 876 1710 flatu
865 1645 1023 1711 rterurn
1067 1612 1115 1711 in
1162 1613 1440 1748 Zacynthum
1482 1659 1505 1715 e
1552 1619 1626 1719 via

171 1691 364 1895 repulsae
439 1754 795 1854 commodiorem
864 1787 1166 1890 tempestatem
1232 1791 1384 1855 nactae
1456 1797 1628 1863 cursum

179 1934 357 1998 tenuere
399 1917 530 2034 seque
583 1935 685 1995 cum
737 1895 903 2034 reliqua
953 1895 1078 1994 classe
1131 1905 1483 2029 conjunxerunt.
1536 1901 1629 2000 Hic

175 2039 350 2158 Dona,
384 2038 456 2137 cui
490 2037 545 2134 de
588 2035 836 2135 invadenda
880 2035 1062 2134 Graecia
1105 2034 1216 2133 nihil
1259 2031 1451 2137 fuerat
1440 2079 1628 2180 tmpera-

179 2217 274 2280 tum
318 2219 374 2282 a
385 2177 600 2295 Carolo,
624 2175 875 2277 convocatis
910 2175 1104 2276 militum
1139 2175 1347 2277 Tribunis
1382 2217 1431 2278 ac
1466 2194 1629 2284 Centu-

154 2315 412 2442 tionibus,
449 2321 644 2460 primum
680 2318 790 2458 quid
827 2316 910 2419 sibi
951 2318 1211 2418 mandatum
1248 2355 1355 2418 esset
1365 2395 1380 2439 ‚
1418 2325 1628 2485 exponit,

184 2464 368 2580 deinde,
389 2463 499 2601 quid
534 2461 598 2560 illi
633 2459 804 2560 consilii
837 2499 945 2601 pto
957 2495 1154 2601 ternpore
1181 2494 1223 2560 et
1257 2501 1303 2561 te
1333 2496 1431 2561 nata
1452 2465 1631 2604 capien-

182 2606 293 2706 dum
330 2639 567 2766 putarent3
597 2601 816 2742 exquirit3
857 2638 901 2702 et
935 2641 979 2701 re
1014 2603 1244 2743 diligenter
1279 2601 1513 2705 deliberata
1546 2607 1632 2746 pla·

182 2748 305 2864 cuit,
343 2783 393 2846 ut
422 2746 618 2904 exposita
643 2745 869 2885 copiarum
904 2780 1025 2904 parte
1061 2759 1286 2847 Coronem
1309 2784 1632 2888 oppugnarent,

184 2891 309 3030 quod
346 2886 618 3029 oppidum
606 2925 654 2985 ιιι
699 2885 914 2986 littore
883 2922 1016 2986 situm
1083 2885 1140 2986 ab
1188 2929 1241 2988 eo
1283 2889 1387 2988 loco
1428 2927 1633 3026 passuum

188 3031 455 3132 millibus
419 3030 589 3131 circiter
616 3029 835 3131 decernet
861 3064 964 3131 octo
990 3028 1209 3152 distabat,
1237 3067 1280 3130 et
1316 3030 1486 3131 minore
1515 3071 1633 3171 prae·

189 3173 328 3293 sidio,
355 3202 492 3313 quam
528 3169 770 3293 Methone,
789 3207 838 3275 ut
856 3173 1130 3316 exploratum
1150 3208 1239 3273 erat
1256 3248 1271 3292 ,
1290 3173 1633 3337 custodiebatur,

191 3319 457 3456 praedasque
491 3352 670 3456 agerent
719 3352 849 3456 atque
877 3355 1020 3478 agros
1062 3317 1366 3423 devastarentr
1401 3313 1487 3416 hoc
1514 3318 1634 3416 enim

192 3458 249 3556 ad
288 3459 536 3598 augendam
581 3457 721 3555 classis
764 3457 1026 3596 opinionem
1063 3494 1106 3557 et
1140 3493 1304 3561 metum
1340 3455 1577 3558 hostibus
1565 3494 1634 3556 ιιι-

188 3599 446 3700 cutiendum
501 3598 653 3740 magni
705 3598 905 3700 interesse
957 3598 1215 3702 videbatur.
1262 3603 1335 3701 Ad
1377 3639 1426 3698 ea
1467 3637 1635 3698 conan

188 3741 297 3840 dum
320 3741 461 3841 Doria
475 3816 490 3860 ,
511 3774 561 3841 ut
595 3775 686 3842 crat
720 3743 1038 3863 constitutum,
1073 3746 1318 3894 quindenos
1352 3738 1623 3840 hastatos
1560 3777 1638 3840 mr

190 3881 286 3983 lites
322 3917 365 3982 et
400 3885 585 3984 totidem
619 3884 870 4047 jaculatores
905 3928 957 3985 ex
994 3887 1170 4025 singulis
1206 3882 1408 3981 centuriis
1437 3881 1639 4042 delectos,

193 4065 244 4124 ac
286 4025 332 4124 in
376 4028 570 4126 triremes
624 4026 855 4165 impositos
905 4039 1133 4126 Coronem
1176 4062 1318 4122 versus
1368 4024 1640 4163 praemittit,

188 4166 267 4304 qui
299 4167 430 4268 situm
480 4166 635 4306 oppidi
682 4168 858 4308 locique
902 4201 1103 4266 naturam
1143 4166 1255 4265 mati
1296 4200 1494 4304 terraque
1536 4203 1641 4263 con·-

188 4310 376 4408 siderent
412 4346 455 4409 et
491 4310 663 4410 aditum
700 4311 946 4449 explorent,
970 4347 1058 4448 qua
1087 4308 1367 4409 commodius
1394 4302 1643 4448 oppugnati

188 4487 313 4590 posse
349 4450 572 4553 videatur.

259 4604 428 4693 XXXI.
502 4605 633 4693 Erant
674 4589 723 4692 hi
764 4630 951 4692 numero
996 4586 1166 4693 circiter
1214 4593 1304 4693 duo
1347 4587 1519 4705 millia,
1563 4583 1645 4726 qui

190 4729 246 4832 de
280 4735 405 4836 tertia
440 4734 591 4876 vigilia
625 4730 811 4872 profecti
861 4746 1106 4835 Coronem
1130 4733 1299 4834 albente
1336 4731 1462 4831 coelo
1486 4766 1645 4869 petve-

1564 4905 1645 4966 ne-
