4368 5984
600 362 747 444 txxn.
989 371 1128 467 Josn.
1154 372 1269 446 osu.
1292 369 1601 448 seouuveone

571 499 676 582 Nam
700 515 851 596 eoram,
874 487 1021 607 inquit,
1046 518 1140 600 qaae
1169 494 1262 577 baec
1293 493 1503 580 Academia
1523 501 1564 577 in
1584 499 1644 578 tui
1663 495 2002 584 emendationem

573 622 627 702 ad
640 621 783 699 cumam
810 615 941 714 misit,
966 621 1034 718 ega
1047 619 1132 720 ipse
1147 619 1184 695 si
1201 636 1270 697 non
1289 639 1454 724 magna,
1477 626 1520 698 at
1535 619 1662 697 saltim
1688 631 1788 723 pars
1813 619 1890 698 aila
1908 614 1980 722 fui
1989 648 2000 701 :
2021 721 2023 726 Ι

573 749 717 821 tanturn
732 733 866 834 abest,
893 744 935 810 ut
948 731 1022 810 erte
1035 733 1278 814 detraxerim.
2038 741 2042 754 “

663 857 810 938 Fatetur
826 846 970 955 deinde
983 850 1112 932 Canus
1135 876 1174 934 se
1202 848 1252 933 ad
1267 847 1444 937 eumdem
1473 848 1664 965 lapidem,
1693 878 1775 967 quo
1791 849 1927 938 domos
1943 849 2001 938 ille

573 966 875 1085 Complutensis,
903 964 1072 1050 nonnihil
1100 965 1314 1082 impegisse,
1330 965 1828 1084 ubiSepulveda'scripserat
1841 969 2011 1055 Paulum'

571 1089 801 1203 'Apostolum
822 1082 1087 1171 contumeliam
1121 1144 1134 1190 ,
1165 1111 1282 1197 quarn
1312 1112 1382 1197 pro
1411 1086 1562 1172 Christo
1593 1085 1801 1200 patiebatur
1829 1147 1844 1192 ,
1868 1087 2002 1202 iniquo

573 1206 702 1294 animo
718 1207 864 1308 urlissc,
892 1225 931 1288 et
946 1201 1057 1315 judici
1070 1197 1194 1286 fecisse
1222 1201 1456 1289 convicium:
1487 1205 1553 1290 sed
1570 1232 1756 1318 nusquam
1772 1205 1868 1290 inter
1892 1205 2001 1292 audr-

572 1349 673 1411 tores
699 1355 785 1411 suos
800 1324 871 1427 id,
893 1346 960 1405 aur
987 1320 1197 1436 quidquam
1221 1319 1320 1404 aliud
1337 1318 1515 1432 jacuue3
1544 1319 1762 1439 significasse
1777 1348 1905 1409 tamen
1933 1321 2001 1406 uni

571 1466 640 1527 aut
655 1444 779 1549 alteri,
808 1469 923 1558 quem
939 1436 1062 1526 virum
1076 1467 1233 1555 gravem
1255 1438 1512 1545 exbdmabat,
1544 1439 1759 1552 hujusmodi
1786 1469 2002 1527 sermonem

567 1561 635 1646 sibi
656 1561 903 1677 displicuisse,
932 1585 1014 1642 non
1037 1556 1144 1672 quod
1169 1556 1323 1669 impium
1351 1583 1465 1674 atque
1493 1556 1590 1643 adeo
1622 1557 1810 1644 ultricibus
1839 1553 2001 1646 flammis

565 1681 723 1799 dignum
767 1699 960 1778 censeret,
994 1673 1060 1759 sed
1097 1673 1206 1789 quod
1238 1671 1387 1758 minime
1429 1677 1648 1762 conveniret
1679 1675 1823 1760 homini
1849 1676 2003 1789 paraus-

567 1801 663 1886 simo
704 1796 849 1910 injurias
877 1817 916 1878 et
945 1815 1106 1877 mortem
1138 1787 1244 1876 ferre.
1290 1791 1392 1877 Hinc
1438 1795 1597 1906 probare
1637 1793 1884 1909 aggreditur,
1925 1800 2002 1876 ini·

567 1941 676 2022 quam
703 1945 781 2000 non
805 1934 904 1998 recte
928 1907 1160 2024 interpretari
1190 1916 1358 2013 iratam,
1391 1911 1604 1998 convicium
1629 1940 1722 1997 vero
1742 1938 1886 2027 semper
1910 1939 2002 1996 cunr

567 2034 696 2145 injuria
712 2061 788 2118 esse
803 2027 1046 2139 conjunctum
1064 2085 1078 2132 ,
1099 2025 1175 2113 sive
1193 2026 1295 2116 vocis
1310 2026 1493 2144 originem
1509 2053 1677 2144 spectes,
1693 2029 1769 2116 sive
1785 2029 1861 2142 ejus
1874 2058 2002 2134 usum,

565 2152 643 2238 sive
660 2151 762 2266 apud
790 2145 977 2263 politiores
999 2144 1134 2230 latinae
1150 2143 1298 2261 linguae
1313 2171 1515 2251 auctores,
1539 2148 1615 2232 sive
1630 2147 1732 2260 apud
1754 2171 1900 2232 sanctos
1928 2153 2004 2232 Eo-

563 2269 693 2356 clesiae
721 2270 858 2353 Patres.
904 2262 1079 2378 Denique
1118 2287 1241 2347 cetera
1272 2263 1425 2349 Genesii
1451 2263 1629 2379 epistolae
1659 2263 1781 2381 capita
1822 2265 2003 2380 percurrit

565 2389 726 2490 Canus,
751 2383 846 2489 sed,
875 2404 920 2467 ut
945 2408 1078 2467 verum
1104 2375 1314 2485 fateamur,
1346 2382 1525 2495 potuisset
1556 2380 1686 2494 majori
1716 2383 1773 2469 uti
1803 2382 2003 2500 gravitate,

567 2505 756 2618 animique
771 2497 1032 2586 moderatione
1048 2557 1063 2602 ,
1088 2521 1202 2610 prout
1218 2522 1367 2582 tantum
1383 2498 1506 2583 virum
1534 2501 1702 2586 decebat.

657 2623 744 2735 Jam
760 2645 853 2706 vcro
870 2616 938 2702 etsi
954 2614 1043 2699 nihil
1060 2613 1216 2728 amplius
1231 2615 1320 2702 addi
1336 2645 1443 2729 posse
1462 2616 1660 2705 videbatur
1674 2617 1744 2721 iis,
1764 2643 1865 2731 quae
1876 2621 2002 2704 Gene-

570 2738 641 2824 sius
657 2736 769 2854 priori
786 2763 853 2820 sua
864 2732 1032 2847 Epistola
1046 2732 1096 2818 ad
1105 2737 1255 2816 Canum
1272 2761 1343 2846 pro
1358 2762 1395 2819 sc
1412 2735 1461 2818 ab
1478 2735 1588 2845 hujus
1603 2734 1670 2821 viri
1696 2733 1852 2850 religiosi
1881 2735 2004 2822 crimi-

569 2855 782 2942 nationibus
797 2849 1010 2940 vindicandi
1025 2851 1142 2968 gratia
1158 2850 1312 2935 adduxit
1325 2875 1470 2952 ·,ramen
1487 2854 1586 2938 adeo
1599 2852 1716 2937 multa
1730 2852 1916 2966 congessit
1933 2881 2003 2939 no·

567 2997 641 3060 ster
656 2972 694 3057 in
708 2972 778 3058 alia
791 2970 841 3057 ad
856 2970 1031 3057 eumdem
1048 2968 1202 3083 epistola
1226 2967 1426 3054 Vallisoleti
1449 2970 1572 3057 Idibus
1597 2963 1682 3081 Julii
1699 2968 1943 3076 elucubrata,
1959 2994 2004 3056 ut

569 3090 691 3176 mirari
714 3091 798 3177 satis
813 3118 894 3174 non
922 3085 1101 3201 possimus
1127 3085 1389 3198 inexhaustam
1415 3089 1574 3173 tumoris
1595 3086 1870 3191 eiuditionem,
1904 3117 2003 3173 sunu

569 3238 673 3294 mam
691 3232 1001 3326 argumentorum
1024 3205 1193 3319 copiam,
1211 3227 1249 3288 et
1264 3204 1303 3288 in
1320 3206 1548 3318 disputando
1560 3205 1697 3322 ingenii
1710 3205 1788 3292 vim
1799 3228 1915 3318 atque
1930 3205 2001 3292 sol·

568 3324 726 3414 leniam.
754 3325 828 3412 Sed
860 3322 1042 3440 quoniam
1058 3324 1128 3406 hac
1144 3321 1192 3412 de
1213 3349 1252 3405 re
1267 3325 1432 3436 superius
1452 3322 1621 3439 egimus,
1635 3324 1735 3429 satis,
1751 3322 1790 3406 ni
1806 3319 2000 3431 fallimur,
2020 3395 2025 3404 .

570 3469 767 3550 accurate,
785 3442 961 3529 nolumus
988 3441 1137 3525 crambe
1153 3439 1308 3552 repetita
1328 3438 1512 3524 fastidium
1528 3468 1655 3552 parere
1670 3439 1881 3528 lectoribus.
1975 3491 1978 3499 ·

657 3564 723 3649 Ad
755 3560 887 3673 judicia
915 3558 1024 3676 quod
1050 3557 1182 3642 attinet
1211 3555 1408 3646 celebrium
1433 3557 1722 3643 Academiarum
1750 3557 2001 3644 Salmantinae

567 3707 613 3766 ac
637 3677 914 3794 Complutensis
944 3677 993 3762 de
1021 3673 1117 3760 libro
1142 3677 1187 3758 de
1209 3678 1330 3784 justis
1361 3677 1448 3758 belli
1474 3683 1601 3758 causis
1626 3735 1639 3779 ,
1681 3674 1893 3789 Sepulveda
1927 3703 2001 3763 nos

567 3797 704 3886 edocet
728 3796 907 3912 principio
933 3793 1087 3911 quidem
1103 3819 1224 3906 acqua
1240 3788 1372 3876 lube:
1403 3793 1542 3876 Postea
1557 3817 1648 3876 nero
1673 3788 1815 3905 (verba
1829 3816 1915 3878 sunt
1931 3821 2000 3879 au·

562 3916 705 4016 ctoris)
731 3942 813 3999 cunr
834 3917 917 4023 jam
947 3920 1065 3997 amnis
1089 3911 1371 3994 machinationis
1399 3912 1651 4013 architectus,
1676 3938 1811 4023 nempe
1828 3909 1998 3996 Bartho-

564 4029 733 4117 lomaeus
748 4037 896 4138 Casas,
923 4035 1103 4132 adesset,
1135 4042 1174 4109 et
1196 4033 1384 4112 ananam
1407 4036 1546 4112 animas
1570 4030 1810 4111 cadIdisrinte
1833 4043 1998 4136 pertra-

566 4163 742 4255 ctasset,
766 4159 831 4256 qui
856 4149 966 4262 hujus
981 4157 1039 4234 rei
1050 4153 1185 4256 gratia
1209 4149 1255 4228 de
1276 4153 1466 4254 longinqua
1482 4154 1590 4253 quasi
1603 4141 1732 4247 fariis
1747 4152 1915 4254 agitatus
1929 4151 1999 4228 ad·

566 4273 796 4372 volaverat,
828 4268 926 4348 idem
942 4280 1028 4350 tuus
1043 4273 1185 4348 anticas
1211 4266 1411 4372 majoribus
1426 4266 1628 4373 spiritibus
1642 4269 1806 4366 sumna,
1834 4289 1916 4344 cum
1931 4267 1998 4346 di-

565 4395 777 4492 sputatiane
800 4390 962 4498 repetita
998 4384 1210 4488 Augustini
1238 4387 1446 4466 testimonia
1470 4408 1495 4461 a
1520 4407 1576 4469 me
1607 4389 1737 4464 acrius
1768 4395 1994 4488 urgeretur:

564 4504 769 4606 Perstabo,
802 4508 951 4605 inquit,
979 4499 1018 4582 in
1042 4498 1224 4582 sententia
1252 4499 1362 4582 etiam
1393 4499 1422 4582 si
1452 4498 1555 4582 aliter
1587 4498 1720 4582 sentiat
1751 4497 1996 4613 Augustinus.

566 4621 695 4724 Atque
709 4621 800 4702 haec
815 4619 960 4724 quidem
983 4616 1181 4724 Complutr'.
1211 4613 1454 4700 salmanticae
1476 4643 1569 4701 veto
1591 4613 1684 4728 quid
1704 4641 1851 4730 gestum
1884 4611 1996 4703 fuerit

568 4737 663 4820 inter
685 4767 723 4822 se
748 4760 787 4821 et
809 4739 958 4820 Quum
976 4757 1168 4848 praesente
1195 4731 1277 4816 viro
1309 4731 1524 4846 gravissimo
1545 4755 1584 4820 et
1610 4731 1823 4818 doctissimo
1847 4733 1995 4822 Didtco

566 4853 706 4965 Neila,
729 4853 913 4942 canonico
944 4848 1252 4957 Salmanticenri,
1279 4850 1472 4940 communi
1493 4852 1683 4966 utriusque
1698 4849 1820 4940 amico
1845 4910 1861 4958 ‚
1890 4879 1994 4938 com·

1921 4995 2006 5052 me·
