4294 5972
562 435 800 521 CAROLI
838 437 892 520 v.
937 443 1058 521 LIB.
1099 443 1240 524 v111.
1503 451 1593 543 277

177 593 449 714 subsidium,
484 587 519 695 si
555 637 581 694 a
616 596 860 727 majoribus
895 594 1149 700 brevissima
1185 601 1257 701 via
1292 597 1636 722 submitteretur,

176 745 233 844 ad
269 741 444 842 hiatum
481 779 534 840 ex
570 739 790 881 superiore
826 741 926 839 loco
960 741 1115 882 ‘repelli
1152 783 1277 885 posse
1313 746 1557 878 judicabat.

233 895 348 986 XLI.
399 893 498 984 Nec
535 879 602 982 bis
638 917 869 983 contentus
904 919 987 982 tres
1017 923 1091 985 aut
1121 923 1309 1026 quatuor
1337 890 1491 990 milites
1524 924 1641 990 extra

174 1065 310 1132 castra
336 1031 391 1130 ad
420 1065 594 1169 portam
621 1037 954 1147 Decumanam,
979 1068 1092 1169 quae
1114 1030 1161 1129 in
1186 1031 1305 1131 clivo
1326 1068 1441 1152 etat,
1467 1034 1643 1174 conspi-

175 1213 331 1294 catus,
360 1173 652 1315 proximeque
685 1209 933 1313 ptogressus
977 1211 1075 1273 sese
1092 1172 1248 1314 erigit,
1276 1209 1321 1272 et
1344 1174 1483 1274 telum
1511 1176 1643 1313 stlop

176 1356 285 1458 peto
321 1318 567 1450 jaculatus,
609 1314 829 1452 simulque
866 1354 965 1414 suos
1003 1318 1060 1415 ad
1096 1353 1217 1418 arma
1251 1355 1419 1458 magno
1456 1319 1644 1419 clamore

175 1463 374 1564 vocitans
403 1459 660 1602 proximum
698 1455 1003 1559 excubitorem
1038 1459 1237 1579 invadit,
1273 1496 1477 1604 arctoque
1508 1478 1644 1564 'com-

173 1607 356 1748 plexus,
377 1640 428 1703 ut
464 1643 515 1704 ex
552 1641 608 1702 eo
644 1603 699 1701 de
735 1598 864 1700 rebus
901 1596 1098 1702 hostium
1134 1641 1460 1744 cognosceret,
1498 1647 1645 1710 secum

174 1787 256 1890 pet
292 1749 459 1849 clivum
494 1743 629 1846 trahit
665 1744 1021 1884 convolvitquet
1056 1749 1216 1847 eodem
1258 1783 1460 1888 tempore
1496 1753 1646 1853 mani-

174 1889 430 2032 pularibus,
456 1929 568 2030 quos
593 1889 808 2027 scloppeti
831 1890 1032 2027 strepitus
1060 1891 1296 2007 exciverat,
1315 1893 1516 2033 undique
1540 1934 1646 1998 cum

174 2035 313 2138 simili
348 2035 540 2134 clamore
582 2065 624 2131 et
668 2032 848 2171 strepitu
890 2029 1258 2152 accurrentibus,
1297 2071 1339 2133 et
1376 2035 1676 2176 Hispaniam

177 2218 340 2321 magna
374 2217 486 2276 voce
522 2170 916 2317 ingeminantibusr
936 2170 1080 2277 hostes
1116 2210 1264 2276 autem
1301 2178 1531 2318 repentino
1569 2183 1648 2292 clar

177 2361 307 2424 more
343 2355 405 2420 et·
428 2319 574 2420 sonitu
620 2317 852 2422 conterriti
892 2317 987 2418 vim
1028 2328 1245 2453 majorem
1282 2355 1358 2418 aut
1402 2322 1536 2421 etiam
1573 2325 1646 2422 in-

179 2465 309 2566 sidias
347 2498 591 2565 metuentes
625 2462 772 2561 castris
809 2502 897 2562 sese
933 2461 1191 2580 continent,
1222 2497 1265 2562 et
1301 2465 1358 2562 ad
1393 2503 1511 2564 arma
1536 2505 1646 2567 con·
1684 2459 1689 2468 ’

177 2643 389 2710 currunt.
435 2620 500 2708 Ita
543 2604 788 2707 Dominico
834 2640 878 2704 et
921 2601 1268 2746 manipularibus
1313 2606 1503 2748 spatium
1548 2646 1647 2714 tuto

178 2792 268 2852 sese
305 2749 548 2891 recipiendi
584 2750 767 2851 datum.
805 2759 869 2849 Ex
905 2748 1112 2889 captivo,
1133 2788 1269 2888 quam
1294 2749 1342 2850 in
1368 2789 1559 2893 angusto
1581 2792 1646 2856 res

175 2896 412 2996 Gallorum
450 2927 615 3013 essent,
638 2896 762 3034 quod
798 2893 876 2992 diu
910 2887 1050 2992 fuerat
1086 2893 1376 3036 ignoratum,
1402 2901 1647 3036 cognoscit,

177 3079 276 3142 non
312 3039 458 3138 solum
494 3038 745 3178 equitatum
781 3032 1016 3161 defecisse,
1037 3038 1112 3138 sed
1143 3037 1381 3138 exercitum
1411 3041 1542 3139 etiam
1564 3081 1647 3142 nu-

178 3222 262 3324 per
299 3185 545 3284 maximum
580 3220 684 3282 cum
719 3177 888 3282 levibus
926 3181 1125 3320 praeliis,
1159 3217 1258 3282 turn
1293 3181 1483 3284 maxime
1519 3224 1648 3286 mot-

176 3327 244 3430 bo
280 3369 332 3428 ex
369 3326 582 3467 paludum
618 3324 846 3428 vicinitate
882 3333 1319 3468 melopeponumque
1355 3368 1435 3428 usu
1471 3368 1649 3430 contra-

183 3506 258 3571 cto
302 3472 358 3571 ad
393 3508 604 3611 magnam
639 3471 907 3609 paucitatem
944 3510 1032 3570 esse
1060 3471 1312 3580 redactum,
1338 3472 1536 3612 itemque
1562 3472 1648 3572 mi-

181 3611 367 3716 noribus
405 3613 552 3714 castris
588 3614 849 3753 quotidiana
884 3609 1086 3734 cibaria,
1123 3653 1238 3756 quae
1280 3653 1406 3754 parce
1442 3651 1649 3756 suppete-

183 3793 311 3878 rent,
351 3800 402 3858 ex
447 3754 691 3890 majoribus
728 3757 776 3860 in
816 3756 905 3857 dies
948 3756 1143 3899 singulos
1185 3758 1423 3874 submitti,
1469 3793 1518 3856 ut
1556 3796 1648 3858 uno

182 3901 256 4000 die
285 3938 623 4006 commeatuum
659 3901 862 4045 inopiam
898 3901 954 4002 ad
991 3901 1268 4002 deditionem
1304 3899 1513 4040 compelli
1548 3937 1651 4040 pos-

184 4077 300 4146 smt.
1619 4097 1623 4111 ¹

255 4197 388 4290 XLII.
464 4191 549 4290 His
586 4191 713 4293 rebus
751 4191 878 4332 gestis
915 4225 959 4290 et
995 4188 1207 4333 cognitis,
1228 4189 1483 4292 Atriaranus
1506 4195 1650 4327 Joan-

181 4370 285 4434 nem
320 4328 544 4432 Urbinam
581 4334 815 4432 certiorem
850 4330 987 4443 facist
1019 4333 1348 4476 aegrotantibus
1386 4336 1505 4435 enim
1541 4333 1650 4436 Phi-

167 4476 339 4578 -libetto
378 4509 422 4572 et
460 4476 703 4594 Alarcone,
743 4475 873 4606 hujus
911 4477 1193 4615 potissimum
1230 4513 1273 4576 et
1315 4482 1424 4582 item
1452 4477 1650 4579 Antonii

183 4618 360 4721 Ixattini
398 4654 442 4716 et
479 4619 662 4738 Urtiae,
689 4618 768 4758 qui
804 4619 994 4720 militum
1030 4657 1153 4722 erant
1189 4623 1430 4762 magistri,
1460 4622 1647 4722 consilio

184 4797 336 4866 cuncta
370 4753 460 4867 fere
497 4760 786 4906 gerebantur.
823 4761 997 4868 Urbina
1032 4765 1144 4867 nihil
1180 4764 1476 4870 cunctandum
1511 4803 1645 4883 ratus,

1571 4945 1651 5010 ex-
