4298 5980
584 450 670 554 194
991 445 1075 528 DE
1117 445 1323 526 REBUS
1376 440 1591 525 GESTIS

543 603 795 750 „pellendas
832 599 1062 742 suscepisse
1100 599 1401 698 demonstrat.
1438 609 1510 697 De
1546 593 1870 737 perturbatione
1918 639 2009 740 pu-

542 751 720 875 „blicae
758 747 872 890 pacis
897 745 1249 846 Christianorum
1283 740 1433 842 mirari
1469 781 1557 844 sese
1577 738 1836 843 Pontificem
1873 783 2012 884 posse

541 936 640 1018 „eo
676 928 875 1034 tempore
912 889 1184 993 mentionem
1220 879 1382 1004 facere,
1406 925 1498 1026 quo
1528 887 1640 1027 ipse,
1665 880 1792 985 rebus
1821 888 2015 1024 quietis-

543 1116 574 1161 „
588 1038 734 1157 simis,
770 1034 987 1177 Principes
1024 1030 1294 1138 Christianos
1331 1067 1465 1173 atque
1500 1029 1700 1130 nationes
1742 1026 1800 1126 ad
1835 1027 2010 1139 bellum

543 1180 864 1305 „solicitasset,
901 1215 943 1282 er
977 1193 1151 1322 Regem
1195 1175 1371 1278 Gallum
1405 1174 1461 1275 ad
1497 1175 1636 1273 modo
1672 1166 1788 1272 facta
1824 1169 2008 1280 foedera

544 1327 829 1468 „rumpenda
851 1324 1195 1467 violandamque
1223 1318 1356 1422 fidem
1382 1352 1426 1419 et
1457 1318 1760 1454 jusjurandum
1780 1315 1898 1421 ultro
1927 1324 2005 1424 da-

545 1507 630 1593 „ta
667 1472 795 1582 venia
831 1464 978 1571 firisset
1014 1467 1288 1570 cohortatus:
1327 1463 1453 1610 quod
1488 1462 1720 1565 consilium
1726 1541 1743 1584 ,
1766 1499 1901 1606 atque
1934 1461 2004 1568 fit-

545 1652 709 1737 „ctum
737 1655 882 1757 aquo
919 1615 1097 1716 tandem
1138 1612 1284 1712 minus
1320 1608 1555 1754 exspectari
1590 1642 1831 1750 oporteret,
1867 1651 2001 1753 quam

544 1761 643 1884 „ab
680 1801 766 1882 to,
797 1762 876 1900 qui
901 1759 1065 1861 Christi
1091 1757 1319 1859 Vicarium
1354 1757 1403 1856 in
1440 1755 1563 1858 terris
1599 1787 1723 1896 agat,
1755 1756 1922 1896 quique
1958 1797 2001 1856 o·

542 1904 758 2025 „mnium
795 1904 985 2003 maxime
1021 1904 1134 2043 pacis
1160 1936 1311 2001 auctor
1342 1942 1453 2022 esse,
1479 1937 1523 2001 et
1547 1897 1748 2041 publicae
1772 1899 1910 2038 quieti
1940 1941 2002 1999 οι

541 2082 701 2169 „mnes
746 2047 932 2147 rationes
977 2043 1237 2187 posthabere
1281 2043 1468 2147 debeat?
1501 2043 1640 2167 Quod
1676 2083 1719 2144 se
1751 2043 1809 2142 ad
1842 2082 1998 2184 pacem

541 2187 854 2313 „cohorterut,
891 2187 1002 2289 nihil
1037 2188 1120 2290 sibi
1155 2187 1330 2328 potius,
1367 2185 1478 2288 nihil
1512 2187 1703 2331 optatius
1738 2225 1826 2286 esse
1862 2185 1999 2328 publi·

542 2373 631 2459 „ca
665 2333 929 2437 concordia.
967 2332 1171 2436 Discedat
1206 2333 1298 2474 ipse
1338 2326 1641 2472 foederatique
1686 2331 1798 2431 socii
1837 2331 1896 2432 ab
1930 2369 1998 2432 ar-

542 2478 680 2606 „misr
702 2480 749 2582 in
785 2517 912 2579 suum
947 2478 1115 2575 malum
1152 2515 1420 2616 suorumque
1455 2476 1691 2618 perniciem
1727 2475 1916 2596 sumtis,
1956 2511 1997 2577 et

542 2657 695 2747 „tunc
720 2662 763 2719 se
788 2619 925 2721 nullas
954 2617 1231 2718 conditiones
1258 2622 1378 2760 pacis
1405 2658 1563 2761 aequas
1600 2619 1736 2720 modo
1778 2651 1995 2720 recusatu-

541 2800 678 2886 „rum
715 2764 771 2861 ad
805 2760 1180 2904 compositionem
1215 2765 1585 2906 concordiamque
1622 2799 1800 2864 vocent.
1827 2763 1908 2864 Sed
1941 2761 1995 2882 si,

541 2899 718 3028 „verbis
744 2943 901 3046 pacem
925 2939 1203 3028 ostentantes,
1226 2905 1389 3009 bellum
1418 2908 1555 3008 iidem
1590 2907 1898 3048 gravissimum
1930 2899 1996 3006 fa·

542 3085 674 3170 „cere
710 3087 802 3148 non
837 3050 1065 3172 desistant,
1102 3091 1145 3149 se
1181 3091 1365 3194 quoque
1398 3049 1528 3188 rebus
1564 3051 1680 3171 suis,
1713 3090 1849 3192 quam
1875 3089 1995 3152 corn·

542 3191 837 3315 „modissime
878 3195 1080 3336 poterit,
1129 3195 1453 3297 consulturum.
1492 3194 1565 3314 Ad
1599 3192 1742 3317 haec,
1780 3195 1997 3336 quoniam

542 3373 715 3458 „nemo
752 3371 857 3437 tune
893 3367 1022 3460 esset,
1060 3339 1139 3478 qui
1175 3339 1374 3479 ipsorum
1408 3340 1727 3443 controversias
1760 3349 1855 3474 jure
1891 3377 1995 3479 pos·

543 3514 645 3602 „set
681 3517 813 3622 atque
847 3479 1015 3623 legibus
1050 3481 1248 3583 minuere
1283 3520 1416 3627 atque
1451 3483 1722 3618 dijudicare,
1765 3483 1851 3585 nisi
1891 3482 1995 3582 Cle-

542 3661 707 3745 „mens
752 3626 937 3766 acceptis
985 3624 1071 3725 suis
1116 3627 1360 3759 justissimis
1412 3625 1758 3729 excusationibus
1807 3669 1835 3727 a
1881 3627 1994 3729 bello

546 3769 826 3893 „desisteret,
863 3809 906 3869 se
941 3763 1141 3872 futurum
1177 3810 1348 3874 sacrum
1390 3773 1585 3915 generale
1626 3770 1883 3874 Concilium
1919 3809 1994 3912 ap-

543 3912 770 4153 „pellares
809 3914 964 4054 quod,
1001 3951 1050 4016 ut
1086 3951 1180 4016 tam
1223 3919 1462 4020 necessario
1499 3915 1721 4060 religionis
1760 3958 1811 4019 ac
1846 3917 1993 4057 reipu-

542 4131 575 4176 „
614 4054 721 4159 licae
756 4055 1028 4163 Christianae
1064 4095 1263 4207 tempore
1306 4103 1391 4206 pro
1432 4103 1512 4164 suo
1556 4059 1708 4164 officio
1750 4103 1799 4162 ac
1836 4060 1993 4203 pietate

543 4239 720 4340 „quam
755 4200 949 4341 primum
986 4205 1176 4307 indicere
1211 4247 1266 4308 ne
1302 4243 1533 4352 gravetur,
1559 4245 1680 4313 orare
1710 4245 1800 4306 sese
1835 4245 1887 4304 ac
1919 4240 1993 4344 per

543 4355 730 4466 „Deum
758 4346 1057 4452 immortalem
1087 4349 1318 4463 obtestari3
1348 4356 1473 4496 quod
1501 4353 1538 4454 si
1567 4349 1623 4450 ab
1652 4391 1706 4452 eo
1727 4386 1830 4452 non
1863 4349 1994 4488 impe·

544 4559 575 4607 „
585 4490 789 4608 traverit,
826 4533 867 4590 se
904 4491 986 4595 hac
1021 4494 1312 4600 obtestatione
1348 4535 1480 4638 atque
1515 4497 1676 4638 leglum·
1702 4492 1993 4606 auctoritate,

541 4671 682 4751 „cum
708 4673 772 4732 res
794 4672 966 4777 poscet,
991 4679 1201 4760 usurum,
1227 4681 1307 4740 nec
1328 4641 1575 4741 remedium
1593 4638 1872 4783 publicorum
1893 4670 1994 4730 ma-

539 4776 723 4902 „lorum
743 4780 1090 4924 neglecturum“.
1113 4794 1288 4890 Harum
1309 4786 1591 4927 epistolarum
1610 4785 1886 4909 mentionem
1902 4774 1994 4938 hoe

1758 5001 1760 5009 .
1824 5003 1828 5012 .
1898 4959 1992 5024 ml-
