4294 5972
601 429 1197 516 crnorrv.r1u.rr.
1383 467 1386 472 -
1511 441 1593 525 321
1703 509 1706 516 ,

174 588 440 702 auctoritate
478 626 521 690 et
558 586 755 729 precibus
793 583 954 685 adduci
990 623 1150 724 posse,
1187 620 1237 688 ut
1272 583 1319 688 in
1354 589 1636 699 custodienda

176 738 318 842 insula
363 733 700 875 obsidendoque
747 726 959 834 Danubio
1009 767 1137 830 suum
1188 724 1390 836 officium
1443 773 1633 874 praesta-

36 923 38 928 ·
176 919 304 982 rent.
343 891 496 1018 Itaque
532 877 801 978 collaudatus
836 871 893 974 ab
931 869 1137 974 omnibus
1174 912 1278 974 cum
1316 877 1522 1016 Hispanis
1551 883 1634 984 rni-

175 1024 328 1126 litibus
355 1021 678 1163 quinquaginta
704 1056 747 1122 et
777 1018 966 1120 totidem
1005 1016 1118 1118 Italis
1158 1017 1466 1120 Possidouium
1490 1026 1632 1135 venit3

178 1167 437 1306 alacrisque
473 1163 688 1266 militibus
725 1198 926 1306 exceptus
963 1196 1005 1262 et
1034 1201 1157 1262 suam
1185 1201 1366 1303 operam
1402 1161 1632 1270 liberaliter

178 1304 468 1412 deferentibus
511 1305 730 1412 Bohemos
766 1311 819 1406 ad
856 1305 975 1408 urbis
1007 1305 1252 1406 custodiam
1289 1305 1498 1449 reliquit,
1528 1352 1629 1418 curn

177 1451 398 1558 Alemanis
435 1486 478 1554 et
507 1492 560 1552 eo
579 1529 594 1571 ,
613 1491 749 1593 quem
782 1450 992 1568 diximus,
1011 1449 1313 1591 Hispanorum
1343 1492 1392 1556 ac
1423 1452 1629 1560 Italorum

176 1595 392 1697 comitatu
418 1596 465 1696 in
488 1595 685 1696 'insulam
720 1592 947 1713 transivit,
969 1590 1313 1735 inchoatumque
1340 1594 1501 1696 vallum
1530 1639 1631 1702 ma·-

176 1777 270 1880 gno
298 1738 491 1840 militum
516 1739 661 1839 studio
697 1775 741 1839 et
766 1733 916 1838 labore
946 1735 1260 1877 perficiendum
1289 1739 1476 1846 curavit.
1506 1741 1629 1844 Huic

175 1882 310 2021 paulo
346 1920 445 2021 post
495 1882 645 1984 Caroli
686 1881 983 2019 Femandique
1033 1890 1147 2018 jussu
1206 1879 1389 2022 scaphae
1435 1885 1627 2011 multae,

174 2063 291 2164 quae
327 2059 544 2124 tormenta
567 2058 624 2121 et
665 2057 831 2142 cetera,
867 2061 980 2161 quae
1015 2019 1082 2120 bis
1115 2023 1209 2121 usui
1250 2062 1380 2142 suut,
1415 2067 1627 2168 compor-

177 2201 349 2285 tarent,
369 2206 471 2268 cum
500 2164 618 2266 mille
638 2161 894 2268 hominibus
915 2163 1075 2268 auxilio
1103 2161 1337 2270 submissae
1366 2201 1409 2264 et
1438 2208 1628 2308 quatuor

175 2344 396 2447 praeterea
431 2304 729 2410 Bohemorum
765 2306 935 2425 millia,
971 2307 1052 2449 qui
1086 2343 1187 2406 cum
1221 2306 1302 2408 illis
1339 2309 1482 2409 alteris
1517 2322 1626 2414 Pos-
1684 2339 1687 2348 ‘

175 2451 403 2552 sidonium
439 2485 687 2552 tuerentur.
755 2557 758 2563 ,

246 2602 387 2693 XVII.
450 2593 546 2694 His
583 2592 708 2698 rebus
745 2602 894 2696 Petrus
929 2599 1093 2737 Zapara
1123 2593 1201 2696 ubi
1235 2635 1279 2694 se
1314 2596 1370 2693 ad
1407 2592 1625 2700 obsisten-

173 2732 284 2838 dum
313 2737 585 2876 comparavit
614 2773 657 2838 et
689 2747 779 2868 jam
808 2737 951 2874 hosres
982 2779 1075 2840 non
1106 2739 1282 2880 longius
1318 2779 1389 2840 sex
1417 2781 1623 2882 passuum

174 2877 368 2980 millibus
405 2877 612 2986 aberant3
659 2878 832 3020 aliquot
878 2880 1100 3005 homines,
1136 2922 1249 3023 quae
1285 2881 1478 2985 hostibus
1512 2882 1621 2988 falso

173 3021 367 3122 nuntiari
404 3024 560 3144 vellet,
599 3025 811 3145 edoctos,
831 3025 1022 3126 diversos
1048 3025 1262 3127 dimittit.
1299 3027 1367 3125 Hi
1395 3029 1449 3127 ad
1480 3026 1620 3134 hostes
1716 3083 1718 3090 >

171 3200 251 3303 per
286 3165 476 3306 speciem
513 3163 822 3310 transfugiendi
857 3169 1104 3312 progressi,
1139 3169 1322 3270 insulam
1357 3174 1621 3311 pronuntia·

172 3341 277 3408 runt
311 3309 460 3410 valido
505 3311 722 3451 praesidio
758 3315 895 3414 teneri
936 3348 979 3412 et
1014 3310 1196 3415 multam
1233 3313 1487 3457 variamque
1527 3355 1619 3418 ma-

172 3451 328 3551 teriam
364 3452 574 3595 singulari
608 3454 803 3556 artificio¹
830 3457 886 3554 ad
922 3456 1075 3598 ignem
1116 3457 1455 3599 concipiendum
1496 3497 1619 3563 eom·

170 3629 368 3730 paratam
405 3635 524 3716 esse,
560 3636 674 3740 quae
708 3638 761 3698 ex
796 3599 912 3698 vallo
947 3601 993 3698 in
1028 3602 1235 3702 Turcicas
1262 3602 1481 3702 naviculas
1507 3609 1619 3731 jace-

170 3769 316 3837 retur.
356 3745 577 3841 Praeterea
613 3739 789 3883 scaphas
824 3743 1069 3882 complures
1105 3746 1224 3846 arida
1259 3745 1438 3842 materia
1472 3744 1618 3884 plenas

170 3915 289 3999 esse,
315 3920 422 4020 quas
459 3882 696 3984 Christiani
732 3885 892 3986 vellent
918 3888 1148 3988 accedente
1184 3885 1369 3986 Turcica
1391 3886 1519 3989 classe
1548 3886 1617 3989 in-

168 4028 285 4150 jecto
321 4025 425 4166 igne
461 4028 714 4147 demittere,
758 4066 807 4130 ur
848 4031 1037 4130 secundo
1079 4027 1260 4126 flumine
1309 4028 1476 4130 delatae
1529 4027 1618 4130 ob·

145 4162 260 4306 *vias
311 4173 558 4272 Turcarum
600 4170 817 4272 naviculas
873 4173 1025 4312 ignem
1066 4167 1355 4280 diffundentes
1406 4171 1618 4272 incende-

167 4341 273 4408 rent.
321 4321 465 4443 Hujus
500 4313 562 4414 rei
600 4311 791 4453 fideique
827 4310 1047 4424 faciendae
1082 4315 1218 4456 gratia
1253 4325 1402 4416 Petrus
1453 4320 1617 4456 Zapara
1666 4343 1669 4350 '

166 4451 388 4554 naviculas
423 4455 595 4599 aliquot
623 4457 678 4556 ad
714 4457 858 4599 ripam
894 4457 1098 4600 deligatas
1126 4458 1246 4558 arida
1281 4458 1490 4578 materia,
1512 4495 1616 4559 srra-

168 4597 415 4740 mentisque
458 4637 502 4703 et
550 4603 646 4743 pice
695 4601 851 4744 repleti
898 4611 1099 4734 jusserat.
1153 4601 1238 4705 His
1283 4598 1410 4706 rebus
1450 4610 1616 4706 Turcae

169 4741 341 4981 creqitis
377 4743 649 4875 (multorum
686 4749 808 4856 enirn
850 4745 1138 4856 consentiente
1180 4785 1291 4846 voce
1342 4743 1615 4881 ferebantur)

284 4897 407 4988 oml.
1195 4901 1245 4992 Ss
1537 4891 1618 4990 de·
