4326 5986
572 417 662 533 384
968 431 1051 513 nu
1091 429 1298 512 araus
1345 427 1574 514 cnsrrs

524 671 555 717 ‚,
570 595 659 738 que
695 583 896 736 gentibus
932 629 1010 733 par
1047 626 1262 690 essenon
1299 586 1523 729 potuerit,
1568 583 1635 686 bis
1670 583 1815 705 victa,
1843 589 1899 688 ad
1921 629 1982 692 ex·

467 855 471 864 g
523 776 761 859 „tremum
797 736 891 837 solo
928 735 1064 836 etiam
1100 767 1310 875 aequatas
1351 770 1477 874 turpe
1513 729 1617 872 ipsis
1654 721 1749 829 fore
1786 769 1879 832 non
1910 769 1975 836 ta·

524 958 555 1004 „
572 882 629 984 lia
665 880 836 982 virtutis
873 880 1139 980 documenta
1174 879 1221 978 in
1257 914 1307 977 ea
1343 877 1526 1020 regione
1564 872 1797 1014 praebere,
1836 909 1888 975 ut
1906 917 1975 1018 po·

525 1101 557 1146 „
573 1024 675 1126 steri
712 1023 852 1167 gentis
887 1024 1085 1124 devictae
1121 1018 1309 1124 sentiant
1324 1021 1453 1120 Italos
1482 1017 1611 1151 hujus
1647 1015 1891 1120 memoriae
1919 1023 1979 1123 ni-

526 1242 560 1293 „
581 1168 643 1268 hil
680 1169 736 1270 ab
772 1168 844 1268 illa
870 1168 1011 1310 gloria
1047 1201 1092 1268 et
1117 1165 1279 1267 virtute
1315 1174 1536 1299 majorum
1568 1163 1876 1305 degenerasse.
1910 1167 1982 1266 Hi·

529 1312 721 1454 „spanis
762 1313 1037 1412 continuatas
1085 1311 1332 1412 multorum
1372 1346 1592 1410 annorum
1634 1309 1688 1408 dc
1742 1303 1981 1408 fortissimis

528 1531 559 1575 „
575 1454 780 1598 gentibus
822 1453 1027 1557 victorias
1068 1454 1263 1597 ipsorum
1300 1452 1460 1554 virtute
1506 1488 1647 1594 partas
1691 1449 1739 1551 in
1782 1461 1981 1592 Europa,

529 1634 841 1741 „expugnatas
883 1600 1048 1713 urbes,
1091 1637 1278 1741 magnos
1319 1598 1528 1698 'exercitus
1572 1590 1690 1696 fusos
1736 1597 1981 1698 summatim

529 1817 561 1860 „
574 1742 816 1883 proponitt
852 1741 1171 1883 hortaturque,
1198 1777 1249 1841 ut
1285 1741 1496 1844 virtutem
1533 1775 1576 1840 et
1608 1733 1837 1858 officinm,
1862 1741 1982 1880 quod

528 1961 560 2007 ‚,
575 1924 701 2026 saepe
737 1886 821 1986 suis
857 1885 1040 1986 ducibus
1069 1884 1379 2026 praestitissent
1403 1881 1520 2007 ,sibi
1549 1883 1890 2025 Imperatori,in
1913 1921 1981 1982 cu·

525 2038 637 2161 „jus
663 2064 899 2170 conspectu
930 2065 994 2129 res
1021 2066 1129 2128 esser
1158 2031 1374 2170 gerenda,
1395 2063 1445 2128 ut
1480 2027 1608 2169 pium
1630 2043 1762 2168 atque
1795 2020 1855 2125 fas
1879 2063 1978 2127 esset

525 2240 557 2293 „
571 2209 867 2312 praestarents
905 2171 1069 2272 namsi
1099 2174 1153 2271 ad
1184 2172 1282 2272 illos
1306 2167 1555 2312 triumphos
1587 2172 1814 2272 accecisset
1842 2165 1981 2270 Africa

524 2384 557 2436 ‚,
573 2315 775 2430 devicta,
812 2356 927 2458 quae
965 2357 1029 2417 res
1065 2315 1113 2415 in
1149 2317 1332 2417 Goletae
1358 2315 1703 2458 oppugnationis
1740 2314 1980 2414 discrimine

525 2495 809 2581 „verteretur
844 2458 962 2594 (hac
998 2459 1118 2560 enim
1154 2495 1402 2603 expugnata
1437 2455 1561 2561 facile
1595 2451 1791 2560 futuram
1819 2499 1907 2557 esse
1931 2461 1980 2556 de

525 2609 743 2722 „Tunete
771 2603 1039 2736 victoriam)
1076 2600 1188 2704 nihil
1221 2604 1282 2704 eis
1309 2597 1403 2704 fore
1429 2603 1650 2745 reliquum
1678 2603 1734 2702 ad
1766 2639 1977 2704 summam

526 2809 557 2878 „
572 2743 957 2887 immortalemque
992 2745 1182 2886 gloriam
1222 2749 1620 2889 consequendam,
1670 2783 1716 2848 et
1763 2747 1983 2888 Hispano

525 2955 557 3007 „
575 2927 673 2988 rurn
715 2889 956 3031 imperium
1001 2891 1132 3032 longe
1169 2925 1214 2992 ct
1249 2893 1335 2992 late
1371 2928 1483 2992 terra
1526 2891 1723 3032 marique
1767 2889 1983 2990 stabilien·

528 3083 561 3150 a,
576 3034 715 3153 dnm,
744 3070 788 3135 ct
824 3032 1206 3136 confirmandum.
1245 3045 1467 3141 Praeterea
1483 3034 1670 3150 ,cunctis
1701 3032 1982 3150 honestatem,

528 3229 561 3293 2,
575 3175 872 3319 pietatemque
916 3217 1067 3278 causae
1112 3179 1384 3282 considerare
1421 3176 1753 3321 praecipiebat,
1802 3174 1981 3316 bellique

528 3379 562 3450 3,
573 3355 709 3558 genus
744 3320 1024 3447 meminisse,
1045 3324 1171 3463 quod
1206 3362 1291 3464 pro
1327 3323 1597 3466 Religione,
1633 3362 1717 3464 pro
1753 3320 1921 3438 salute,
1949 3349 1986 3417 et

530 3527 562 3580 „
592 3459 776 3562 ibertate
812 3464 1161 3568 Christianorum
1197 3501 1445 3608 gereremr,
1485 3506 1579 3569 non
1614 3504 1705 3568 tarn
1740 3504 1849 3565 cum
1884 3460 1989 3567 Cha·

532 3681 566 3730 „
579 3605 769 3726 rodino,
808 3648 944 3749 quarn
981 3647 1082 3708 cum
1118 3610 1357 3747 Solymano
1382 3617 1629 3712 Turcarum
1655 3610 1896 3750 Principe,
1919 3606 1990 3708 ho·

547 3821 579 3865 „
596 3783 658 3848 stc
693 3746 934 3854 Christiani
974 3751 1167 3854 nominis
1207 3750 1520 3876 infestissimo,
1564 3765 1684 3888 quus
1719 3752 1791 3853 ille
1837 3751 1992 3854 viribus

533 3925 627 4012 „et
662 3891 823 4034 opibus
859 3897 1101 4016 niteretur,
1137 3933 1181 3998 et
1224 3896 1305 4039 qui
1340 3898 1539 4000 animum
1575 3900 1621 4000 in
1662 3910 1819 4040 Regna
1865 3895 1993 4000 Chri-

535 4109 568 4156 ,‚
583 4033 825 4137 stianorum
875 4039 1101 4141 intendens
1149 4039 1455 4146 Charadinum
1503 4081 1605 4144 cum
1649 4035 1776 4143 classe
1825 4043 1889 4142 ad
1931 4081 1993 4141 ca·

537 4253 569 4298 ,‚
583 4179 763 4321 ptandas
798 4221 944 4283 rerum
975 4185 1224 4287 occasiones
1262 4187 1483 4306 misisset,
1517 4187 1553 4287 si
1589 4187 1745 4287 Goleta
1781 4224 1994 4327 expugna·

535 4356 659 4442 ,‚ta‚
702 4327 826 4564 quod
863 4327 1055 4468 positum
1093 4365 1199 4428 esset
1242 4329 1292 4432 in
1336 4330 1533 4472 ipsorum
1567 4329 1731 4432 virtute
1765 4330 1916 4464 (nihil
1950 4370 1992 4426 c·

537 4464 677 4582 „nim
733 4465 896 4570 ortibus
933 4470 1036 4572 viris
1072 4506 1115 4572 et
1153 4473 1274 4611 piam
1309 4513 1483 4574 causam
1513 4469 1769 4575 foventibus
1799 4515 1890 4575 esse
1913 4463 1991 4570 dif-

537 4681 570 4729 „
586 4605 735 4748 ficile)
766 4608 1067 4714 Charadinum
1103 4614 1386 4736 devicissent,
1407 4617 1488 4758 qui
1522 4618 1696 4719 classem
1733 4659 1788 4718 eo
1815 4649 1989 4756 suasque

538 4823 572 4898 aa
589 4749 698 4855 Viles
741 4756 1033 4880 ‘Ontfllsssets
1069 4757 1119 4863 ln
1159 4798 1213 4861 eo
1254 4761 1539 4900 Solyma-num
1585 4803 1673 4868 esse
1715 4762 1991 4874 devictum,

1925 4931 1992 5022 »et
