4284 5982
570 431 649 502 cn.
993 428 1137 521 roms.
1172 420 1285 501 oon.
1312 422 1620 503 sneutvanna

547 593 553 606 .
638 541 879 640 Conditus
843 573 899 635 est
912 539 1123 654 Genesius,
1135 551 1192 634 uti
1205 550 1281 664 ipse
1299 543 1599 658 mandaverat,
1590 582 1627 636 ιιι
1634 547 1846 639 Putalbani
1862 554 1992 644 na‘uni-
2062 571 2069 581 “

548 670 631 788 cipit
619 669 743 754 aede
764 696 946 753 sacrarum
963 669 1123 752 maxima
1139 669 1191 750 D.
1210 669 1433 755 Catherinae
1450 671 1592 774 dicata,
1609 698 1654 755 ac
1680 671 1717 754 in
1734 672 1904 784 primario
1927 707 1993 762 sa-

550 790 671 891 cello,
698 785 763 870 ubi
787 785 995 918 sepulcrum
1019 811 1106 869 cum
1137 784 1372 898 inscriptione
1409 788 1609 900 permansit
1633 786 1682 873 ad
1710 813 1853 874 annum
1882 793 1991 905 hujus

551 905 721 994 saecun1
744 903 1059 1036 septuagesimum
1075 902 1248 986 tertium:
1269 932 1318 988 eo
1349 905 1474 1009 enim,
1500 933 1585 987 cum
1614 906 1748 994 aedem
1764 935 1903 992 sacram
1920 941 1993 996 ve·

550 1047 687 1114 tustate
710 1018 955 1110 deformatam
972 1018 1101 1105 sarcire
1114 1040 1259 1103 necesse
1282 1043 1404 1126 esset,
1421 1020 1543 1105 multis
1568 1022 1618 1104 ad
1643 1023 1718 1108 hoc
1739 1026 1991 1138 spectaculum

551 1144 605 1228 tei
626 1140 794 1226 novitate
815 1138 936 1222 accitis
960 1162 1130 1251 apertum
1152 1159 1206 1221 est
1220 1137 1427 1249 sepulcrum
1441 1200 1453 1243 ,
1469 1139 1611 1252 quod
1603 1139 1778 1272 inscripto
1803 1171 1991 1230 marmore

549 1259 819 1359 claudebatur,
842 1255 1014 1368 intraque
1030 1279 1174 1389 reperta
1190 1278 1276 1340 sunt
1291 1283 1374 1339 ossa
1390 1256 1544 1341 humani
1570 1255 1734 1370 corporis
1759 1288 1829 1343 suo
1855 1263 1991 1348 ordine

547 1378 761 1477 collocata,
791 1315 974 1485 simulque
1007 1373 1164 1458 vestium
1192 1400 1377 1457 sacrarum
1407 1370 1646 1488 fragmenta,
1663 1376 1815 1487 quaein
1838 1380 1992 1540 capsula

551 1494 693 1581 inclusa
720 1493 805 1575 loco
831 1489 977 1576 decenti
1004 1515 1261 1577 asservantura

551 1636 554 1658 ³
640 1609 867 1697 Veniamus
860 1638 931 1725 Jarn
949 1608 1102 1693 tandem
1120 1609 1169 1694 ad
1189 1607 1420 1722 Sep'ulvedae
1436 1637 1550 1738 opera
1575 1610 1623 1696 de
1651 1610 1759 1696 rebus
1786 1609 1991 1720 historicis,

550 1759 642 1816 nam
657 1759 745 1814 cum
761 1753 935 1840 postuma
962 1731 1203 1810 remanserint
1232 1752 1319 1862 post
1346 1727 1423 1811 duo
1450 1723 1527 1811 lere
1550 1728 1720 1833 saecula,
1742 1729 1877 1816 mirum
1906 1761 1989 1818 non

553 1849 651 1953 erit,
682 1849 710 1929 si
739 1868 840 1950 post
852 1843 1009 1928 auctoris
1033 1844 1178 1928 obitum
1210 1845 1320 1930 etiam
1347 1870 1618 1928 recenseantur.

642 1971 701 2049 Ex
724 1993 804 2077 quo
823 1959 1066 2074 Sepulseda,
1089 1963 1335 2047 annoscilicet
1349 1965 1409 2044 M.
1427 1967 1479 2045 D.
1493 1961 1682 2047 XXXVI.
1697 1963 1874 2080 Historici
1891 1969 1995 2054 Caea

554 2083 644 2170 sarci
674 2107 825 2164 numere
854 2103 909 2163 est
942 2081 1126 2184 donatus,
1144 2079 1232 2162 nulli
1254 2079 1484 2194 parcendum
1496 2078 1622 2163 labori
1637 2069 1883 2189 existimavit,
1907 2115 1990 2200 quo

552 2200 768 2317 provinciae
801 2195 868 2282 sibi
900 2139 1146 2282 demandatde
1176 2193 1290 2309 plene
1319 2197 1581 2311 cumulateque
1612 2195 1844 2302 satisfaceret.
1872 2195 1998 2288 Curta¹

548 2343 700 2424 ⁸¹autern
715 2315 832 2430 probe
856 2336 1003 2420 nosset,
1033 2312 1222 2399 historiam
1243 2313 1360 2412 abis
1376 2314 1614 2424 potissimum
1624 2316 1734 2400 scribi
1755 2341 1853 2403 recte
1861 2346 1996 2452 posse,¹

553 2437 621 2571 qui
649 2435 784 2538 rebus,
814 2456 1123 2566 quaegerantur,
1146 2425 1407 2538 interfuerint,
1433 2449 1450 2488 ²
1479 2434 1681 2520 Caesarem
1706 2436 1872 2523 assectari
1893 2465 1993 2524 con·

553 2556 682 2640 stituit.
713 2551 909 2648 Quoniam
928 2578 1019 2637 vero
1042 2575 1120 2634 non
1146 2550 1186 2634 id
1208 2577 1351 2685 semper
1375 2578 1523 2666 exsequi
1513 2551 1729 2656 dabatur,
1755 2581 1901 2638 summa
1936 2555 1990 2641 di-

552 2671 607 2786 lig
607 2671 748 2757 entiae
780 2667 990 2772 nitebatur,
1021 2693 1064 2753 ut
1088 2665 1254 2756 auc'tores
1282 2668 1462 2755 inveniret
1488 2669 1588 2756 vitos
1614 2613 1756 2784 probbs
1773 2697 1810 2757 et
1826 2701 1960 2787 graves
1975 2731 1997 2780 ‚⁸

552 2790 685 2904 quise
725 2787 773 2871 de
800 2787 909 2868 rebus
933 2785 1074 2902 gestis,
1102 2787 1237 2901 quibus
1266 2784 1543 2873 interfuissent
1534 2787 1644 2904 ipsi,
1658 2811 1723 2872 aut
1745 2789 1856 2874 etiam
1885 2815 1993 2903 prae·

551 2903 733 3012 fuissent,
755 2903 858 2988 bona
882 2899 956 2987 fide
974 2903 1164 2989 docerent.
1195 2902 1272 2990 Sed
1294 2905 1382 3021 quia
1397 2905 1584 3000 interdurn
1608 2890 1732 3019 aliqua
1747 2902 1897 3000 silentio
1907 2937 1995 3042 non

550 3021 830 3140 praetereunda
852 3021 1087 3106 scribentibus
1101 3079 1114 3124 ‚
1129 3047 1168 3106 et
1182 3022 1347 3139 singula
1338 3023 1534 3108 intensiore
1559 3049 1647 3106 cuta
1665 3024 1925 3129 rimantibus,
1955 3024 1996 3110 in

562 3141 697 3252 quibus
721 3139 939 3242 haererent,
967 3164 1228 3245 occurrerent,
1260 3169 1358 3254 quae
1389 3139 1711 3254 percunctantibus
1739 3165 1805 3226 aut
1836 3137 1993 3230 referen-

554 3258 696 3343 tibus
688 3285 725 3340 ιιι
755 3256 974 3340 memoriam
1002 3285 1080 3340 non
1112 3257 1325 3374 venissent,
1347 3257 1648 3378 commodissima
1678 3287 1724 3342 ea
1755 3258 1994 3373 perquirendi

557 3373 705 3462 ratione
730 3399 783 3458 un
773 3371 972 3480 solebat,
999 3398 1042 3458 ut
1068 3374 1191 3488 quod
1201 3319 1395 3489 scripsisset
1420 3369 1466 3458 eu
1482 3374 1610 3488 prima
1628 3405 1742 3476 manu
1758 3436 1771 3479 ,
1787 3406 1852 3489 per
1871 3404 1993 3490 partes

554 3521 663 3576 curn
677 3492 759 3578 viris
784 3491 956 3605 gravibus
971 3491 1100 3574 Latine
1130 3492 1275 3596 doctis,
1290 3493 1433 3606 quibus
1455 3486 1555 3575 facta
1569 3515 1608 3576 et
1633 3491 1788 3616 consilia
1811 3518 1905 3578 nota
1936 3523 1993 3580 cs

554 3611 667 3713 sent,
684 3608 990 3696 communicaret.
1024 3607 1101 3716 Eos
1125 3633 1280 3713 autem,
1302 3639 1367 3723 qur
1357 3607 1507 3692 litteris
1533 3603 1739 3721 aliquid
1699 3607 1990 3744 consignassent,

513 3787 516 3792 -
556 3672 667 3843 quod
682 3727 770 3811 scire
794 3753 859 3808 sua
875 3724 1083 3829 interesset,
1107 3725 1300 3810 consulere
1324 3755 1402 3810 non
1424 3723 1661 3838 negligebat,
1690 3752 1733 3811 ut
1756 3726 1876 3842 siquid
1898 3753 1997 3815 esset

553 3851 632 3930 ase
650 3845 768 3929 minus
794 3867 961 3926 accurate
986 3843 1266 3956 conscriptum,
1295 3857 1316 3913 4
1349 3841 1555 3958 diligentius
1578 3866 1802 3928 retractaret.
1839 3844 1908 3930 His
1931 3873 1992 3930 ac·

556 3963 753 4066 cedebat,
783 3960 892 4074 quod
922 3989 987 4072 per
1017 3960 1197 4043 Carolum
1224 3963 1420 4044 Caesarem
1446 3957 1576 4041 licebat
1609 3959 1868 4074 Sepulvedae,
1893 3991 1994 4078 quae

562 4081 688 4163 audire
704 4107 748 4162 ex
764 4099 812 4195 eo
827 4103 1002 4190 cuperet,
1013 4099 1291 4192 percunctare:
1323 4104 1391 4160 nec
1405 4073 1687 4190 dedignabatur
1692 4106 1857 4162 summus
1872 4083 1996 4192 lntpe·

557 4223 664 4282 rator
680 4185 922 4310 interroganti
948 4185 1169 4307 respondere
1183 4253 1198 4299 ,
1211 4223 1284 4278 eeu
1299 4193 1473 4308 scripturn
1490 4191 1690 4305 reperimus
1717 4209 1733 4269 s
1754 4195 1849 4280 libro
1862 4197 1994 4284 ΧΧΧ.

557 4319 602 4398 de
624 4316 700 4400 reb.
732 4316 811 4423 ejus
837 4327 958 4422 gesa,
963 4321 1017 4414 uo
1048 4307 1189 4397 XXXl.
1225 4311 1430 4428 exquibus
1464 4333 1651 4426 quantum
1690 4309 1778 4398 fidei
1801 4314 2002 4399 auctorita-2

1950 4430 1996 4516 fi-

602 4597 616 4638 1
659 4580 705 4638 lta
725 4583 810 4656 plane
823 4591 937 4639 constat
958 4595 992 4637 ex
1009 4577 1142 4638 Gomeaii
1163 4577 1354 4653 testimonio,
1374 4575 1476 4653 quod'
1467 4593 1499 4634 tn
1519 4576 1708 4636 annotatione
1728 4577 1765 4638 ad
1784 4591 1849 4656 pag.
1864 4575 1915 4635 ct.
1935 4575 1996 4636 trd-

560 4661 698 4718 duximus.

598 4761 615 4800 a
659 4741 696 4798 V.
719 4739 811 4816 Epist.
831 4739 885 4798 Xl.
908 4741 944 4796 ad
962 4737 1051 4813 Gasp
1076 4735 1284 4796 Conrarenutn.

598 4821 696 4898 3.V
717 4819 811 4894 Epist.
831 4817 944 4890 XCIII.
965 4821 1036 4880 edit.
1055 4811 1146 4876 Saltu.
1160 4821 1197 4876 ad
1211 4815 1298 4908 card.
1310 4819 1387 4899 Reg.
1403 4817 1516 4879 Polum.

564 4920 619 4984 4
658 4899 736 4956 Vade
756 4902 809 4960 hac
829 4902 864 4956 de
888 4919 917 4956 re
935 4897 1028 4972 Epist
1043 4895 1128 4956 XIX
1148 4899 1185 4954 ad
1199 4892 1267 4972 Cli:
1290 4899 1359 4961 edit.
1360 4837 1507 4999 g.Salnrk
1537 4955 1542 4966 ,
1656 4896 1659 4908 ¹

599 4979 784 5056 5Eglegia
800 4995 865 5036 sunt
872 4977 1012 5050 lectuque
1027 4977 1112 5053 digna
1127 4995 1198 5052 quae
1210 4957 1373 5050 Sepulveda
1387 4979 1422 5036 de
1436 4999 1486 5042 sua
1498 4961 1530 5042 ln
1544 4983 1724 5059 contexenda
1736 4977 1835 5044 Caroli
1845 4976 1885 5040 V'.
1904 4977 1995 5048 histo·

554 4997 614 5121 ιΙιις
618 5078 688 5120 cura
706 5078 741 5120 ae
761 5061 911 5136 diligentia
931 5061 1039 5136 scripta
1058 5059 1201 5135 reliqult'
1194 5065 1225 5117 ιιι·
1246 5060 1329 5136 episl.
1350 5061 1387 5119 a'd
1404 5059 1468 5140 Jac.
1481 5005 1611 5145 Neylalb
1627 5057 1747 5128 inferiis
1754 5048 1986 5139 'subjiciendae
