4284 5982
522 446 585 515 tv.
979 437 1480 514 SUMMARIU'M.

498 571 695 664 rutensem
719 589 760 652 et
789 565 1018 682 burgensem
1050 589 1132 647 non
1167 590 1206 646 a·
1316 561 1423 646 XXI.
1480 557 1646 646 Gallaeci
1694 558 1836 677 legati,
1868 559 1966 678 quid

500 689 601 777 liena
627 685 910 772 Toleranorum
948 679 1105 768 consiliis
1152 708 1208 765 re·
1258 680 1418 766 sentiant
1432 679 1669 813 ,quamvisa
1691 679 1835 764 concilii
1863 707 1967 794 prae.

504 809 688 896 scribunt·
721 807 802 888 Rex
829 801 971 920 legatos
992 827 1079 883 cum
1118 824 1211 882 con·
1260 795 1363 884 fectis
1396 823 1546 911 rejecti,
1570 797 1693 912 palam
1719 794 1974 912 profitentur.

503 925 657 1014 tumelia
686 919 858 1025 dimittit,
874 943 913 1003 er
941 915 1138 1004 concilium
1159 918 1210 1003 ad
1261 914 1563 1001 Salmanticenses
1593 941 1752 1032 quoque
1805 916 1968 1002 coneilio

506 1039 804 1158 Compostellam
824 1036 972 1126 indicit.
1005 1065 1010 1073 ·
1262 1035 1507 1150 prohibentur
1524 1094 1537 1137 ,
1552 1059 1593 1119 et
1619 1061 1855 1150 quamquam
1888 1065 1966 1120 ma-

503 1231 508 1242 .
553 1163 671 1246 XVI.
729 1151 907 1244 Civitates
943 1154 1085 1272 legatos
1126 1153 1209 1239 mit·
1261 1154 1339 1268 jore
1361 1154 1572 1270 legatorum
1600 1175 1707 1266 parte
1729 1151 1768 1236 in
1790 1153 1968 1240 eamdem

504 1303 595 1366 tturt
623 1299 767 1394 praeter
796 1272 1003 1364 Toletanos
1043 1271 1094 1358 ad
1123 1299 1211 1356 con·
1261 1271 1481 1357 sententiam
1514 1268 1711 1355 inclinante
1733 1330 1747 1374 ,
1767 1270 1878 1388 Regis
1918 1293 1970 1355 ta·

505 1396 634 1484 cilium
651 1391 1013 1507 Compostellantun.
1029 1394 1112 1475 Rex
1126 1393 1210 1474 Por·
1263 1419 1351 1475 men
1382 1386 1573 1482 familiares
1600 1387 1814 1472 muneribus
1850 1411 1967 1504 atque

510 1539 699 1602 tucarrero
730 1509 856 1596 Toleti
886 1507 1052 1596 Praetori
1085 1506 1209 1623 Magi-
1260 1506 1425 1622 pollicitis
1450 1504 1658 1619 complures
1688 1531 1967 1620 corrumpunt,

507 1656 666 1720 stratum
688 1631 886 1744 abrogat,
918 1626 1134 1739 ineiusque
1154 1625 1210 1708 lo
1262 1625 1519 1739 tributumque
1561 1621 1789 1737 imperatur,
1825 1625 1968 1740 Ieg'o-

508 1777 596 1836 cum
606 1747 816 1834 Antonium
828 1743 1049 1829 Cordubam
1065 1737 1209 1826 sufficit.
1262 1745 1462 1848 nensIbus,
1492 1739 1828 1844 Cordubensibus,
1856 1741 1968 1826 Mur·

579 1867 700 1950 XVII.
771 1864 936 1975 Joannes
982 1857 1126 1946 Fadilla
1173 1881 1213 1943 ct
1263 1861 1372 1946 danis
1398 1922 1410 1965 ,
1436 1857 1723 1964 Taurensibus,
1752 1884 1792 1944 et
1823 1859 1969 1946 Madri·

511 1981 727 2070 Fernandus
753 1979 896 2068 Avaltis
910 1981 1002 2065 urbe
1027 1975 1212 2062 discedere
1263 1977 1438 2063 ti‘ensibus
1450 1973 1736 2091 refragantibus.
1753 1975 1969 2062 Hadrianus

513 2125 553 2186 et
583 2101 633 2186 ad
644 2106 790 2216 Regem
812 2095 992 2215 proficisci
1010 2095 1207 2209 jubentur,
1263 2096 1466 2182 Cardinalis
1496 2093 1678 2182 Castellae
1714 2093 1969 2210 procurationi

510 2251 529 2300 t.
571 2217 715 2301 XVIII.
774 2217 845 2331 Ipsi
882 2215 1028 2330 jamjam
1068 2211 1212 2328 prolici-
1263 2211 1500 2328 praeficitur.
1768 2297 1775 2306 ,
1923 2303 1924 2306 q

512 2359 654 2422 scentes
680 2359 863 2449 tanquam
883 2334 1051 2420 nolentes
1083 2355 1122 2415 et
1157 2359 1212 2415 re·
1322 2334 1445 2418 XIIII.
1504 2323 1662 2418 Carolus
1677 2361 1722 2418 ex
1746 2333 1865 2422 Portu
1883 2335 1970 2418 Mn·

513 2476 728 2656 alell?
752 2451 984 2653 nette
1009 2447 1214 2680 ..lssfl‘b
1264 2454 1626 2678 Ill
1645 2451 1970 2684 XXIIII.

514 2711 666 2801 accepta
698 2683 913 2771 conditione
946 2683 1045 2770 illam
1078 2681 1213 2788 tradit,
1265 2685 1304 2769 in
1333 2684 1520 2770 Britannia
1545 2683 1742 2769 amicitiam
1756 2681 1970 2790 confirmat,

515 2831 614 2920 quae
642 2801 759 2918 paulo
790 2828 877 2918 post
901 2801 940 2888 in
965 2807 1122 2888 Serranis
1147 2831 1216 2914 po·
1266 2825 1381 2916 atque
1418 2801 1642 2919 Aquisgrani
1677 2824 1856 2886 consueta
1873 2831 1968 2894 ¹ma-

512 2944 686 3007 tesratem
712 2922 898 3035 pervenit.
916 2919 1111 3006 Antonius
1126 2919 1219 3002 Cor·
1268 2947 1419 3036 gnaque
1446 2918 1667 3006 caerimonia
1693 2916 1972 3033 imperatoriam

372 3035 378 3048 '
516 3040 619 3124 cluba
644 3038 845 3124 Corrector
860 3067 946 3122 suae
971 3036 1078 3123 saluti
1125 3062 1216 3119 con·
1268 3065 1452 3125 coronam
1476 3038 1626 3153 accipit}

517 3154 639 3241 sulcus
663 3157 754 3241 urbe
785 3184 944 3272 quoque
974 3153 1147 3246 decedit.
1265 3249 1270 3258 ,
1327 3157 1465 3244 XXIII.
1524 3153 1657 3273 Legati
1682 3153 1733 3240 ad
1750 3183 1855 3244 :suas
1884 3153 1973 3244 civi·

509 3304 531 3336 ·'
576 3275 681 3358 XIX.
740 3274 898 3358 Carolus
935 3300 1046 3390 aegre
1081 3302 1106 3356 a
1144 3273 1216 3356 Ce-
1267 3296 1361 3358 rates
1393 3273 1586 3378 reduces,
1618 3296 1662 3357 ut
1691 3269 1849 3387 quisque
1878 3299 1972 3358 cort·

518 3390 624 3478 vetio
655 3389 834 3476 retinetur
853 3391 1081 3506 ,quominus
1103 3387 1217 3472 Tole-
1268 3387 1336 3476 cilii
1374 3389 1524 3476 decreto
1569 3385 1772 3505 refragants
1818 3384 1971 3492 fumat,

518 3531 604 3592 tum
652 3505 941 3624 proficiscatur,
979 3505 1219 3620 ejusdemque
1270 3535 1357 3591 cum
1401 3507 1543 3624 ingenti
1584 3505 1830 3624 gratulatione
1878 3504 1974 3592 cxci.-

518 3624 673 3711 ronsilio
701 3625 817 3710 utitur
849 3625 1113 3712 Britannorum
1151 3627 1222 3707 Re·
1271 3624 1446 3738 piantur:
1479 3622 1588 3712 ceteri
1613 3647 1794 3738 tanquam
1817 3651 1975 3739 praeva-

518 3771 607 3858 gem
639 3742 915 3850 conveniendi,
931 3766 1134 3857 antequam
1164 3739 1222 3826 ille
1273 3741 1479 3844 ricatores‚
1520 3739 1803 3856 proditoresque
1832 3740 1974 3855 patriae

518 3859 794 3977 Gallorumque
815 3864 896 3952 Rex
910 3859 1221 4061 congrpdiantur.
1274 3858 1506 3946 contumeliis
1535 3883 1574 3946 et
1611 3858 1753 3974 probris
1800 3886 1825 3938 a
1864 3856 1975 3970 plebe

578 3976 668 4060 XX.
729 3983 773 4062 In
801 3977 959 4063 concilio
1046 3973 1218 4092 mpostel·
1270 3973 1501 4062 afliciunnrr.
1531 3975 1735 4062 Rodericus
1749 3972 1974 4095 Xonquillus

510 4082 609 4176 bno
628 4092 683 4200 ,de
705 4093 847 4181 tributo
870 4095 1091 4212 imperando
1123 4123 1147 4179 a
1172 4091 1220 4176 ci·
1271 4093 1410 4180 aulicus
1424 4099 1585 4180 Praetor
1600 4122 1687 4178 cum
1701 4090 1975 4209 praesidiomit·

519 4207 680 4295 vitantm
701 4206 828 4345 legatis
856 4214 1047 4326 postulat,
1077 4239 1127 4296 ne
1150 4209 1220 4296 hu·
1272 4211 1363 4297 titur
1376 4213 1425 4298 ad
1447 4241 1588 4327 poenas
1614 4211 1810 4296 sumendas
1833 4208 1882 4294 d'e
1910 4212 1972 4294 Sa·
2136 4189 2137 4270 l

513 4325 574 4438 ius
602 4327 754 4463 petenda
775 4328 892 4457 gratia
922 4329 986 4413 sibi
1016 4359 1159 4415 necesse
1175 4328 1219 4414 sit
1273 4329 1538 4450 goviensibus,
1564 4330 1633 4445 qui
1660 4356 1792 4416 eorum
1807 4325 1973 4442 legatum

513 4445 571 4527 -ad
595 4472 857 4561 praescnptmn
888 4471 1034 4562 tempus
1065 4448 1219 4532 reverti.
1268 4447 1544 4648 inparibulurn
1569 4471 1749 4562 egerant,
1774 4467 1812 4530 et
1835 4440 1973 4532 tumul·

519 4565 747 4676 Legatotum
770 4564 1016 4677 disceptatio.
1030 4565 1221 4692 Salmapti-
1271 4589 1336 4648 nra
1364 4591 1504 4666 antur,
1533 4563 1719 4652 seditionis
1746 4557 1974 4646 auctoresin

519 4677 682 4762 censium
697 4680 809 4796 Regis
836 4680 933 4768 votis
959 4669 1218 4768 omittund-
1270 4680 1414 4796 oppido
1455 4679 1569 4768 Nivia
1615 4679 1735 4792 capite
1788 4679 1971 4780 damnat,

514 4822 626 4882 vversa
644 4797 850 4932 renuntia
1055 4861 1063 4882 .
1264 4797 1563 4917 proscribitquc.
1777 4911 1780 4920 Ι
1864 4832 1955 4997 Rs

509 4961 528 4973 ..
782 4947 786 4960 -
838 4971 840 4978 .
1898 4937 1968 4996 on·
