4284 5982
526 441 589 514 Vl.
984 435 1489 516 SUMMARIUM·¹

504 559 729 672 obsistatur,
753 557 984 666 decernunt,
1013 590 1128 679 seque
1157 564 1208 649 ad
1259 563 1410 679 plicium
1437 564 1567 652 sumit.
1684 571 1705 582 ''

504 715 636 773 omnes
664 713 769 770 cassu
790 704 1027 799 comparant.
1319 685 1401 768 VII.
1460 682 1619 770 Carolus
1657 714 1724 801 per
1761 685 1903 776 litteras
1933 715 1977 776 et

562 814 606 895 11.
667 804 786 890 Misso
805 803 856 886 ad
886 804 1029 918 Regem
1064 797 1205 918 legato,
1259 801 1469 915 diplomata·
1486 803 1683 890 Enechum
1697 806 1882 894 Castellae
1899 810 1975 894 Co

504 929 553 1015 de
578 928 742 1043 ipsorum
769 918 975 1006 constantia
1006 978 1019 1024 ,
1051 915 1126 1003 fide
1167 944 1207 1004 et
1260 921 1488 1007 mestabilem
1526 944 1567 1005 et
1603 924 1810 1010 Henricum
1854 925 1976 1012 Almi-

504 1042 631 1133 officio
680 1069 768 1128 eum
794 1038 973 1142 docent,
1008 1059 1128 1151 utque
1168 1037 1207 1120 in
1262 1065 1412 1124 rantum
1443 1039 1695 1151 procurationi
1725 1044 1851 1158 Regni
1879 1073 1980 1130 cum

503 1161 723 1278 Hispaniam
751 1154 870 1242 redire
892 1157 1068 1271 properet
1097 1213 1110 1259 ,
1138 1183 1208 1268 po
1259 1157 1456 1241 Hadriano
1510 1153 1709 1240 Cardinale
1773 1157 1969 1272 praeficit.

502 1281 663 1368 sturiam.
694 1274 812 1361 Iidem
834 1273 970 1358 litteras
999 1279 1052 1358 ex'
1085 1271 1208 1356 conci·
1260 1270 1516 1358 consutilis
1531 1301 1598 1356 sua
1627 1274 1785 1388 pecunia
1800 1299 1840 1362 et
1863 1278 1972 1394 quin

503 1401 556 1487 lio
583 1397 765 1482 Rumblru
795 1390 925 1476 habito
954 1389 1004 1476 ad
1033 1388 1208 1475 Castellu-
1259 1390 1442 1508 quaginta
1497 1389 1722 1478 ducatorum
1778 1393 1972 1504 millibus,

503 1546 641 1604 norum
699 1507 919 1630 popularem
973 1531 1206 1596 conventum
1257 1537 1356 1624 quae
1400 1537 1425 1592 a
1460 1509 1709 1627 portugalliae
1744 1513 1852 1629 Rege
1885 1545 1972 1602 mu-

503 1636 693 1738 mittunt,
726 1628 862 1746 quibus
884 1655 950 1712 eos
975 1626 1024 1710 ab
1043 1625 1206 1741 incepto
1258 1650 1415 1733 uranu,
1440 1625 1627 1713 delectum
1655 1626 1770 1716 habet
1800 1691 1813 1738 ,
1843 1657 1887 1719 et
1920 1633 1973 1721 ad

502 1753 687 1841 retrahere
733 1770 919 1833 conantur
963 1804 976 1850 ,
1023 1743 1205 1858 simulque
1260 1745 1401 1832 bellum
1424 1773 1462 1832 se
1489 1771 1706 1862 comparat.

501 1872 737 2002 admonent,
769 1893 808 1950 se
832 1862 929 1980 Regi
964 1861 1092 1950 omnia
1111 1856 1206 1950 offi·
1277 1867 1562 2001 „Vm-ux.
1606 1863 1807 1983 Populares
1820 1895 1867 1956 ex
1880 1896 1975 1957 con.

500 2009 878 2193 mllimesgdsltbolbbi
901 2097 1098 2218 populares
1111 2106 1203 2188 Bae·
1255 1980 1690 2192 ddddnisbrdilrltbbondbb
1716 2013 1971 2192 pplpptmupeups

500 2225 578 2312 ticis
632 2221 887 2339 respondent,
920 2249 959 2306 se
997 2219 1205 2337 legitimum
1255 2220 1380 2334 copias
1423 2244 1598 2341 augent;
1636 2221 1769 2340 bisque
1810 2228 1968 2311 Petrum

500 2345 537 2427 R
584 2342 593 2360 ‘
641 2341 835 2456 imperium
864 2366 944 2424 non
969 2337 1205 2443 detrectare,
1260 2340 1452 2426 Gitonum
1481 2338 1728 2456 praeficiunt·,
1756 2341 1823 2458 qui
1843 2371 1870 2426 a
1894 2347 1971 2428 Ca·

499 2487 540 2546 se
598 2459 675 2574 ejus
710 2454 970 2542 consultorum
1014 2452 1207 2542 avaritiam
1258 2456 1344 2542 rolo
1390 2459 1555 2542 alienum
1602 2459 1771 2544 animum
1814 2460 1973 2578 gerebat

498 2576 752 2664 cohibendam
775 2571 848 2657 sibi
864 2570 1005 2660 videri.
1260 2602 1326 2687 spe
1355 2578 1526 2662 Ducents
1561 2577 1813 2690 Methymnae
1858 2576 1969 2664 Sido·
2137 2603 2138 2614 *

562 2693 630 2779 IV.
699 2686 864 2776 Lusitani
897 2689 1208 2777 Extremaduram
1257 2691 1342 2777 niae
1361 2692 1440 2806 jure
1454 2693 1590 2780 tuorio
1603 2693 1778 2809 potiundi
1792 2692 1971 2806 dejectura.
2137 2695 2138 2700 ‘

502 2809 704 2899 incolentes
730 2805 887 2892 concilio
919 2807 1105 2894 Emeritae
1132 2813 1209 2894 Au·
1319 2811 1372 2898 X.
1447 2811 1685 2898 Hadrianum
1707 2877 1709 2880 -
1731 2811 1984 2898 Cardinalem-

504 2953 635 3047 gustae
683 2947 898 3013 convocato
947 2923 1049 3011 idem
1103 2921 1208 3034 fere,
1259 2952 1349 3012 ctum
1383 2928 1603 3014 Comiliaris
1636 2956 1769 3044 capere
1809 2930 1970 3015 moliun-

502 3046 612 3164 quod
639 3041 803 3148 Baetici,
832 3042 1056 3128 decernunt.
1261 3067 1353 3150 tur,
1383 3051 1465 3158 quo
1498 3046 1658 3162 cognito
1681 3043 1742 3129 ille
1773 3045 1971 3134 Vaidolito

563 3167 616 3250 V.
675 3165 880 3279 Rurgmses
918 3159 1110 3272 cujusdam
1139 3159 1206 3274 Jo·
1256 3157 1452 3278 profugit.
1502 3167 1647 3248 Interea
1684 3161 1897 3248 Almiranto
1924 3193 1972 3252 ex

504 3279 620 3388 fredi,
637 3279 788 3366 natione
803 3277 966 3396 Belgae,
982 3279 1141 3366 domum
1160 3278 1208 3364 di·
1261 3277 1464 3367 Catalonia
1495 3279 1622 3366 reduci
1655 3305 1804 3394 praesto
1833 3281 1974 3368 adsunt

502 3399 659 3515 tipiunt,
674 3424 837 3513 eumque
862 3395 1098 3482 incarcerem
1123 3423 1210 3483 con·
1259 3394 1381 3513 plures
1407 3425 1580 3515 proceres
1640 3423 1757 3516 arque
1812 3398 1969 3515 optima·

504 3517 633 3635 jiciunt
667 3539 953 3633 peremtumque
982 3513 1121 3631 laqueo
1157 3543 1212 3620 ra·
1263 3537 1337 3602 tes.
1956 3553 1959 3558 ⁴

506 3659 617 3754 ptant
632 3633 673 3720 in
688 3631 915 3749 patibulum,
933 3656 1047 3748 atque
1062 3660 1213 3748 suspen·
1267 3747 1270 3752 ι
1322 3636 1390 3723 XI.
1451 3631 1707 3722 Comestabilis
1740 3637 1888 3752 burgos
1918 3664 1974 3722 re·

507 3755 623 3842 dunt.
670 3752 733 3841 Ad
773 3750 843 3837 hos
874 3776 999 3836 motus
1029 3750 1215 3838 sedandos
1267 3749 1345 3837 dux
1375 3750 1563 3839 civitatem
1586 3751 1636 3838 ad
1672 3747 1840 3836 officium
1865 3753 1974 3839 redu·

509 3869 692 3970 Castellae
709 3867 971 3956 comestabilia
990 3872 1137 3983 Burgus
1152 3897 1214 3955 ve
1259 3868 1316 3955 cit
1339 3869 1524 4005 promissis
1544 3931 1557 3976 ,
1588 3897 1688 3986 quae
1708 3893 1842 3983 postea
1860 3900 1885 3956 a
1904 3875 1973 3954 Ca·

512 3988 597 4094 nit,
620 3981 691 4074 xsed
715 3987 770 4072 bis
803 3987 924 4075 vitato
959 3982 1088 4070 mortis
1125 3985 1215 4100 peri·
1265 3984 1350 4072 tolo
1375 4014 1571 4104 impetrare
1595 4015 1676 4074 non
1707 4011 1860 4102 potest,
1872 4015 1975 4102 prau-
2137 4039 2138 4054 r

504 4103 603 4192 ¹culo
622 4104 715 4222 urbe
731 4103 907 4210 discedit,
921 4131 960 4188 et
977 4107 1114 4189 Fatum
1128 4102 1217 4189 suae
1265 4125 1323 4191 ter
1350 4103 1622 4191 immunitatun
1648 4127 1850 4192 mercatus.

512 4221 663 4312 'ditionis
693 4219 875 4336 oppidum
904 4217 1158 4338 progredinu.
1328 4222 1411 4308 ΧΗ.
1470 4227 1601 4310 Petrus
1643 4221 1858 4310 Pernandus
1901 4222 1973 4308 Vt·

583 4343 651 4426 Vl.
718 4336 976 4454 Najarensium
1012 4341 1218 4426 tumultum
1267 4337 1384 4428 lasctu
1419 4401 1432 4448 ,
1464 4337 1617 4458 quicum
1642 4341 1764 4458 plures
1803 4365 1973 4456 proceres

516 4457 684 4573 ipsorum
710 4461 802 4542 Dux
824 4455 1011 4542 Antonius
1028 4457 1221 4542 Mauricus
1271 4460 1405 4544 sensim
1431 4460 1739 4575 coniungtmtur,
1764 4457 1899 4545 coactis
1922 4483 1972 4542 re·

517 4581 690 4662 coercere
715 4571 894 4678 studens,
917 4572 1063 4688 oppido
1101 4574 1222 4662 vica·
1259 4575 1340 4691 giis
1361 4576 1475 4689 copiis
1508 4575 1783 4692 Methymnam
1823 4599 1974 4661 conten·

518 4715 589 4809 pto
625 4716 665 4777 et
700 4721 724 4777 a
771 4689 944 4796 militibus
983 4688 1156 4806 direpto,
1174 4689 1223 4777 de
1274 4691 1349 4778 dit·
1381 4695 1528 4780 Contra
1555 4699 1685 4781 Petrus
1709 4693 1877 4783 Gitonus
1900 4689 1976 4779 Vil-

509 4808 742 4931 <principuus
776 4806 937 4898 seditiosi
969 4807 1110 4898 consilii
1139 4838 1223 4930 sup
1275 4807 1493 4929 lalpandum
1516 4836 1699 4928 occupat.
1850 4884 1921 5016 ,Τ
1955 4861 1981 4878 .2

565 4961 572 4994 2
1919 4949 1976 5013 ot·
