4368 5984
557 419 718 504 uxum.
944 419 1082 520 Jonn.
1097 423 1212 500 auu.
1229 421 1536 503 sunutvuuuu

535 580 739 669 operosum
761 541 931 639 laborem
955 575 1245 668 suscepturum:
1294 552 1411 665 ,Quod
1438 582 1517 663 eo,
1550 553 1702 674 inquit,
1733 557 1979 662 confidentius

537 677 774 788 aggrediar,
806 681 976 780 quonium
1002 678 1083 758 trio
1108 676 1154 756 de
1179 673 1342 759 mombus
1364 694 1508 788 mero,
1539 677 1606 765 boc
1638 692 1725 785 est,
1758 681 1868 780 litua
1894 721 1980 770 rsus-

539 803 711 910 μάχειω,
734 789 842 898 litui
866 802 1055 899 mouban,
1085 803 1148 884 nal
1173 791 1282 896 ibunt
1306 790 1492 902 eiulptu,
1518 802 1558 880 t'u
1592 797 1726 906 ouibus
1751 799 1981 886 Aristoteles

540 916 686 997 easdem
709 939 774 997 res
805 922 918 1000 uario
938 938 1102 999 sermone
1125 909 1342 1018 nudavit,
1375 923 1459 1026 ipse
1485 918 1577 1000 mibi
1607 917 1801 1003 bautonio
1833 923 1984 1004 reddidi

541 1035 797 1142 superioribus
816 1035 946 1119 diebus
961 1037 1074 1144 poulo
1081 1028 1372 1140 familiariora,
1388 1038 1473 1118 dum
1489 1036 1648 1120 libellum
1673 1040 1900 1143 scriberem,
1918 1046 1982 1146 qui
2094 1115 2096 1120 .

533 1153 619 1263 jam
641 1151 746 1236 nobis
768 1152 946 1261 paunus
969 1159 1165 1255 sancitur,
1192 1149 1241 1235 de
1265 1153 1525 1240 convenientia
1539 1153 1687 1239 militiae
1704 1185 1791 1240 cum
1806 1156 1985 1242 Christia-

543 1299 595 1355 na
608 1268 826 1387 Religione,
851 1282 890 1355 in
916 1297 1021 1378 quo,
1051 1274 1104 1354 ad
1117 1269 1318 1379 Tbeologos
1346 1299 1429 1355 cum
1452 1281 1719 1385 Peripateticis
1750 1282 1789 1356 in
1813 1277 1984 1359 doctrina

544 1416 684 1476 morum
709 1395 984 1495 conciliandos,
1008 1405 1046 1474 et
1071 1393 1207 1473 multas
1228 1397 1396 1498 utrisque
1425 1400 1843 1499 communesuariosque
1874 1420 1985 1501 quae-

546 1517 688 1594 stiones
701 1535 775 1592 ere
790 1527 902 1596 notas
917 1518 1130 1594 accuratius
1141 1510 1379 1594 disserendas
1393 1535 1538 1595 necesse
1544 1509 1631 1618 fuit
1642 1512 1729 1596 binc
1740 1537 1877 1596 sacras
1891 1519 1984 1597 scri·

540 1644 710 1740 pturos,
745 1631 831 1713 inde
846 1629 1073 1715 Aristotelis
1090 1651 1211 1712 omnes
1225 1633 1331 1714 uelut
1354 1636 1504 1714 arculas
1519 1635 1716 1741 diligenter
1727 1638 1985 1741 perscrutari.

546 1747 630 1832 Sed
644 1770 714 1854 qno
734 1773 799 1831 res
824 1752 1043 1835 commodius
1057 1742 1162 1851 fiat,
1179 1761 1265 1831 tuoe
1287 1761 1423 1867 partes
1436 1765 1571 1855 munt,
1602 1767 1677 1860 per
1705 1757 1856 1833 litteras
1873 1775 1988 1860 agere

547 1891 630 1950 cum
647 1863 825 1966 Pontifioe
837 1868 1036 1969 Manim03
1054 1880 1095 1950 ut
1108 1866 1212 1950 nabis
1229 1869 1340 1952 liceat
1359 1875 1482 1977 ipsius
1494 1873 1683 1952 uoluntate
1715 1867 1909 1952 Eustratii
1924 1871 1989 1953 bo·

548 2011 632 2074 rum
650 1983 827 2069 librorum
844 1992 1114 2071 enarrationem
1128 2010 1177 2068 est
1193 1985 1428 2070 Bibliotheca
1450 1986 1493 2071 V
1485 1994 1636 2071 abeona
1663 1994 1839 2071 mutuari.

640 2103 879 2217 Sepulveda,
907 2127 1088 2218 quaerat
1116 2101 1254 2219 ingenii
1290 2103 1437 2190 solertia
1465 2131 1580 2222 atque
1613 2105 1664 2191 ad
1697 2102 1913 2217 hujusmodi
1933 2101 1993 2188 la-

549 2219 661 2307 bores
688 2221 962 2339 aggrediendos
984 2222 1112 2306 animo
1132 2220 1403 2336 paratissimus,
1430 2225 1483 2307 X.
1510 2223 1597 2310 Kal.
1618 2224 1747 2309 Martii
1780 2239 1794 2280 ¹
1830 2223 1919 2307 anni
1933 2223 1991 2307 in-

549 2340 738 2454 sequentis
762 2343 969 2428 secundum
1000 2340 1074 2454 jam
1097 2338 1232 2425 librum
1261 2343 1526 2457 paraphraseos
1565 2341 1806 2427 Aristoteleae
1836 2371 1991 2456 ,quam

548 2461 664 2554 Pont.
683 2461 789 2545 Max.
814 2461 1011 2550 voluntate
1040 2519 1052 2564 ,
1082 2457 1313 2572 hortatuque
1337 2460 1484 2544 Giberti
1520 2459 1677 2573 suscepit
1712 2521 1725 2566 ,
1753 2459 1992 2564 absolverat,

549 2576 616 2662 s'ed
631 2606 716 2662 eam
737 2577 803 2662 sibi
835 2608 857 2664 e
884 2575 1054 2663 manibus
1080 2603 1252 2662 excusam
1278 2577 1398 2663 innuit
1427 2576 1639 2664 necessitate
1662 2579 1829 2692 quadam
1855 2606 1993 2692 paren-

550 2694 591 2780 di
607 2695 731 2781 studio
756 2724 983 2814 magnorum
1005 2687 1209 2779 amicorum
1235 2695 1336 2811 ,qui
1356 2697 1405 2780 ab
1436 2696 1518 2811 ipso
1545 2696 1856 2801 contendebant,
1879 2720 1922 2781 ut
1951 2695 1993 2780 li·

550 2811 691 2899 bellum
708 2813 836 2900 ederet
857 2816 905 2900 de
919 2812 1182 2901 convenientia
1198 2812 1406 2931 disciplinae
1430 2813 1588 2899 militaris
1609 2841 1696 2898 cum
1711 2813 1921 2900 Christiana
1937 2841 1995 2898 re·

550 2930 718 3046 ligione,
744 2939 809 3038 qni
829 2936 912 3044 jam
927 2933 1018 3017 mot
1035 2932 1219 3048 ,²inquit‚
1247 2930 1433 3040 stafilius
1449 2935 1699 3018 sanciebatur.
1725 2934 1905 3029 Quorum
1922 2961 1993 3020 vo·

550 3046 786 3137 luntaticum
808 3051 984 3139 obsistere
1016 3079 1097 3136 non
1113 3072 1267 3166 posset,
1299 3074 1452 3137 coactus
1480 3076 1535 3136 est
1561 3050 1725 3167 primum
1757 3049 1795 3135 id
1823 3076 1990 3164 opuscu-

547 3163 631 3254 lum
655 3166 771 3284 paulo
793 3169 1004 3288 diligentius
1032 3193 1230 3256 retractare
1262 3231 1275 3277 ,
1309 3169 1445 3256 deinde
1473 3198 1606 3286 operas
1639 3169 1870 3255 librariorum
1899 3167 1992 3254 chri-

553 3314 663 3401 gere,
680 3287 718 3371 in
744 3314 825 3402 quo
858 3317 985 3376 tamen
1016 3317 1151 3404 parum
1182 3316 1221 3374 se
1256 3283 1451 3405 profecisse
1476 3285 1713 3395 confitetur,
1741 3285 1888 3370 illorum
1921 3314 1994 3370 ne·

552 3403 729 3522 gligentia
746 3407 814 3492 viri
836 3405 1098 3527 diligentissimi
1123 3433 1253 3492 curam
1268 3430 1494 3523 superante,
1516 3407 1574 3491 uti
1595 3433 1745 3492 cernere
1774 3427 1854 3489 erat
1881 3432 1928 3488 ex
1953 3403 1996 3488 li·

554 3522 681 3628 bello,
711 3552 827 3639 quem
844 3527 894 3611 ad
913 3527 1174 3612 Veronensem
1191 3525 1397 3641 praesulem
1414 3524 1607 3610 mittebat.
1624 3525 1698 3609 Cui
1712 3523 1909 3637 optionem
1924 3521 1994 3606 tri·

553 3639 638 3727 buit
662 3669 707 3726 ea
719 3644 898 3758 aurtjam
921 3644 1123 3753 liberatus,
1142 3642 1218 3733 sive
1235 3644 1427 3731 laudatam
1451 3642 1688 3760 paraphrasin
1703 3640 1861 3758 urgendi
1879 3669 1996 3754 opera

552 3759 773 3848 continente
789 3825 801 3866 ,
817 3762 894 3851 sive
922 3763 994 3848 hac
1018 3761 1246 3872 intermissa,
1270 3759 1614 3877 interpretationem
1641 3761 1805 3875 aliquam
1835 3759 1997 3844 Ethico-

554 3903 639 3962 rum
649 3879 857 3967 Aristotelis
875 3910 898 3966 e
914 3885 1065 3967 Graeco
1080 3882 1281 4000 castigare:
1304 3880 1412 3998 quod
1429 3903 1660 3997 postremum
1676 3878 1837 3965 Giberto
1849 3876 1997 3993 placere

554 3993 780 4085 intellexerat
794 4029 840 4084 ex
855 4000 979 4106 bino,
1010 3999 1078 4115 qui
1106 3999 1173 4085 sibi
1199 3998 1300 4087 ultro
1317 4025 1355 4086 et
1381 3997 1577 4084 liberaliter
1604 4027 1708 4084 suam
1731 4023 1885 4110 operam
1913 4025 1995 4082 non

556 4111 679 4199 solum
693 4144 871 4230 gratam,
901 4117 967 4203 sed
997 4117 1275 4232 propemodum
1311 4117 1423 4204 etiam
1445 4117 1683 4203 necessariam
1710 4112 1926 4218 denrlisset,
1950 4137 1998 4198 ut

554 4259 636 4317 uno
664 4257 836 4350 tempore
852 4235 942 4321 alter
958 4239 1148 4323 Graecum
1177 4236 1362 4354 exemplar
1379 4295 1393 4345 ,
1413 4233 1505 4323 alter
1521 4236 1694 4324 Latinam
1706 4230 1918 4318 versionem
1940 4230 1997 4316 in·

555 4375 736 4437 tueretur.
1434 4369 1438 4381 ·

643 4469 748 4556 Licet
772 4493 833 4557 tot
858 4473 1045 4590 tantisque
1060 4473 1237 4562 litterariis
1258 4475 1446 4565 laboribus
1467 4476 1739 4591 opprimeretur
1770 4465 1997 4584 Sepulveda,

555 4582 649 4672 sicut
666 4617 712 4673 ex
743 4590 930 4704 superiore
959 4593 1114 4708 epistola
1142 4593 1314 4710 colligere
1340 4624 1537 4709 possumus
1562 4623 1576 4703 3
1600 4623 1679 4678 non
1712 4615 1842 4675 tamen
1881 4591 1998 4672 Eras-

555 4735 660 4789 mum
688 4735 752 4820 per
779 4708 916 4795 litteras
947 4713 1148 4798 convenire
1171 4710 1395 4798 desistebat.
1428 4717 1560 4828 ltaque
1583 4712 1668 4796 Kal.
1686 4705 1788 4820 Junii
1814 4704 1882 4792 viri
1902 4704 1997 4790 illius

552 4822 776 4912 celeberrimi
800 4828 1005 4917 nonnullos
1021 4830 1058 4914 in
1073 4830 1330 4948 geographicis
1361 4829 1481 4946 lapsus
1513 4829 1657 4917 erudite
1680 4823 1885 4942 castigavit.
1907 4839 1990 5028 ²Sed

591 5079 606 5119 1
648 5063 718 5125 vid.
733 5065 816 5144 epist.
833 5083 876 5130 ro.
903 5068 973 5130 edit.
994 5067 1138 5132 suuntur.
1306 5087 1325 5131 a
1367 5069 1436 5136 vid.
1452 5071 1537 5151 epist.
1556 5069 1586 5133 6.
1606 5066 1675 5134 eut.
1700 5063 1845 5130 Samum.
