4292 5984
515 379 627 449 XXX.
977 369 1479 449 SUMMARIUM.

492 502 673 590 exercitus
696 497 881 604 discedit,
912 499 1208 586 Germanorum·
1256 501 1340 588 Rex
1370 496 1577 616 appellatur
1592 498 1836 586 .'Fernandus
1853 523 1974 604 ,exer-

494 650 571 739 que
595 619 817 737 praesidium
844 617 1051 706 florentiae
1088 619 1208 734 impo
1255 616 1331 704 citu
1356 617 1643 704 inPannoniam
1674 613 1889 704 inferiorem
1916 617 1966 702 ’tn-

495 743 615 826 nitur.
644 734 992 844 Pontifex,crudcli
1032 763 1072 823 et
1102 735 1208 823 inhu
1255 736 1374 824 ducto
1392 737 1537 845 ,multa
1567 734 1708 852 oppida
1739 734 1904 849 recipit,
1933 759 1973 820 er

497 887 613 943 mano
644 854 814 972 exemplo
842 853 1019 969 primariis
1064 855 1207 942 civibus
1256 852 1378 968 ipsum
1406 857 1594 968 Joannem
1623 854 1858 968 persequitur
1879 853 1971 968 ,qui

495 975 664 1080 sublatis,
678 973 933 1061 Alexandrum
941 971 1208 1060 Medicemde·
1254 972 1305 1058 ad
1337 972 1584 1089 Solymanum
1611 970 1788 1056 auxilium
1817 993 1974 1058 oratum

498 1094 657 1179 bellotae
688 1092 827 1209 patriae
870 1115 1075 1206 tyrannum
1114 1119 1206 1178 con·
1255 1089 1386 1178 nitur.

497 1211 638 1302 stituit.
1313 1210 1366 1294 V.
1423 1207 1648 1325 solymanus
1675 1207 1867 1293 Viennam
1896 1207 1964 1294 ob

750 1337 867 1430 ΗΒ,
912 1336 971 1428 X,¹
1255 1324 1392 1433 sidet,
1425 1328 1491 1413 scd
1520 1333 1800 1412 Germanorum
1826 1349 1870 1412 et
1902 1325 1968 1412 Hi·

1255 1471 1461 1557 spanorum
1504 1445 1642 1532 virtute
1689 1444 1893 1560 repulsus,
1927 1473 1965 1530 re

535 1574 565 1656 1.
627 1533 877 1684 solymanus
900 1569 1111 1650 Tutcarum
1124 1565 1206 1649 Rex
1255 1557 1393 1650 inlecta
1424 1562 1585 1650 domum
1624 1561 1775 1650 revertit
1804 1623 1818 1668 ,
1851 1585 1891 1648 et
1924 1591 1970 1650 ex

495 1687 707 1773 aViennae
732 1682 927 1772 obsidione
952 1682 1121 1795 rejecnts,
1133 1680 1205 1766 bel·
1256 1678 1385 1768 itinere
1400 1681 1591 1793 Joannem
1613 1681 1824 1766 Vaivodom
1858 1683 1969 1766 Hun·

494 1804 575 1891 lum
605 1803 866 1890 Pannonicum
892 1824 1041 1915 reparat
1065 1827 1209 1915 magna
1255 1797 1379 1914 gariae
1402 1803 1549 1916 Regem
1576 1799 1790 1886 constiurit.
1830 1798 1972 1883 Tn'en«
2117 1811 2118 1814 ‘

495 1923 608 2008 etiam
641 1921 752 2006 classe
795 1915 1012 2034 comparata
1052 1917 1103 2003 ad
1134 1921 1204 2002 lta-
1256 1916 1322 2002 nio
1362 1941 1490 2003 autem
1518 1918 1636 2034 quieti
1682 1918 1776 2004 dato
1804 1919 1967 2002 Gema·

497 2037 586 2125 liam
617 2037 896 2127 invadendam.
1255 2033 1358 2120 niam
1387 2036 1516 2124 denuo
1545 2060 1655 2150 parat
1677 2033 1879 2123 invadere.
2121 2118 2122 2136 Ν

554 2161 599 2243 11.
658 2155 816 2242 Carolus
844 2151 1046 2268 Religionis
1085 2181 1202 2270 nego·
1300 2154 1369 2246 Vl.
1413 2152 1623 2240 Franciscus
1646 2153 1847 2240 Gallorum
1865 2153 1965 2258 Rex,
2122 2210 2123 2220 κ

494 2272 550 2358 tio
597 2273 637 2358 in
671 2299 874 2358 commune
905 2268 1204 2356 Chrim'anorum
1256 2291 1300 2355 ut
1326 2270 1483 2386 stupido
1511 2267 1611 2378 fuit,
1645 2272 1893 2387 Solymanum
1914 2271 1966 2356 ad
2123 2302 2124 2310 ¹

494 2389 786 2476 Ecclesiasticum
809 2386 1022 2473 Concilium
1049 2388 1202 2502 rejecto,
1255 2385 1396 2472 bellum
1435 2390 1613 2476 adversus
1640 2389 1871 2476 Chn'stianos
1909 2418 1972 2474 so⁰

493 2533 517 2590 e
541 2506 671 2622 belgio
703 2508 742 2591 in
768 2503 1012 2589 Germaniam
1053 2532 1203 2592 revoca·
1256 2502 1368 2590 licirat
1398 2506 1512 2592 missis
1540 2508 1703 2596 adeum
1733 2505 1889 2593 occultis
1915 2503 1968 2590 le«

496 2645 580 2727 rur,
597 2648 637 2708 et
660 2621 760 2707 classi
783 2649 872 2706 suae
887 2686 899 2722 ‚
916 2647 1004 2704 cum
1026 2647 1105 2735 qua
1120 2621 1202 2708 Cle·
1256 2621 1503 2736 gationibus,
1534 2649 1640 2712 metu
1666 2623 1800 2710 scilicet
1831 2647 1968 2740 poten·

496 2740 630 2826 mentis
654 2735 841 2824 Pontifieis
869 2736 987 2822 classis
1013 2737 1204 2856 conjungi·
1256 2738 1329 2823 tiae
1361 2739 1490 2827 Caroli
1528 2743 1645 2860 magis
1675 2741 1819 2828 indies
1858 2767 1969 2860 auge·

496 2878 583 2962 tut,
607 2878 646 2942 et
672 2853 872 2972 Religionis
906 2855 1081 2970 equestris
1117 2859 1204 2942 San·
1256 2857 1410 2942 scentis.

496 2974 546 3060 eti
568 2973 723 3086 Joarmis
750 3001 864 3060 naves
880 3034 893 3078 ,
911 2972 1107 3058 Andream
1122 2978 1205 3060 Do
1301 2976 1385 3060 Vll.
1427 2976 1585 3063 Carolus
1616 2975 1845 3096 legationem
1886 2977 1967 3064 mit·

496 3093 589 3178 riam
618 3092 669 3179 ad
697 3091 896 3178 tutandam
921 3089 1063 3176 ltaliam
1098 3119 1204 3205 prae·
1255 3089 1301 3176 tit
1347 3093 1398 3178 ad
1438 3093 1639 3180 Gallorum
1688 3095 1968 3181 Britannum-

497 3207 600 3295 ficit.
1256 3235 1331 3323 quc
1362 3214 1485 3328 Reges
1502 3241 1670 3330 ,eosque
1697 3213 1895 3319 hortans,
1921 3237 1966 3300 ut

558 3329 619 3411 III.
677 3325 900 3440 solymanus
943 3324 1050 3412 missa
1089 3324 1206 3414 classe
1256 3325 1295 3410 in
1333 3329 1526 3414 communi
1571 3330 1736 3446 periculo
1777 3331 1961 3446 publicam

499 3443 653 3532 navium
680 3443 901 3560 longarum,
918 3467 962 3528 ut
985 3442 1126 3530 ltaliam
1149 3446 1204 3532 in·
1256 3443 1457 3562 Rdigionis
1497 3446 1748 3564 libertatisque
1767 3509 1771 3520 -
1790 3447 1964 3536 Christia-

498 3556 647 3665 fesrer,
688 3560 765 3675 ipse
798 3560 837 3647 in
869 3561 1101 3648 Pannoniam
1145 3593 1206 3650 su·
1256 3590 1328 3648 nae
1352 3591 1503 3650 causam
1517 3635 1519 3642 .
1534 3567 1756 3682 suscipiant.

500 3678 684 3792 periorem
722 3707 811 3763 cum
858 3707 1000 3799 magno
1042 3680 1203 3766 exercitu
1315 3683 1416 3768 V111.
1466 3685 1647 3771 Francisci
1673 3683 1786 3801 Regis
1816 3711 1965 3801 respon·

500 3791 721 3880 contendit.
768 3796 891 3910 Hujus
917 3796 1001 3882 belli
1030 3825 1140 3882 causa
1165 3823 1206 3886 et
1257 3796 1332 3884 sio.
1508 3845 1511 3860 ·
1962 3823 1966 3832 “

502 3914 1206 4149 tribillffelrilllgdlll
1256 3917 1969 4152 ...pifasfflldiiinffl

503 4176 583 4263 gno
613 4147 893 4270 contentiones.
937 4152 1032 4244 Quo
1060 4150 1139 4264 jure
1165 4152 1205 4240 id
1257 4173 1302 4236 ut
1332 4152 1409 4270 ipse
1432 4153 1678 4270 suspicionem
1713 4155 1762 4241 de
1789 4155 1962 4270 Solyma·

504 4264 571 4349 sibi
610 4264 823 4350 fernandus
869 4265 1032 4352 vindicet
1059 4330 1072 4375 ,
1099 4269 1206 4358 altius
1257 4295 1312 4355 no
1344 4269 1519 4358 adversus
1549 4271 1777 4360 Christianos
1813 4273 1967 4358 solicita-

504 4409 650 4466 summa
676 4385 830 4500 repetita
853 4381 1071 4497 explicatur.
1256 4409 1301 4472 to
1329 4448 1341 4492 ,
1374 4387 1478 4476 edito
1525 4389 1696 4506 deinceps
1733 4417 1963 4508 excussoque

549 4501 618 4584 IV.
665 4501 864 4587 Ludovico
884 4500 1102 4616 Hungariae
1132 4507 1207 4588 Re-
1256 4503 1410 4611 libello,
1449 4505 1515 4590 sibi
1558 4508 1773 4596 diluendam
1805 4534 1963 4624 putave-

505 4645 554 4733 ge
582 4617 659 4702 sine
689 4616 808 4702 liberis
846 4611 1025 4702 defuncto
1056 4619 1208 4730 ,Joan·
1257 4619 1329 4707 rit.
1364 4689 1366 4694 .

505 4760 571 4822 nes
594 4736 763 4852 Sepusius
785 4737 958 4825 Vaivoda
985 4735 1036 4824 ad
1059 4737 1207 4831 budam
1316 4739 1369 4828 X.
1428 4741 1628 4834 Britannus
1667 4747 1749 4834 Rex
1790 4745 1898 4832 haud
1926 4745 1967 4830 li·
