1092 1496
98 33 226 50 mentorum
248 21 309 48 enim
327 23 422 58 gravitas
435 42 443 52 ‚
464 33 516 48 cum
534 23 611 58 inopia
631 25 782 56 jumentorum
803 23 831 50 ab

97 60 223 86 horninibus
241 69 279 95 per
297 59 346 84 loca
364 69 454 84 arenosa
472 58 608 84 traherentur
619 79 626 88 ,
646 58 732 84 obstitit
743 79 750 90 ,
770 70 829 96 quo-

96 96 169 122 minus
188 105 260 131 posset
278 104 329 120 ante
348 94 427 120 horam
445 95 490 120 diei
507 105 592 121 nonam
610 95 634 121 in
651 95 727 121 locum
741 105 828 132 pugnae

97 142 221 168 perveniri.

131 171 188 194 XIII.
226 167 364 193 Charadinus
381 167 494 193 tormentis
513 167 600 203 aliquot
617 168 714 198 amissis,
735 177 757 194 et
774 179 827 194 suo-

95 214 146 229 rum
163 204 247 230 circiter
264 204 368 229 sexcentis
386 203 511 229 desideratis
519 223 527 234 ‚
546 214 603 240 quos
622 205 710 239 potuit,
729 214 755 230 ex
772 203 826 241 fuga

96 240 182 276 colligit
200 241 333 274 (Nomades
352 240 413 266 enim
435 250 458 266 et
476 240 571 276 quidam
591 241 628 266 alii
650 240 747 276 regionis
769 241 826 266 inte-
856 240 872 267 .’

94 277 154 302 riora
172 277 315 312 petiverunt)
333 276 390 303 etin
408 275 486 301 urbem
500 286 544 302 sese
562 277 655 312 recipit3
671 277 826 313 dispositisque

95 322 134 348 per
151 322 226 338 muros
244 311 410 342 defensoribus,
429 322 455 337 ac
472 312 546 337 ceteris
557 332 565 342 ,
587 322 643 348 quae
665 313 714 338 usui
737 312 826 345 forent,

95 349 212 384 diligenter
234 348 390 373 administratis
400 367 407 378 ,
430 348 454 373 in
476 357 548 373 arcem
561 367 569 377 ,
586 357 611 373 ut
628 348 712 373 solebat
725 368 731 378 ‚
749 349 773 374 in
793 359 825 374 se-

96 394 178 420 quente
196 393 261 410 noete
278 384 372 409 secedit.
391 383 437 409 Hic
454 392 574 419 postquam
592 384 661 410 multa
682 394 756 409 secum
776 386 826 421 agi-

95 429 177 446 taverat
183 440 191 451 ‚
208 429 256 446 turn
271 420 388 456 oppidanis
396 439 404 450 ,
424 428 473 446 tum
485 420 552 445 etiam
565 420 649 445 auxiliis
664 419 762 446 diffidere
775 430 826 446 coe-

96 457 145 492 pit,
163 457 246 493 quippe
263 466 339 481 omnes
357 456 444 481 duobus
461 455 554 481 adversis
572 456 656 491 praeliis
673 455 789 487 hesterno,
803 466 826 482 et

96 503 144 528 quo
162 493 241 518 Goleta
258 491 329 518 fuerat
347 501 481 528 expugnata,
495 501 613 527 prostratos
631 492 709 517 animis
727 502 771 518 esse
789 493 825 518 vi·

96 528 181 558 debat,
204 529 232 554 ad
253 538 375 564 omnesque
395 538 454 554 casus
480 528 572 554 consilio
597 527 639 554 sibi
661 528 825 564 providendum

95 565 183 591 smtuit.
201 568 346 600 Quamquam
363 565 370 590 i
388 565 432 590 itur
450 563 543 595 urbem,
560 564 602 590 nisi
620 564 682 590 rebus
701 565 825 600 desperatis,

95 601 238 626 deserendam
255 611 303 626 non
321 574 427 636 putafiass
440 610 539 626 metuens
558 609 646 631 tamen,
662 610 690 625 ne
707 601 743 626 vel
758 601 824 636 oppi-

96 637 165 668 dani,
178 635 281 673 'quorum
299 636 367 662 fidem
385 646 506 672 suspectam
524 636 634 666 habebat,
652 637 679 662 de
694 647 716 662 se
733 637 825 671 proden-

96 673 127 698 do
145 674 261 699 consilium
279 673 373 703 inirent,
391 673 425 698 vel
444 673 486 698 alia
503 683 643 709 quacumque
661 673 745 698 rarione
759 673 824 708 oppi-

96 709 127 734 do
145 710 221 735 cedere
239 718 371 745 cogeretur,
391 718 506 745 argentum
525 718 547 734 et
567 718 655 739 aurum,
674 717 696 734 et
713 709 824 744 quidquid

95 755 142 771 erat
160 745 266 781 pretiosae
284 745 420 781 supellectilis
428 765 435 775 ,
444 745 548 779 jumentis
559 745 690 781 Hipponem
701 754 773 770 versus
786 745 824 770 de-

95 782 179 817 portari
196 781 276 815 jubet5
297 782 373 817 iraque
396 781 467 807 mulae
489 781 610 817 camelique
634 782 718 816 aliquot
748 781 824 806 onuSti

95 826 146 843 ante
164 817 235 843 lucem
253 818 384 853 Hipponem
405 818 539 847 mittuntur,
556 818 610 842 durn
627 826 710 842 ceterae
727 817 824 842 sarcinae

94 863 268 889 comparantur3
288 864 340 879 nam
358 854 440 879 multae
458 862 597 889 supererant,
615 863 672 889 quae
690 853 757 889 paulo
773 862 824 888 post

94 890 189 924 captivis
202 890 330 916 Christianis
342 888 402 915 fixere
416 890 522 925 praedae.
541 892 609 915 Erant
622 889 682 914 enirn
695 889 751 915 intra
765 899 825 914 eam-

94 925 148 951 dem
166 936 238 951 arcem
256 926 363 962 ergastula
380 926 520 961 capacissima
536 924 666 951 Christianis
683 925 774 960 caprivis
790 934 825 950 re-

94 962 169 997 pleta,
186 962 269 997 quippe
287 962 328 988 sub
346 962 461 997 appulsum
479 962 553 987 Caroli
570 971 642 987 servos
660 971 736 987 omnes
758 960 826 986 Chri«

94 998 190 1028 manos,
211 999 347 1034 quicumque
365 1007 426 1023 erant
443 998 468 1024 in
486 997 557 1028 urbe,
576 998 616 1033 qui
633 1007 694 1024 arma
707 995 762 1022 ferre
775 1007 827 1032 pos⁴

95 1043 157 1064 sent,
177 1034 201 1059 in
220 1034 273 1059 arcis
298 1034 406 1069 ergastula
426 1034 529 1059 concludi
550 1036 653 1066 jusserat,
670 1044 717 1069 quo
738 1042 759 1058 et
780 1034 827 1068 ipse

96 1078 201 1130 ωεξιειω
222 1070 363 1097 servitiorum
380 1070 467 1096 turbam
492 1069 588 1106 remigio
614 1070 770 1096 subductarum
784 1078 829 1109 'na-

155 1115 190 1131 om.
201 1108 218 1131 1,
569 1109 613 1132 Eee
768 1114 831 1130 vxum
