4368 5984
381 4937 411 4992 ἢ

525 383 662 460 xsrv.
923 379 1063 478 roan.
1096 387 1208 457 osu.
1237 383 1543 458 serueueram

531 506 758 594 llsturiccnsi
773 509 961 624 Episcopo
980 526 994 568 ¹
1017 509 1167 595 Didaco
1184 507 1232 594 de
1250 507 1376 596 Alava
1395 533 1433 594 et
1452 505 1651 624 Esquivele
1667 567 1682 614 ,
1697 536 1910 628 magnaque
1925 540 1964 597 se
2051 598 2053 602 ,

519 655 608 712 cum
626 627 738 712 animi
759 629 1004 714 contentione
1029 626 1223 744 perlegisse
1255 657 1270 735 ς
1296 651 1465 713 ceterum
1497 627 1650 713 minime
1675 628 1742 714 sibi
1774 627 1963 744 probari²

435 764 436 767 ‘
524 774 624 860 quae
640 747 688 830 de
716 749 843 830 Acrae
862 747 963 833 vocis
977 746 1281 859 interpretatione
1298 761 1316 820 ³
1337 745 1385 830 ibi
1408 741 1644 850 afferuntur,
1676 773 1764 831 cum
1780 748 1885 832 omni
1901 776 1967 830 an·

527 863 707 976 tiquitatis
736 861 986 952 mndamenro
1002 863 1084 948 -sint
1106 863 1291 948 destituta.
1325 866 1456 956 Quare
1474 863 1701 949 mutandum
1727 891 1816 949 eum
1840 864 1969 950 locum

531 981 736 1091 censebat,
763 981 869 1094 plura
898 982 997 1066 enirn
1019 981 1164 1066 inerant
1194 1039 1208 1084 ,
1239 1009 1338 1095 quae
1368 982 1527 1066 auctoris
1560 981 1763 1067 sententiae
1796 982 1969 1067 adversa·

533 1099 723 1182 bantur.4
750 1101 895 1183 Verum
919 1099 1112 1186 enimvero
1136 1099 1377 1212 Sepulveda‚
1404 1127 1475 1182 ceu
1508 1097 1601 1184 solet
1624 1098 1790 1185 accidere
1819 1098 1859 1184 iis
1876 1159 1889 1204 ‚
1905 1098 1973 1212 qui

536 1215 676 1330 aliquid
700 1215 791 1302 novi
815 1216 996 1302 invenisse
1017 1216 1185 1301 contenti
1216 1215 1283 1300 sibi
1305 1213 1492 1329 plaudunt
1519 1216 1559 1300 in
1574 1215 1673 1301 'sirm
1707 1276 1721 1321 ,
1747 1215 1974 1330 minimeque

538 1333 696 1420 aliorum
713 1333 861 1419 monitis
873 1333 1117 1439 auscultant,
1150 1361 1199 1418 nc
1226 1335 1386 1420 verbum
1401 1332 1556 1448 quidem
1582 1333 1699 1418 ullum
1717 1358 1783 1419 aut
1811 1357 1975 1440 mutare,

540 1474 609 1537 aut
636 1453 685 1536 ab
701 1479 815 1564 opere
830 1482 900 1536 suo
925 1451 1095 1538 amoveri
1124 1479 1251 1564 passus
1266 1474 1348 1536 est:
1375 1476 1421 1535 ut
1445 1449 1661 1562 conjicimus
1685 1479 1732 1534 ex
1756 1480 1837 1556 eo,
1866 1451 1976 1566 quod

540 1597 643 1655 anno
660 1569 829 1682 sequenti
844 1565 939 1654 forte
956 1569 1029 1681 jam
1046 1569 1097 1660 ad
1112 1568 1252 1652 exitum
1270 1591 1451 1682 vergente
1475 1567 1597 1652 lucem
1612 1568 1752 1682 aspexit
1776 1568 1977 1682 publicam.

631 1685 861 1800 Sepulvedae
875 1714 919 1770 ea
934 1687 1084 1801 proptia
1097 1686 1177 1770 laus
1189 1707 1272 1790 est,
1297 1685 1405 1799 quod
1428 1685 1710 1801 prirnus,quod
1727 1684 1906 1789 sciamus,
1929 1685 1980 1772 de

543 1803 634 1891 anni
650 1803 881 1891 correctione
903 1803 1028 1890 litteris
1051 1803 1191 1920 aliquid
1220 1802 1415 1890 mandavit
1441 1828 1612 1920 tempore
1627 1803 1787 1890 maxime
1815 1832 1981 1889 neccssa-

1511 1995 1513 1998 ,
1909 1949 1980 2006 no.

588 2055 603 2096 1
646 2037 731 2114 Apud
745 2038 930 2116 Dormprium
944 2037 1078 2096 tribuitur
1092 2035 1271 2096 Astoricensi
1284 2038 1429 2113 Episcopo
1442 2039 1559 2097 Didoni
1570 2036 1735 2100 Sarmienti
1748 2055 1853 2096 nornen
1868 2075 1878 2110 ,
1891 2055 1979 2112 quem

546 2119 636 2176 etiarn
650 2138 776 2177 errorem
803 2119 921 2176 incurrit
943 2117 1104 2193 Majansius
1122 2119 1153 2173 in
1173 2115 1353 2192 praefatione
1376 2119 1412 2174 ad
1438 2119 1617 2176 MarchionIs
1639 2117 1869 2194 Mondejarensis
1889 2136 1979 2192 opera

547 2200 678 2257 chronol.
695 2217 758 2274 pag.
773 2214 819 2271 40.
835 2217 862 2254 u.
880 2215 942 2272 ¹⁰9·

587 2297 605 2336 a
647 2281 758 2338 Idaliis
780 2281 870 2336 etiarn
889 2279 924 2336 ad
940 2277 1066 2336 Suritam
1086 2276 1191 2334 litteris
1213 2277 1347 2336 Tridenti
1369 2277 1445 2334 datis
1464 2277 1518 2336 IX.
1543 2281 1605 2336 llal.
1630 2277 1740 2353 Aprilis
1764 2279 1885 2337 Paiqus
1906 2276 1984 2350 haud

520 2373 529 2397 Ν
546 2360 665 2417 obscure
679 2357 822 2435 significat
832 2398 843 2430 ,
857 2359 911 2415 sibi
933 2357 1075 2414 inanimo
1091 2375 1153 2414 esse
1175 2357 1353 2430 Sepulvedae
1372 2359 1552 2430 opinationes
1577 2356 1727 2416 refellere.
1756 2359 1805 2414 Sic
1826 2361 1902 2414 enim
1919 2360 1983 2415 aitt

545 2439 601 2498 No
616 2441 735 2514 quernis
751 2455 803 2514 que
816 2439 929 2512 rapiere
941 2436 1119 2512 Sepaluedo,
1137 2437 1168 2492 ni
1184 2433 1313 2495 nonanto
1327 2437 1423 2494 Perea
1440 2437 1476 2495 de
1487 2448 1569 2496 estas
1579 2449 1705 2510 cartas,
1722 2451 1831 2512 parque
1844 2453 1877 2494 no
1898 2447 1986 2517 tengo

548 2521 667 2592 espocio
690 2515 826 2593 parties
848 2515 978 2576 escribir
994 2555 1005 2588 ,
1024 2533 1132 2591 cunque
1149 2529 1205 2588 por
1226 2517 1380 2591 tardeque
1403 2533 1479 2588 reo,
1502 2519 1574 2576 Vm.
1595 2517 1672 2576 uerri
1687 2516 1864 2574 merevillae
1887 2535 1938 2574 con
1957 2514 1988 2574 ei

550 2599 612 2656 Dr.
626 2597 816 2671 Sepulvedo,
836 2611 945 2671 porque
961 2607 1041 2673 estoy
1061 2595 1257 2655 determinatio
1277 2596 1312 2654 de
1330 2594 1359 2653 le
1372 2595 1471 2664 enojar
1493 2607 1595 2672 quanto
1609 2597 1731 2670 pudiare
1748 2595 1832 2653 sobre
1851 2615 1883 2652 su
1896 2595 1990 2668 libro,

548 2695 570 2753 y
586 2677 668 2735 sobre
681 2695 729 2734 sus
745 2677 802 2733 insa
826 2676 989 2732 inraciones:
1012 2687 1111 2753 ysepa
1127 2675 1195 2731 Vns.
1219 2673 1317 2748 quein
1336 2691 1389 2749 que
1408 2675 1473 2733 dice
1489 2675 1583 2733 delos
1599 2675 1780 2734 Exotericos
1789 2715 1799 2747 ,
1820 2693 1911 2752 quees
1924 2677 1991 2749 opi-

553 2757 621 2816 nion
635 2758 670 2818 de
679 2756 772 2816 Sento
813 2756 918 2812 bontas.
938 2754 1008 2812 Vm.
1028 2771 1071 2814 nse
1079 2754 1164 2812 noire
1177 2752 1292 2812 console
1305 2771 1345 2812 vn
1358 2771 1410 2812 con
1421 2751 1452 2812 ei
1464 2753 1635 2829 Arzobispo
1648 2757 1683 2812 de
1696 2755 1804 2812 Teleda
1814 2774 1837 2831 y
1854 2754 1883 2814 el
1904 2749 1992 2814 senor

553 2833 706 2916 ¹Honorum
716 2837 815 2971 ξηαπ,
834 2851 886 2912 qne
899 2851 942 2894 nte
956 2833 1040 2894 dicen
1052 2850 1105 2911 que
1120 2850 1171 2892 son
1184 2834 1313 2914 grandes
1322 2834 1487 2912 privodos3
1504 2835 1616 2896 desento
1626 2849 1736 2911 parque
1751 2835 1877 2894 todavio
1897 2853 1929 2894 se
1947 2852 1994 2894 nte

553 2925 609 2988 spe
635 2916 691 2976 aro‘
701 2933 717 2972 o
755 2932 780 2973 o.

599 2937 632 3072 3ἔ
657 2934 833 3056 Vongern
847 2994 990 3070 quomodo
1008 3011 1026 3051 a
1046 2992 1210 3069 Sepulveda
1231 2995 1495 3070 interpretaretur,
1518 2997 1645 3070 superius
1664 2994 1724 3071 jam
1738 2995 1892 3056 innuimus.
1920 2995 1995 3071 Ejus

554 3081 706 3138 ridiculam
723 3076 991 3150 interpretationem
1010 3075 1185 3132 damnarunt
1198 3086 1311 3148 praeter
1324 3074 1396 3132 alios
1410 3075 1569 3150 Majansius
1586 3079 1605 3132 l.
1619 3094 1644 3133 c.
1668 3091 1697 3132 et
1714 3077 1848 3134 Marchio
1864 3075 1997 3133 Monde-

553 3159 675 3234 jarrensis
702 3157 733 3211 in
748 3173 826 3230 oper.
842 3157 971 3212 chronol.
992 3169 1057 3228 pag.
1073 3167 1119 3228 34
1144 3153 1202 3212 Sed
1227 3155 1326 3212 mirari
1336 3155 1436 3226 subit,
1460 3172 1508 3212 eos
1523 3173 1582 3212 non
1592 3156 1829 3214 animadvertisse
1836 3196 1847 3229 ,
1860 3167 1997 3230 corrupte

555 3239 615 3311 legi
637 3237 668 3293 in
687 3235 815 3292 editione
829 3233 999 3292 Coloniensi
1022 3234 1114 3291 libelli
1134 3235 1170 3291 de
1187 3236 1465 3306 correctioneonni,
1481 3240 1606 3310 legema
1630 3235 1745 3308 Joanne
1766 3237 1790 3293 l.
1814 3251 1891 3292 anno
1907 3242 1996 3312 1372·

556 3322 672 3388 latam,
692 3332 748 3387 qua
761 3316 934 3388 cavebatur,
947 3326 978 3370 ut
998 3313 1071 3370 anni
1089 3313 1224 3388 deinceps
1242 3327 1327 3387 atque
1347 3328 1478 3387 tempora
1494 3333 1511 3372 a
1531 3314 1642 3374 Christi
1660 3316 1750 3372 natali
1770 3316 1816 3374 dle
1839 3316 1925 3374 ducta
1947 3333 2000 3373 ra-

558 3397 663 3469 rione,
683 3411 742 3451 non
764 3395 802 3450 ab
817 3393 897 3451 Aera
917 3392 1050 3451 Caesaris
1072 3405 1308 3467 computarentur
1327 3433 1338 3466 ‚
1357 3411 1423 3450 curn
1446 3395 1599 3467 legendum
1617 3396 1735 3450 omnino
1756 3394 2000 3470 sit,onn.1383.

559 3477 602 3534 nti
617 3476 714 3532 videre
730 3485 775 3532 est
794 3475 868 3548 apud
888 3473 1034 3530 Didacurn
1055 3471 1274 3530 Colmenarium
1289 3474 1321 3530 in
1334 3473 1455 3530 historia
1472 3473 1641 3547 Segovieusi
1654 3491 1717 3548 cap.
1725 3475 1753 3532 6.
1767 3475 1795 3550 §.
1805 3476 1833 3532 6.
1848 3491 1912 3549 pag.
1929 3475 2000 3548 29⁶·

556 3555 593 3616 ln
610 3555 737 3612 editione
751 3554 868 3612 Veneta
887 3553 1028 3626 ascriptus
1042 3565 1090 3609 est
1105 3569 1197 3610 annus
1219 3553 1304 3628 agdo.
1327 3553 1378 3612 sed
1401 3569 1528 3610 errorem
1541 3554 1618 3614 lrunc
1640 3570 1699 3613 nou
1719 3553 1924 3629 Sepulredae,
1947 3554 2001 3612 sed

556 3631 730 3711 typothetae
749 3634 861 3689 incuria
873 3633 1021 3706 irrepsisse
1036 3631 1153 3690 credere
1165 3630 1211 3689 fas
1223 3647 1278 3691 est.

474 3752 477 3759 ,
600 3733 621 3788 4
661 3714 697 3770 In
707 3714 765 3770 alia
779 3713 879 3770 Paiaii
892 3713 929 3769 ad
952 3712 1079 3771 Suritam
1093 3713 1219 3786 epistola
1235 3711 1421 3772 aDormerlo
1434 3715 1524 3773 allata
1543 3731 1608 3790 pag.
1623 3715 1689 3791 ²7⁶·
1703 3727 1821 3774 exarata
1835 3715 1921 3774 XIII.
1935 3716 2003 3774 llal.

559 3795 651 3853 Mart.
673 3781 758 3870 1547.
773 3794 828 3850 boc
841 3793 877 3848 de
894 3791 1073 3866 Sepulredae
1093 3792 1191 3850 libello
1206 3789 1344 3866 judicium
1366 3793 1489 3868 legimus
1502 3795 1643 3870 ‚dignum
1662 3798 1736 3867 quod
1756 3793 1811 3853 huc
1824 3793 2004 3854 transcriba-

561 3887 630 3931 tur:
652 3873 701 3930 En
713 3872 744 3930 lo
764 3873 798 3932 tle
817 3871 985 3946 Sepulueda
997 3889 1038 3947 ya
1060 3871 1130 3929 Vm.
1144 3887 1246 3932 conoce
1258 3889 1292 3929 trs
1313 3872 1426 3948 ecreto,
1448 3883 1553 3948 quanto
1572 3871 1637 3931 ala
1656 3875 1789 3933 doctrino
1809 3875 1867 3932 attt
1882 3892 1917 3934 no
1930 3875 2005 3933 buce

562 3963 629 4010 otro
645 3968 712 4009 ensa
728 3952 792 4009 sino
805 3952 954 4022 nconsejar
973 3967 1071 4026 paese
1084 3949 1257 4032 reduagoei
1281 3953 1335 4009 uno
1348 3969 1366 4008 a
1379 3951 1410 4008 la
1432 3951 1531 4010 bruma
1539 3992 1550 4026 ,
1573 3971 1627 4030 qne
1639 3970 1671 4012 es
1686 3971 1753 4032 once
1772 3956 1808 4014 de
1827 3955 1952 4028 Enete,
1971 3953 2005 4013 io

562 4030 631 4108 quoi
647 4048 679 4088 se
693 4033 801 4104 podria
812 4032 900 4090 bocer
923 4029 1124 4089 intercalando
1140 4029 1186 4089 los
1199 4032 1265 4090 dios
1283 4032 1424 4103 arados,
1446 4051 1468 4108 y
1482 4049 1534 4107 qne
1548 4051 1579 4092 se
1592 4035 1628 4091 de
1643 4035 1731 4093 orden
1746 4051 1823 4092 corno
1836 4051 1870 4090 no
1883 4050 1915 4092 se
1931 4051 2008 4092 vers-

557 4130 603 4192 go
626 4120 716 4167 uerte
729 4111 944 4168 inconveniente
959 4127 1012 4168 eon
1030 4109 1195 4169 intercalari·
1214 4112 1315 4169 dentre
1337 4111 1373 4168 de
1387 4111 1498 4168 ciertos
1522 4114 1610 4172 otios:
1636 4109 1666 4168 ei
1687 4131 1722 4170 no
1741 4123 1867 4171 muestra
1888 4111 1920 4171 ln
1933 4111 2007 4188 difi-

565 4189 668 4249 cultad
676 4230 687 4263 ,
702 4191 733 4245 ni
746 4206 776 4248 se
791 4200 863 4247 mete
874 4206 908 4246 en
927 4188 1008 4264 eila,
1022 4209 1045 4266 y
1058 4192 1113 4268 hay
1130 4208 1164 4250 en
1176 4201 1240 4249 erto
1255 4191 1380 4248 materia
1395 4200 1477 4248 tanto
1492 4193 1603 4250 eserito
1618 4206 1671 4268 que
1683 4191 1790 4266 sabra,
1805 4205 1878 4270 pero
1892 4205 1950 4267 por·
1971 4211 2008 4252 su

561 4269 650 4330 ettilo
673 4265 797 4343 aplace3
815 4286 853 4344 yo
876 4269 912 4326 he
932 4270 1005 4325 dado
1031 4270 1112 4328 alos
1131 4271 1267 4350 Legadm
1276 4271 1378 4328 sentior
1387 4309 1398 4342 ,
1422 4269 1503 4348 yles
1512 4285 1621 4344 parere
1634 4270 1719 4350 bien,
1734 4281 1842 4352 nanque
1856 4289 1891 4330 no
1908 4291 1939 4332 se
1958 4272 2007 4330 les·

561 4352 633 4408 bare
646 4366 744 4406 nuevo.
766 4348 926 4409 Praeterire
940 4349 987 4405 hic
1001 4366 1058 4405 non
1075 4367 1222 4422 possumus
1237 4351 1379 4424 duplicem
1394 4349 1495 4407 Pa'eaii
1512 4351 1720 4410 oscitantiam:
1744 4353 1838 4430 prima
1850 4352 1924 4426 quod
1934 4353 2009 4408 bru-

560 4447 638 4485 mam
660 4432 738 4485 nullo
754 4443 870 4485 auctore
886 4431 1011 4485 collocat
1028 4429 1065 4484 ad
1078 4429 1133 4486 III.
1149 4430 1216 4486 Idus
1232 4430 1389 4503 Januarii,
1410 4447 1474 4487 curn
1490 4443 1571 4487 certo
1586 4443 1699 4488 constet
1713 4434 1788 4508 apud
1802 4449 1919 4504 omnes,
1939 4449 2007 4489 eam

559 4507 688 4565 incidere
701 4523 766 4564 cum
789 4512 832 4565 sol
852 4508 1013 4581 ingreditur
1035 4508 1243 4582 capricornum.
1272 4509 1359 4567 Unde
1377 4522 1446 4566 ante
1467 4507 1679 4582 Gregorianam
1697 4515 1902 4569 correctIonem
1929 4513 2006 4569 inci-

560 4589 647 4645 debat
660 4587 690 4642 in
710 4587 786 4644 diem
812 4588 881 4644 Xll.
896 4587 1088 4660 Decembris,
1112 4601 1177 4660 post
1198 4587 1409 4644 correctionem
1433 4589 1548 4644 veroin
1568 4589 1653 4648 XXI.
1668 4589 1795 4664 ejusdem
1812 4592 1926 4648 mensis.
1949 4589 2006 4648 Se-

559 4669 682 4740 cunda,
700 4669 774 4738 qaod
789 4666 967 4742 Sepulvedae
987 4679 1115 4724 mentem
1130 4683 1188 4722 non
1209 4665 1327 4723 omnino
1345 4665 1460 4722 videtur
1475 4684 1645 4740 assecutus,
1668 4685 1758 4740 neque
1775 4671 1918 4726 rationem
1934 4673 2005 4728 anni

557 4747 738 4806 emendandi
754 4748 833 4804 abeo
848 4749 1023 4821 propositam
1036 4767 1047 4822 3
1069 4745 1241 4821 nonenim,
1256 4746 1495 4818 quemadmodum
1515 4749 1566 4806 ille
1584 4759 1691 4826 putat,
1708 4749 1768 4805 dies
1788 4761 1903 4809 tantum
1919 4763 2005 4809 erant

555 4827 852 4900 interserendi,quia
869 4843 922 4888 suo
935 4829 1001 4890 loco
1019 4826 1192 4886 deerrabant
1203 4866 1215 4905 ,
1241 4827 1291 4887 sed
1311 4826 1402 4887 etiam
1422 4829 1533 4902 aquuot
1552 4827 1734 4907 expungeudi
1754 4867 1766 4906 ,
1787 4845 1838 4890 ceu
1862 4847 1880 4890 a
1899 4843 2001 4894 nostro

552 4911 614 4970 late
626 4909 794 4986 explicatur.
1764 4905 1776 4936 ·’
1900 4947 1904 4954 -
1933 4924 1953 4936 ‘⁴
