4294 5984
574 473 818 556 CAROLI
862 477 914 554 V.
962 477 1076 554 LIB.
1110 479 1199 558 111.
1319 537 1322 540 -
1517 469 1571 554 8'1

156 629 335 732 viomm
372 630 698 774 postulatomm
732 671 935 753 summa,
972 669 1022 733 ut
1050 635 1232 736 Carolus
1269 631 1486 741 veteribus
1522 653 1616 746 maa

157 811 386 878 remorum
422 802 608 878 avorum
634 774 807 876 tributis
837 812 881 876 et
913 774 1201 919 vectigalibus
1226 820 1483 906 contentus,
1520 788 1616 888 nul-

154 917 193 1020 la
231 931 448 1061 praeterea
490 920 712 1022 exactione
755 957 955 1061 gravaret
996 922 1232 1031 civitatesr
1276 968 1330 1030 ne
1373 925 1616 1069 praefectu-

153 1101 256 1185 rae,
302 1101 375 1166 ant
419 1063 658 1165 sacerdotia
704 1064 1012 1166 mandarentur
1057 1069 1282 1177 extemis3
1326 1111 1436 1173 neve
1480 1114 1615 1214 pecu-

153 1208 229 1309 nia
266 1249 319 1308 ex
354 1208 568 1349 Hispania
617 1242 940 1348 exportaretur3
977 1243 1019 1308 et
1062 1207 1168 1310 haec
1210 1214 1363 1314 omnia
1406 1219 1616 1319 sanctississ.

152 1352 240 1452 mis
275 1349 445 1494 legibus
482 1350 776 1454 sancirentur.
816 1361 945 1466 Quae
981 1388 1128 1456 tamen
1163 1354 1340 1457 Inechus
1377 1400 1457 1460 nec
1492 1403 1616 1502 prae*

151 1531 264 1599 state
301 1503 473 1637 potuit,
508 1536 587 1596 nec
624 1493 720 1592 ullis
758 1491 955 1634 precibus
987 1497 1251 1638 impetrate,
1287 1500 1401 1644 leges
1439 1547 1506 1607 eas
1527 1520 1615 1608 Ca⁴

153 1639 253 1739 tolo
295 1676 346 1740 ut
390 1639 601 1779 iniquas,
638 1677 719 1738 nec
761 1678 859 1737 suae
895 1639 1102 1780 dignitati
1144 1647 1484 1770 convenientes,
1519 1671 1633 1790 per-'

152 1782 349 1886 tinaciter
388 1819 645 1924 respuenter
687 1782 842 1882 annuit
881 1786 1028 1884 tamen
1072 1787 1126 1886 de
1168 1787 1448 1893 immunitate
1493 1833 1614 1897 mer-

155 1965 305 2050 catus,
342 1929 469 2072 quod
505 1963 592 2028 erat
626 1965 766 2029 unum
802 1968 854 2025 ex
890 1929 1176 2068 Burgensium
1211 1933 1459 2072 postulatis.

225 2085 324 2174 XII.
397 2083 462 2172 Ex
487 2068 636 2212 Burgis
671 2069 979 2170 Comestabilis
1015 2079 1195 2172 Petrum
1230 2084 1534 2202 Fernandum,
1571 2079 1613 2186 fi·

153 2211 269 2316 lium
315 2253 422 2315 natu
459 2213 727 2328 maximum,
761 2212 856 2312 Fari
890 2213 1141 2333 Comitem,
1176 2219 1232 2314 ad
1268 2261 1403 2360 quem
1440 2227 1622 2328 summa

152 2356 328 2500 imperii
357 2357 546 2499 bellique
582 2357 763 2499 gerendi
797 2395 1027 2499 procerum
1045 2358 1279 2461 ‘voluntate
1315 2401 1359 2464 et
1395 2369 1615 2506 approba·-

150 2501 280 2604 tione
316 2501 457 2624 delata
490 2538 611 2619 erat,
648 2537 818 2601 coactas
854 2542 1006 2603 nranus
1042 2504 1090 2604 in
1131 2542 1272 2604 unum
1313 2506 1463 2609 locum
1504 2549 1614 2610 con<

152 2641 327 2744 trahere
377 2680 420 2745 et
462 2642 782 2780 Methymnam
823 2646 1063 2768 deducere,
1105 2689 1235 2790 seque
1283 2690 1385 2751 cum
1434 2651 1612 2793 reliquis

153 2785 411 2929 proceribus
428 2800 705 2932 conjungere
740 2787 889 2922 jubet.
919 2801 1023 2925 Ejus
1049 2791 1113 2892 rei
1139 2793 1279 2935 gratia
1306 2803 1456 2894 Petrus
1490 2795 1612 2896 idem

156 2938 314 3070 Meigar
350 2932 600 3075 oppidum,
643 2975 695 3036 ex
736 2934 803 3034 his
845 2975 952 3078 quas
992 2935 1132 3038 nostri
1172 2973 1335 3038 vocant
1378 2943 1613 3061 OEebetrr'as,

154 3075 397 3218 processit3
434 3076 522 3177 huc
567 3079 624 3179 ad
666 3119 769 3180 eum
812 3077 1008 3217 Jacobus
1052 3066 1298 3218 Sarmentus
1338 3081 1612 3204 Salinarum,

153 3221 332 3322 Gareias
367 3224 590 3323 Manricus
626 3223 828 3344 Osomi,
864 3231 1009 3328 Petrus
1046 3224 1180 3326 Velez
1216 3215 1435 3325 Guevara'
1451 3238 1612 3368 Ogna-
1666 3339 1669 3345 ¹

153 3365 228 3488 ti,
264 3364 493 3474 Comites3
530 3367 641 3468 item
683 3363 886 3470 Alfonsus
924 3367 1130 3470 Carrillus
1177 3370 1376 3490 Peralta,
1418 3370 1612 3474 Falcium

151 3505 389 3630 Marchi0,
414 3549 519 3612 cum
543 3507 642 3610 filiis
666 3547 709 3610 et
730 3512 852 3613 bono
875 3548 1181 3616 veteranorum
1209 3515 1404 3614 militum
1434 3513 1612 3614 comita·

149 3687 205 3754 tu
233 3695 286 3753 ex
304 3663 505 3754 Navarra
526 3647 766 3793 profectus,
786 3694 829 3757 et
856 3657 1094 3757 Gomezius
1111 3659 1346 3758 Benavides
1370 3672 1612 3758 Fromestae
1654 3726 1656 3730 -
1691 3781 1693 3784 Ι

152 3798 421 3936 Mariscalis,
458 3835 780 3901 convenerunt.
824 3800 982 3942 Copiis
1018 3801 1179 3902 coactis
1221 3811 1367 3902 Petrus
1408 3798 1611 3900 Velascus

149 3941 469 4074 Methymnam
512 3946 739 4082 contendit
781 3982 913 4086 atque
966 3945 1203 4087 pervenitr
1250 3945 1494 4084 eodemque
1538 3941 1610 4043 die

148 4083 396 4185 Franciscus
420 4089 624 4229 Zugniga
648 4091 874 4192 Mirandae
900 4102 1092 4205 Comes,
1117 4086 1332 4188 Beltranus
1352 4099 1503 4188 Cueva
1522 4100 1611 4187 Du·'

150 4225 217 4326 cis
247 4224 596 4369 Albutquetquii
627 4267 732 4332 natu
767 4233 982 4334 maximus
1013 4229 1157 4349 filius,
1199 4233 1434 4331 Bernardus
1465 4241 1611 4330 Roxas

151 4366 311 4470 Dianii
347 4370 583 4491 Marchio,
616 4413 721 4472 eum
758 4373 991 4474 Ludovico
1028 4371 1148 4493 filio,
1190 4375 1348 4476 eodem
1390 4413 1611 4476 convene-

152 4549 285 4613 runt.
332 4521 465 4614 Erant
505 4553 656 4618 autem
699 4516 886 4658 copiae,
933 4555 1047 4657 quae
1082 4515 1167 4616 huc
1212 4557 1316 4621 cum
1359 4515 1616 4660 proceribus

154 4653 480 4777 confluxerant,
518 4663 718 4801 equitum
754 4661 846 4761 duo
881 4661 1050 4761 circiter
1087 4661 1220 4762 millia
1257 4664 1459 4780 ducenti,
1495 4662 1615 4804 pedi·
1703 4681 1706 4687 ’

155 4831 254 4904 tum
304 4840 376 4902 sex
422 4801 586 4910 millia:
631 4804 911 4953 popularium
958 4805 1198 4923 exercitus,
1245 4806 1448 4948 equitum
1491 4804 1617 4947 misse

228 4946 342 5048 Tam.
362 4951 396 5056 I.
1209 4955 1248 5052 L
1535 4947 1619 5048 du⁴
