4298 5980
484 567 493 576 ,
570 459 822 542 cattoit
865 456 917 540 V.
958 459 1079 542 LIB.
1112 460 1192 542 VI.
1503 473 1584 567 ¹93

169 618 248 725 bus
293 617 534 762 aliquando
576 615 765 722 modum
810 614 1084 755 imponeret,
1118 651 1228 715 neve
1264 611 1465 758 publicae
1502 621 1630 726 Chri-

167 763 412 868 stianorum
448 759 588 901 quieti
632 758 885 876 consulere,
930 759 985 858 ad
1030 798 1274 898 aequasque
1317 761 1432 898 pacis
1470 769 1629 868 condi-

165 909 308 1009 tiones
354 905 611 1008 descendere
657 936 947 1045 gravaretur3
985 900 1032 1001 id
1076 941 1171 1014 non
1211 903 1348 1002 modo
1390 901 1497 1007 boni
1543 949 1629 1048 pu-

164 1050 306 1170 blici,
342 1052 417 1152 sed
451 1043 583 1155 etiam
618 1046 769 1152 Caroli
805 1043 1085 1147 humanitatis
1126 1081 1261 1184 atque
1307 1039 1446 1150 officii
1489 1055 1630 1174 tatio·

164 1235 271 1297 nem
305 1193 555 1338 postulares
591 1193 639 1295 id
674 1190 868 1321 ejusdem
902 1224 1001 1326 tum
1036 1190 1317 1310 commodis,
1354 1223 1451 1294 tum
1493 1196 1629 1304 etiam

164 1333 310 1440 famae
347 1338 489 1439 multo
525 1330 621 1435 fore
658 1334 1062 1434 accommodatius.

236 1491 423 1584 XXVII.
498 1489 592 1578 Has
628 1477 790 1578 litteras
826 1477 1028 1580 Clemens
1063 1473 1295 1580 Balthasari
1331 1479 1599 1586 Castilionto
1608 1561 1628 1606 ,

161 1624 243 1766 qui
279 1624 410 1725 titulo
446 1621 694 1764 Apostolici
728 1622 887 1722 Nuntii
921 1620 1054 1759 ipsius
1098 1622 1215 1761 apud
1256 1624 1467 1724 Carolum
1507 1627 1626 1770 lega·

163 1770 289 1869 tione
324 1763 613 1932 fungebatur,
649 1764 886 1868 reddendas
922 1765 1081 1865 mittit.
1118 1773 1200 1866 Sed
1234 1766 1366 1866 tertio
1402 1805 1518 1908 post¹
1538 1772 1629 1894 die,
1779 1877 1783 1888 ,

161 1949 266 2013 cum
302 1908 506 2012 liberiore
542 1910 719 2027 animo,
747 1947 862 2048 quae
899 1910 1142 2048 scripserat,
1169 1945 1459 2033 retractasset,
1492 1949 1535 2014 et
1554 1910 1626 2038 fal·

161 2095 225 2156 sas
279 2054 605 2156 criminationes
675 2086 718 2153 et
776 2048 1117 2191 querimonias,
1176 2051 1337 2190 quibus
1393 2057 1625 2197 epistolam

158 2198 498 2338 compleverat,
550 2191 817 2336 poenitentia
841 2285 844 2292 .
865 2227 910 2292 et
959 2194 1128 2332 pudore
1175 2196 1329 2294 ductus
1377 2233 1625 2339 temperan-

160 2343 238 2440 das
275 2381 362 2442 esse
400 2337 644 2445 statuissets
686 2337 866 2438 alteram
906 2335 1141 2476 epistolam
1182 2336 1323 2438 mittit
1369 2343 1623 2480 aequiorem

160 2521 209 2582 et
243 2485 584 2584 moderatiorem
610 2481 832 2623 perpaucis
864 2479 1005 2580 verbis
1031 2480 1079 2579 in
1111 2480 1314 2580 eamdem
1339 2485 1618 2608 sententiam,

158 2627 236 2725 sed
271 2625 498 2728 calumniis
535 2669 586 2726 ex
622 2662 743 2769 parte
779 2622 953 2725 sublatis
992 2625 1232 2763 scriptam,
1269 2659 1312 2724 et
1346 2627 1401 2726 ad
1451 2627 1623 2731 Balrha-

158 2806 303 2873 sarem
338 2767 604 2888 conscribit,
640 2804 691 2868 ut
738 2769 933 2908 priorem
974 2767 1094 2868 illam
1136 2767 1400 2908 epistolam,
1437 2769 1473 2868 si
1509 2811 1623 2875 non-

158 2913 272 3012 dum
307 2950 413 3018 esset
449 2913 652 3032 reddita,
687 2912 1015 3052 supprimeret,
1057 2912 1351 3051 mandataque
1395 2913 1519 3014 addit
1564 2915 1620 3018 ad

157 3055 454 3198 querimonias
490 3055 772 3200 pertinentia,
798 3052 956 3196 quibus
986 3054 1273 3196 posteriorem
1309 3054 1619 3196 subsequatur.

234 3207 439 3307 XXVIII.
514 3201 594 3302 Sed
620 3208 712 3332 jam
747 3199 819 3300 illc
855 3199 1020 3338 priores
1054 3199 1218 3300 litteras
1255 3200 1499 3300 reddiderat
1533 3214 1620 3304 Ca·

155 3339 280 3465 tolo,
321 3345 403 3482 qui
437 3381 531 3442 non
564 3337 701 3444 ferens
736 3343 908 3483 iniquas
944 3380 988 3442 et
1023 3341 1196 3444 callidas
1237 3341 1463 3448 Pontificis
1506 3384 1620 3484 que-

155 3485 267 3586 relas
279 3562 293 3606 ‚
331 3522 376 3585 et
411 3485 589 3616 injustas
624 3486 981 3606 criminationes,
1021 3488 1158 3629 longa
1200 3492 1393 3630 quadam
1435 3488 1620 3629 epistola

156 3627 412 3770 singulatim
447 3630 503 3730 ad
538 3625 713 3758 objecta
747 3630 1003 3769 respondits
1039 3633 1114 3732 sed
1149 3641 1271 3765 cujus
1306 3672 1475 3738 summa
1510 3625 1618 3750 fuit,

156 3806 209 3888 ut
243 3771 479 3874 caltunnias
515 3773 732 3891 dilueret,
768 3773 1045 3880 calliditatem
1080 3777 1343 3920 detegeret,
1379 3812 1512 3912 atque
1548 3809 1619 3874 te-

158 3909 353 4023 fellerets
389 3916 567 4036 „Nullo
603 3957 646 4020 se
682 3917 784 4020 loco
821 3915 1041 4027 beneficiis
1069 3918 1346 4022 aClemenre
1383 3912 1511 4017 fuisse
1547 3956 1618 4020 su-

155 4090 403 4192 „peratum
423 4061 578 4167 docet,
604 4061 715 4200 quid
748 4061 827 4162 uid
863 4064 920 4171 ab
954 4061 1030 4166 illo
1066 4063 1114 4165 in
1150 4101 1194 4158 se
1230 4055 1479 4202 profectum
1515 4053 1617 4166 fue-

154 4196 275 4323 „rit‚
307 4199 394 4301 hoc
429 4199 682 4335 hujusmodi
716 4102 871 4323 luisse,
896 4241 947 4304 ut
980 4240 1072 4303 non
1094 4201 1236 4312 minus
1263 4203 1319 4313 ad
1346 4203 1479 4344 ipsius
1510 4203 1616 4306 Cle-

157 4342 363 4468 „mentis
389 4346 650 4465 commoda,
680 4386 818 4486 quam
853 4347 910 4446 ad
945 4381 1039 4446 rem
1076 4385 1199 4454 suam
1236 4347 1452 4488 pertinere
1488 4345 1613 4448 vide·

154 4521 349 4608 „retuts
392 4527 435 4587 se
468 4484 641 4596 foedera
682 4524 838 4592 cuncta
875 4489 1138 4600 sanctissime
1174 4529 1377 4624 servasse,
1414 4489 1615 4633 publicae

159 4626 555 4753 „Christianorum
588 4633 714 4772 paci,
757 4667 799 4733 et
834 4633 1141 4771 tranquillitati
1176 4673 1345 4775 semper
1381 4633 1615 4754 studuisse,

158 4767 361 4888 „bellum
396 4766 665 4919 numquam,
688 4773 785 4873 'nisi
819 4809 1130 4916 provocatum,
1168 4813 1211 4876 et
1246 4779 1303 4874 ad
1337 4775 1514 4907 injurias
1549 4815 1614 4876 re-

234 4913 343 5015 Tum.
358 4925 392 5015 I.
1172 4913 1239 5019 Bb
1523 4915 1616 5060 Pel-
