4292 5984
584 502 636 563 10
985 493 1069 572 DE
1112 489 1311 572 REBUS
1349 487 1572 572 GESTIS

533 689 799 798 argumento
829 648 950 752 urbis
982 649 1213 783 Ulyssiac,
1245 687 1359 790 quae
1396 642 1527 748 fircrit
1565 645 1616 745 in
1648 638 1848 746 Baeticae
1878 679 2008 750 mon·-

532 796 684 919 tibus,
721 837 824 900 curn
853 791 959 897 fano
981 793 1163 895 Palladis
1198 794 1254 896 ab
1290 795 1400 914 illo,
1429 828 1479 893 ut
1505 789 1693 892 creditur
1704 869 1720 912 ,
1758 789 2006 896 aedificata.

472 1067 473 1072 Ν
531 946 684 1044 Fidem
723 981 905 1085 quoquc
941 933 1049 1041 facit
1095 939 1340 1082 Ulyssippo
1373 939 1421 1038 in
1463 936 1689 1038 Lusitania
1736 939 1794 1037 ad
1841 940 2009 1041 ostium

531 1088 649 1230 Tagi
687 1087 878 1190 fluminis
914 1084 970 1188 ab
1010 1084 1171 1186 codem
1204 1085 1450 1187 nominata.
1499 1083 1624 1202 Quin
1661 1079 1797 1183 etiam
1844 1091 2009 1187 Menc-

521 1224 650 1334 laum
693 1235 814 1334 idem
864 1269 1017 1335 auctor
1063 1229 1364 1351 existimavit,
1411 1229 1621 1347 iterum,
1673 1227 1822 1330 relicta
1869 1233 2007 1371 patria

529 1415 630 1522 post
668 1379 833 1484 bellum
872 1387 1156 1511 Troianum,
1185 1376 1233 1476 in
1267 1375 1489 1480 Baeticam
1526 1375 1798 1514 pervenisse,
1835 1410 1880 1475 ct
1912 1376 2007 1478 reli-

531 1563 674 1666 quum
710 1525 860 1627 aetatis
894 1523 1066 1627 ibidem
1104 1521 1354 1666 peregisse,
1402 1557 1581 1620 carmen
1620 1521 1921 1624 Homericum
1961 1562 2006 1624 cr

530 1670 755 1806 Odysseae
794 1707 956 1812 quarto
998 1666 1150 1794 libro,
1199 1704 1243 1769 et
1274 1667 1422 1766 Protei
1457 1665 1720 1768 vaticinium
1764 1665 1825 1769 sic
1864 1669 2002 1772 inter·

529 1849 754 1956 pietatus,
798 1849 849 1915 ut
890 1826 1148 1915 Homerum
1185 1847 1344 1914 asserat
1378 1811 1550 1948 Elysios
1589 1847 1775 1952 campos
1817 1849 1862 1914 et
1902 1811 2005 1915 bea·

472 2061 474 2064 ,
531 1993 684 2060 torum
725 1961 843 2061 sedes
885 1959 935 2060 in
970 1959 1145 2061 Baetica
1190 1950 1322 2057 fuisse
1369 1993 1548 2098 propter
1593 1955 1789 2100 regionis
1836 1991 2006 2099 tempe-

530 2102 644 2204 riem
680 2140 724 2205 et
765 2099 1043 2206 felicitatem.
1079 2102 1204 2204 Idem
1230 2111 1425 2204 Laconas
1455 2095 1587 2203 refert
1622 2102 1671 2203 in
1716 2100 2006 2206 Cantabriam

530 2285 811 2386 penetrasse,
850 2284 892 2346 et
934 2280 1104 2388 partem
1155 2254 1247 2382 ejus
1289 2243 1568 2365 incoluisse,
1623 2252 1853 2383 Opistellam
1898 2289 2003 2352 vcro

530 2390 794 2492 Cantabriae
828 2391 1050 2531 oppidum
1087 2388 1144 2488 ab
1171 2389 1421 2528 Opiscella‚
1459 2391 1698 2492 Antenoris
1733 2395 1922 2526 Trojani
1967 2431 2005 2494 et

420 2663 422 2670 ἲ
528 2532 725 2635 filiorum
759 2533 913 2652 soci0,
944 2531 1173 2636 conditam
1208 2568 1253 2634 et
1290 2571 1615 2679 nuncupatam.
1649 2541 1828 2678 Trogus
1865 2545 2002 2636 Pom·

528 2688 652 2819 pejus
667 2686 895 2780 Teucrum
928 2714 1175 2793 memorat,
1205 2717 1311 2780 cunr
1335 2679 1500 2783 invisus
1531 2680 1642 2823 patri
1680 2716 1862 2821 propter
1892 2716 2005 2818 mor·¹
2139 2789 2140 2824 ,

530 2858 623 2925 tem
662 2824 812 2958 Ajacis
848 2817 992 2924 fratris
1030 2827 1079 2925 in
1116 2825 1306 2966 patriam
1336 2863 1431 2928 non
1465 2821 1616 2928 fuisset
1653 2861 1891 2966 receptus,
1921 2824 2006 2926 Hi-
2139 2825 2140 2830 ‘

528 2967 704 3107 spaniae
742 2965 965 3070 littoribus
993 2970 1254 3112 appulsum,
1291 3012 1391 3074 earn
1436 3007 1609 3113 partem
1646 2972 1841 3111 primum
1875 3008 2004 3070 occu·

528 3150 671 3252 passe,
700 3111 780 3214 ubi
814 3150 876 3216 cst
895 3114 1120 3261 Carthago
1148 3155 1292 3238 nova,
1322 3116 1483 3218 deinde
1521 3117 1571 3217 in
1599 3115 1864 3217 Gallaeciam
1897 3151 2004 3254 pro-

526 3293 722 3398 gressum
761 3255 931 3362 ibidem
977 3299 1296 3403 perseverasse.
1344 3261 1486 3365 Addit
1531 3257 1721 3380 Strabo,
1765 3258 2004 3404 quamdam

526 3400 768 3503 Gallaeciae
797 3405 1025 3508 civitatem
1063 3417 1254 3509 Graecos
1288 3404 1419 3508 luisse
1456 3442 1789 3547 nuncupatam,
1825 3405 2004 3507 alteram

524 3550 800 3683 Amphilochos,
840 3547 897 3652 ab
945 3550 1248 3696 Amphilocho
1305 3553 1470 3656 Teucri
1525 3552 1648 3654 socio
1701 3550 2005 3652 nominatam.
2138 3551 2139 3570 ³

525 3696 703 3794 Marcus
732 3705 878 3796 Varro
914 3706 1100 3819 Iberos,
1138 3708 1309 3816 Persas,
1338 3699 1606 3820 Phoenices,
1642 3697 1788 3798 Celtas
1818 3734 1862 3796 et
1890 3703 2003 3797 Poc-

524 3871 604 3939 nos
646 3838 694 3938 in
733 3841 983 3944 universam
1018 3843 1285 3988 Hispaniam
1324 3845 1570 3988 pervenisse
1605 3841 1763 3944 tradit.

610 3991 736 4084 XIV.
826 4001 1039 4092 Ceterum
1080 3989 1195 4091 nihil
1236 3992 1378 4134 magis
1428 4027 1597 4094 constat
1634 3989 1750 4090 inter
1785 4021 2001 4104 auctores,

523 4162 663 4265 quam
699 4130 862 4264 Tyrios
896 4136 1007 4238 olim
1043 4137 1185 4238 Gades
1222 4137 1409 4238 insulam
1445 4134 1725 4254 obtinuisse,
1770 4165 1813 4231 ct
1846 4132 1998 4234 urbem

524 4271 802 4396 condidisse,
824 4281 1092 4424 eosdemque
1120 4324 1145 4384 a
1175 4281 1375 4386 finitimis
1404 4283 1646 4426 Hispaniae
1680 4273 1890 4420 populis,
1926 4313 2001 4373 su·-

525 4452 670 4555 spccta
693 4416 958 4527 habentibus
988 4467 1131 4530 novae
1153 4429 1272 4531 urbis
1293 4429 1597 4547 incrementa,
1625 4423 1745 4526 bello
1766 4415 1996 4535 lacessitos,

522 4561 739 4664 auxilium
779 4567 1030 4708 impetrasse
1065 4613 1090 4670 a
1129 4569 1571 4712 Carthaginensibus.
1613 4569 1701 4670 His
1735 4573 1856 4666 enim
1897 4598 1999 4662 cum

525 4704 754 4809 Gaditanis
789 4747 881 4811 erat
917 4713 1048 4856 origo
1082 4755 1134 4816 ex
1164 4711 1274 4816 urbe
1310 4723 1438 4853 Tyro
1478 4713 1754 4831 communis,
1797 4707 1997 4850 quinon

523 4853 725 4956 contenti
773 4857 982 4994 injuriam
1024 4859 1229 5004 repulisse
1274 4903 1300 4964 a
1349 4857 1686 5005 consanguineis
1728 4851 1998 4967 Gaditanis,

1906 4997 1992 5099 bo-
