4326 5986
575 431 665 528 412
983 425 1070 510 DE
1112 423 1319 510 RE‘BUS
1359 422 1585 513 GESTIS

531 590 755 730 legionarios
799 584 943 689 voluit
990 584 1237 727 appellari,
1271 621 1314 689 et
1363 587 1614 727 equitatum
1657 583 1891 722 adjunxit3
1924 585 1980 694 ita*

532 731 761 838 confectus
796 767 860 832 est
895 732 1103 832 exercitus
1139 729 1331 834 millium
1366 729 1535 832 circiter
1564 730 1771 874 triginta.
1809 732 1896 832 His
1911 775 1975 836 to‹

538 881 622 1024 piis
659 879 897 980 Almiralr'um
925 914 1088 1010 suum,
1128 873 1190 975 sic
1225 874 1347 976 enim
1382 875 1552 976 Gallico
1588 877 1769 978 nomine
1805 876 1975 999 dicitur,
2123 887 2124 896 '

538 1057 676 1166 quem
711 1019 851 1120 nostri
886 1023 1142 1122 Almirantum
1176 1054 1369 1140 vocant,
1408 1017 1690 1160 praeposuit,
1726 1055 1772 1119 et
1801 1023 1981 1122 cumeis

540 1166 589 1269 in
624 1160 890 1306 Allobroges
927 1198 971 1263 et
1007 1172 1098 1295 ejus
1135 1161 1364 1305 regionis,
1393 1201 1528 1304 quam
1568 1201 1686 1264 nunc
1729 1160 1983 1266 sabaudiam

539 1311 722 1428 dicunt,
758 1305 862 1408 fines
899 1345 975 1448 per
1011 1306 1197 1448 speciem
1234 1315 1333 1439 jus,
1371 1307 1498 1447 quod
1531 1305 1581 1404 in
1615 1302 1874 1407 Sabaudiam
1905 1345 1982 1408 sest
2124 1423 2125 1446 ,

539 1452 698 1557 habere
733 1447 1042 1592 praedicabat,
1078 1449 1364 1590 persequendi
1398 1486 1632 1590 properare
1667 1444 1820 1579 jubet,
1839 1485 1884 1550 et
1905 1462 1983 1550 Ca-

538 1596 683 1701 rolum
720 1595 905 1736 quidem
939 1591 1175 1694 Sabaudiac
1210 1602 1384 1694 Ducem
1420 1592 1621 1693 insectari
1657 1589 1802 1702 bellot
1825 1595 1899 1693 sed
1931 1592 1982 1694 ab

539 1737 817 1858 Insubribus,
838 1772 881 1837 et
901 1775 1205 1878 quaecumque
1241 1735 1393 1836 civitas
1420 1737 1583 1838 Carolo
1618 1735 1792 1838 Caesari
1810 1771 1984 1877 pareret,

541 1883 776 2023 diligenter
810 1881 1053 1986 abstineret
1087 1876 1174 1978 hoc
1195 1877 1396 1981 videlicet
1421 1876 1640 1999 consilio,
1659 1917 1717 1978 ne
1744 1878 1879 2020 palam
1902 1893 1985 1981 Ca-

541 2027 688 2128 tolum
729 2036 961 2127 Caesarem
1003 2020 1121 2123 bello
1168 2057 1318 2123 contra
1358 2019 1534 2123 foedera
1581 2021 1781 2123 lacessere
1819 2022 1985 2122 videre-

545 2204 616 2270 tur
628 2244 645 2288 ,
675 2206 786 2268 neve
821 2205 958 2308 quem
994 2163 1193 2307 precibus
1229 2199 1273 2264 et
1306 2164 1559 2267 muneribus
1600 2165 1783 2307 aggredi
1822 2165 1988 2307 cogita·

543 2309 661 2432 bat,¹
678 2323 768 2445 ejus
804 2310 1005 2410 animum
1040 2345 1187 2450 aperta
1221 2309 1487 2410 contumelia
1522 2308 1798 2411 incenderet.

614 2465 692 2558 IV.
770 2453 857 2554 His
899 2451 1027 2555 rebus
1067 2450 1258 2594 cognitis
1299 2451 1481 2554 Carolus
1523 2463 1680 2552 Caesar
1720 2450 1988 2555 vehementer

545 2635 609 2700 cst
646 2635 728 2739 pro
764 2596 824 2696 rei
859 2594 1166 2738 magnitudine
1200 2630 1481 2706 commotus;
1515 2634 1609 2696 non
1625 2696 1631 2730 s
1645 2596 1769 2737 quod
1804 2597 1888 2696 suis
1919 2632 1983 2694 re-

545 2741 627 2846 bus
663 2776 933 2882 magnopere
968 2740 1256 2839 metuendum
1294 2772 1463 2881 putaret
1506 2739 1563 2842 ab
1598 2736 1688 2858 do,
1726 2777 1866 2880 quem
1908 2774 1989 2838 tarn

546 2924 671 3028 saepe
704 2883 960 3002 devicisset,
1001 2881 1328 3022 sedquoniam
1374 2882 1544 3004 Gallico
1579 2878 1698 2982 bello
1737 2883 1991 3026 impenden-

543 3063 621 3150 te,
653 3066 817 3170 magno
851 3063 955 3126 curn
988 3023 1145 3125 dolore
1180 3023 1475 3166 prospiciebat
1509 3024 1717 3168 impediri
1739 3063 1867 3167 posse
1897 3065 1991 3128 con-

546 3171 642 3273 silia
676 3211 752 3270 sua
788 3169 977 3310 piosque
1011 3203 1190 3270 conatus
1225 3208 1319 3270 non
1362 3169 1505 3270 solum
1541 3171 1597 3271 de
1638 3170 1848 3272 Concilio
1890 3208 1989 3270 con-

547 3314 785 3428 vocando,
822 3315 896 3413 scd
926 3312 1059 3412 ctiam
1094 3311 1150 3412 de
1180 3309 1299 3412 bello
1325 3312 1537 3414 Saracenis
1566 3308 1826 3415 inferendo.
1865 3313 1993 3453 Quip

547 3497 603 3601 pe
637 3457 815 3560 ineunte
851 3493 974 3575 vere,
1011 3455 1140 3555 classe
1162 3465 1467 3598 comparata,
1501 3456 1738 3559 exercitum
1773 3459 1822 3560 in
1865 3468 1997 3560 Mau-

545 3601 749 3702 ritaniam
791 3598 986 3730 trajicere
1025 3598 1313 3701 constituerat
1353 3601 1411 3701 ad
1453 3601 1804 3745 oppugnandum
1851 3609 1999 3744 Arge·

545 3744 687 3865 liam,
724 3740 966 3846 Charadini
1016 3743 1197 3864 sedem,
1240 3745 1602 3886 praedonumque
1648 3740 1911 3890 perfugium
1960 3779 2000 3846 et

547 3884 900 4029 receptaculum3
935 3885 1092 3987 deinde
1129 3888 1183 3986 ad
1218 3885 1436 4028 reliquam
1461 3889 1719 3992 Povinciam
1745 3928 1790 3991 et
1817 3928 2005 3992 omnem

547 4024 724 4134 Africae
758 4028 1029 4132 maritimam
1064 4067 1188 4131 oram
1233 4030 1566 4153 debellandam,
1607 4068 1657 4134 ut
1698 4031 2005 4138 Christianum

548 4172 705 4275 orbem
746 4213 773 4273 a
812 4173 1045 4314 repentinis
1085 4170 1311 4275 navalibus
1352 4174 1670 4281 incursionibus
1720 4177 2006 4321 piraticisque

546 4318 744 4418 redderet
779 4317 1014 4435 tutiorem,
1052 4315 1299 4459 exagitante
1344 4328 1437 4452 ejus
1482 4320 1682 4424 animum
1729 4322 2005 4424 miserandae

549 4455 804 4560 calamitatis
839 4458 1178 4580 recordatione,
1217 4501 1354 4603 quam
1395 4472 1476 4564 Ma
1508 4464 1744 4568 onensibus
1787 4461 2003 4568 Charadi-

551 4642 632 4703 nus
668 4603 812 4744 paucis
846 4603 929 4704 illis
965 4601 1114 4704 diebus
1150 4603 1397 4708 invexerat.
1434 4503 1705 4721 Cbaradinus
1740 4609 1863 4710 enim
1898 4643 2002 4706 cum

476 4737 479 4742 ¹
552 4748 609 4852 ad
628 4767 637 4799 ·’
651 4750 903 4852 Tunentem
950 4742 1050 4854 fuso
1091 4749 1297 4894 'exercitu
1331 4783 1549 4896 superatus
1596 4754 1854 4900 Hipponem
1889 4760 2004 4912 §ne-

1858 4933 2002 5038 grum,
