4292 5984
556 464 584 554 6
849 481 950 560 ora
1009 442 1623 572 nauuseusrr's

502 645 643 744 Putria
688 681 713 741 a
747 639 1012 780 quibusdam
1040 632 1173 737 fuisse
1209 674 1416 776 putatur,
1461 672 1504 738 et
1536 639 1763 762 Methymna
1798 669 1977 780 cogno-

500 820 653 887 mento
693 787 920 910 Rittisicci,
964 779 1113 882 nobile
1147 783 1434 922 emporium,
1470 820 1573 882 cum
1606 815 1701 879 tota
1738 778 1811 879 illa
1842 794 1977 883 Cam

501 930 633 1071 pestri
670 928 886 1069 regione,
918 966 1056 1066 quam
1087 926 1227 1025 nostri
1255 933 1406 1061 Campos
1434 968 1486 1026 ex
1517 955 1780 1068 argumento
1812 924 1978 1027 scilicet

501 1073 756 1215 appellant,
784 1065 1091 1195 &amandam
1126 1106 1169 1169 et
1203 1070 1464 1189 Tarrillae,
1453 1108 1561 1172 rtem
1592 1069 1780 1186 Taurus,
1812 1104 1860 1168 et
1892 1072 1978 1173 Za

501 1256 632 1337 mora,
670 1255 782 1360 quae
816 1218 994 1315 Salabris
1031 1215 1164 1333 olim,
1194 1248 1237 1313 et
1262 1221 1417 1314 Sentica
1448 1209 1577 1315 fuisse
1606 1213 1835 1313 videntur.
1855 1219 1977 1314 Prae

502 1397 617 1462 terea
641 1371 894 1461 Vettonum
925 1399 1059 1502 gens,
1088 1398 1201 1499 quae
1224 1362 1484 1475 Salmantica,
1518 1393 1570 1457 ut
1603 1397 1728 1500 supra
1764 1356 1974 1478 diximus,

502 1541 544 1608 et
578 1509 728 1625 mila
770 1543 882 1644 quae
923 1504 1173 1604 Ptolemaeo
1207 1538 1269 1603 est
1308 1501 1520 1621 Obila,
1509 1538 1620 1604 rtem
1644 1505 1892 1620 Placentia,
1936 1537 1978 1602 et

501 1657 707 1769 Caurium,
743 1683 786 1747 et
808 1651 986 1774 ‘Rudanas'
1015 1651 1192 1765 Ciuitas,
1222 1645 1333 1747 olim
1364 1649 1580 1785 lsarobriga
1614 1645 1769 1764 dicta,
1803 1680 1850 1745 et
1888 1655 1976 1746 Le-
2008 1745 2013 1754 ,

501 1799 665 1912 desma,
701 1833 813 1954 quae
845 1793 954 1890 olim
984 1795 1156 1891 OEletissa
1184 1785 1337 1893 fuisse
1349 1791 1545 1912 videtur,
1583 1825 1627 1892 et
1656 1789 1852 1954 proximi
1893 1830 1975 1933 po<

500 1939 596 2101 puli
625 1936 939 2054 continentur,
977 1975 1027 2036 ac
1057 1935 1204 2036 omnis
1245 1977 1295 2038 ea
1341 1937 1490 2079 portio
1533 1935 1823 2054 Lusitaniae,
1862 1975 1973 2076 quae

504 2082 662 2182 dicitur
696 2084 1021 2200 Extremadura,
1061 2121 1203 2222 usque
1239 2082 1294 2182 ad
1323 2081 1512 2184 fluvium
1553 2090 1750 2215 Cajam
1743 2115 1860 2180 mter
1893 2088 1976 2180 Pa

502 2265 600 2328 cem
638 2231 932 2367 Augustam,
970 2262 1013 2326 et
1048 2231 1175 2328 Eluas
1219 2227 1472 2367 oppidum,
1516 2225 1642 2327 hoc
1652 2224 1772 2328 enim
1810 2223 1975 2326 flumen

502 2411 552 2472 ea
588 2405 711 2508 parte
744 2370 1073 2511 Portugallram
1093 2411 1116 2467 a
1152 2371 1337 2470 Castella
1374 2371 1662 2472 disterminat.

572 2524 687 2616 VIII.
763 2516 836 2611 Ad
867 2513 974 2610 haec
1017 2524 1227 2652 Regnum
1257 2513 1497 2655 Legionis,
1536 2555 1627 2655 quo
1669 2512 1862 2653 pertinet
1899 2523 1973 2613 Aa*

504 2668 628 2775 turia,
658 2668 870 2795 Regnum
897 2654 1153 2774 Callaeciae,
1186 2667 1398 2819 Regnum
1420 2659 1584 2761 Toleti.
1622 2659 1836 2759 Castellae
1866 2697 1974 2801 quo·

506 2841 637 2941 que,
683 2739 933 2899 contributa
965 2834 1027 2898 est
1068 2836 1163 2899 tota
1195 2801 1399 2923 Baetica,
1439 2843 1550 2944 quae
1600 2842 1718 2903 nunc
1759 2805 1973 2904 Audalatt'a
2102 2893 2105 2904 .

505 2943 740 3062 dicitur,
730 2980 778 3044 m
810 2954 967 3086 Regna
1007 2981 1200 3084 quatuor
1239 2946 1407 3067 divisa,
1450 2947 1769 3066 Cordubense,
1806 2948 1982 3088 Hispa·

506 3089 655 3206 lense,
683 3097 981 3206 Granatense,
1021 3089 1146 3239 quod
1183 3091 1370 3230 pertinet
1399 3092 1455 3191 ad
1489 3130 1609 3191 mare
1636 3093 1902 3208 internum,
1930 3122 1972 3188 et
2076 3111 2077 3114 ‘

506 3234 759 3352 Gienense,
795 3234 919 3373 quod
951 3230 1064 3333 olim
1106 3235 1352 3336 Mentesani
1387 3232 1605 3336 tenebant.
1648 3234 1814 3366 Biscaja
1864 3273 1977 3376 quo·

443 3509 445 3518 ,
507 3417 620 3518 que,
650 3415 752 3518 pars
773 3377 1039 3480 Cantabriae
1068 3379 1124 3478 ad
1142 3389 1373 3478 Oceanum
1404 3415 1448 3478 et
1487 3387 1764 3540 Pyrenaeum
1797 3378 1976 3494 Saltum,

511 3554 726 3661 praeterea
759 3521 985 3665 Carthago
1018 3562 1160 3642 nova,
1191 3559 1234 3623 et
1272 3561 1386 3662 quae
1426 3522 1540 3622 olim
1570 3520 1783 3662 Spartaria
1811 3558 1857 3620 et
1879 3533 1978 3621 Ore

511 3665 633 3764 rania
669 3663 930 3788 dicebatur,
960 3707 1075 3767 nunc
1106 3665 1224 3768 bona
1249 3705 1449 3809 exparte
1478 3666 1730 3810 Aragoniae
1762 3663 1979 3782 marchia,

512 3809 725 3911 Castellae
765 3848 908 3951 partes
948 3847 1059 3912 sunt.

584 3963 662 4054 IX.
751 3956 977 4099 Aragonia
1012 3993 1119 4056 vero
1156 3955 1202 4056 in
1243 3992 1325 4057 tres
1365 3955 1646 4100 potissimum
1681 3992 1824 4097 partes
1862 3923 1980 4053 divi

507 4096 669 4196 ditur:
718 4137 904 4238 quarum
949 4141 1064 4242 quae
1114 4101 1227 4202 mari
1266 4103 1440 4205 interno
1486 4112 1802 4262 Pyrenaeoque
1843 4093 1976 4200 Saltui

509 4242 707 4381 exposita
739 4279 834 4364 est,
882 4246 1111 4349 Catalonia
1147 4247 1439 4368 nominatur,
1476 4284 1521 4348 et
1554 4246 1786 4347 Barcineus
1821 4236 1974 4343 Comi

513 4421 653 4506 tatus,
688 4389 867 4489 etitem
903 4391 1155 4492 Comitatus
1190 4393 1461 4496 Ruscinonis
1493 4392 1541 4492 in
1579 4391 1677 4552 ipso
1710 4387 1827 4490 Saltu
1850 4395 1979 4518 Pyre

512 4570 650 4652 nae0‚
686 4531 911 4674 ultraque3
944 4574 1050 4634 nam
1083 4536 1285 4633 Valentia
1300 4573 1460 4674 ,quae
1490 4535 1641 4675 Regni
1673 4533 1856 4632 nomine
1880 4562 1979 4625 cen·

512 4712 657 4794 secur,
692 4713 814 4776 vetus
851 4679 1008 4778 retinet
1047 4614 1335 4777 vocabuluni
1378 4677 1531 4778 Tertia
1565 4715 1609 4777 et
1650 4677 1850 4816 princeps
1883 4702 1980 4812 por-

513 4820 579 4920 tio
619 4853 714 4939 est,
754 4863 868 4963 quae
900 4862 1068 4925 nomen
1100 4820 1183 4925 sibi
1222 4820 1419 4925 vindicat
1462 4822 1596 4924 totius
1635 4820 1817 4960 Regni,
1867 4821 1977 4916 Ara·

1899 4989 1982 5096 ἕο·
