4368 5984
694 417 815 495 VITA
846 424 914 494 ET
945 421 1160 494 SCRIPTA·
1504 427 1629 499 XXXI.

281 558 429 648 Prodiit
462 555 539 642 fida
568 553 662 640 haec
690 575 807 666 atque
844 549 996 668 elegans
1029 549 1286 665 interpretatio
1326 547 1397 634 hac
1434 552 1649 670 epigraphe:

191 686 362 791 Dialogu
378 680 535 762 iiumado
566 676 817 756 Democrates
847 685 1055 781 compuetto
1067 687 1141 778 por
1168 676 1205 752 el
1229 674 1360 754 cruor
1375 667 1479 786 Juau
1504 679 1549 756 de
1573 675 1649 759 Se-

183 805 391 914 pqueda‚
421 801 589 906 capellan
617 826 645 900 y
676 798 862 875 corouista
889 793 934 873 de
963 816 1008 872 su
1043 789 1088 872 S.
1105 789 1149 872 C.
1167 789 1208 872 C.
1230 790 1292 870 M.
1321 793 1381 870 del
1396 793 1646 900 Eurperador:

188 945 313 1031 agata
329 929 567 1001 uueuameate
586 920 781 1020 impresso.
805 908 881 992 Cou
902 914 1116 1017 previlegio
1138 912 1322 1016 imperial.
1346 907 1577 998 MDXLl.
1604 934 1648 1022 4.

188 1045 235 1125 ln
252 1037 328 1124 fine
341 1037 496 1154 legitur:
518 1035 626 1138 Aqui
641 1025 801 1126 haceflu
817 1033 855 1109 ei
863 1041 1038 1136 presente
1054 1029 1218 1135 Dialogo
1230 1028 1428 1112 intitulado
1443 1029 1649 1117 Democra.

192 1175 274 1242 tes.
306 1159 363 1238 El
377 1148 548 1261 quaifue'
573 1157 716 1257 vistoy
742 1149 960 1229 examinacio
986 1161 1061 1262 por
1090 1150 1145 1228 los
1169 1149 1393 1228 reuerendos
1416 1151 1561 1256 parites
1577 1151 1647 1237 Fr.

190 1279 347 1359 Martia
378 1278 423 1355 de
442 1272 627 1352 Ledesma
657 1274 807 1374 soprior
838 1268 883 1347 de
913 1263 1012 1346 Saat
1041 1265 1157 1351 Pabio
1185 1268 1230 1346 de
1246 1265 1491 1372 Valladolid‚
1517 1298 1546 1380 p
1579 1272 1650 1356 Fr.

190 1395 365 1479 Damion
380 1395 426 1474 de
442 1387 616 1470 Temiio.
646 1386 731 1466 Fue'
745 1392 926 1492 impresso
942 1409 986 1465 ea
1003 1390 1041 1466 lu
1057 1409 1142 1492 may
1161 1385 1262 1466 noble
1277 1411 1298 1465 e
1315 1409 1399 1492 muy
1420 1390 1494 1468 leui
1506 1393 1649 1472 ciudad

191 1518 238 1595 de
257 1514 426 1596 Seuilla:
445 1534 489 1592 eu
504 1531 595 1590 cusa
611 1508 656 1586 de
668 1501 774 1615 Juau
792 1502 1039 1611 Cromberger
1056 1500 1203 1606 dificuto
1227 1527 1295 1608 que
1314 1503 1415 1585 Dios
1438 1529 1525 1614 ayo.
1542 1509 1648 1590 Aca-

194 1630 318 1714 bo'sea
343 1642 526 1740 veyacep
552 1625 640 1708 ocho
670 1627 756 1703 dius
782 1623 843 1702 dei
866 1647 942 1704 mes
974 1623 1019 1703 de
1043 1619 1160 1731 Mayo
1186 1625 1232 1704 de
1254 1627 1322 1703 mil
1331 1647 1359 1731 y
1388 1631 1594 1726 quiuientos
1619 1653 1649 1737 y

194 1765 426 1858 quarentay
456 1770 504 1829 uu
531 1745 634 1827 arias.
666 1739 840 1854 Sequitur
866 1737 1163 1855 diligentissimus
1192 1739 1305 1825 index
1346 1766 1471 1826 rerum
1503 1745 1648 1858 praeci-

191 1897 386 1984 puarum,
413 1863 577 1981 quaein
607 1860 682 1944 hoc
698 1859 851 1976 dialogo
883 1858 1140 1944 continentur.
1177 1941 1180 1946 .

278 1991 418 2073 Annus
455 1976 581 2092 1536.
600 1975 741 2064 faustus
774 1977 1075 2096 gratissimusque
1093 2002 1226 2064 nostro
1250 1976 1391 2083 illuxit,
1419 2007 1467 2065 eo
1484 2006 1650 2098 namque

188 2104 320 2190 Caroli
348 2099 516 2186 Caesaris
545 2101 656 2185 rebus
677 2097 793 2300 gestis
823 2096 1026 2182 scribundis
1055 2123 1111 2184 est
1125 2097 1353 2201 destinatus,
1379 2123 1419 2182 et
1453 2101 1564 2215 quod
1582 2103 1649 2189 sibi

186 2221 366 2310 omnium
384 2219 541 2306 marinae
562 2217 676 2330 jucun
705 2247 769 2301 um
792 2240 940 2330 poterat
954 2215 1143 2322 accidere,
1160 2217 1199 2300 in
1212 2215 1433 2331 Hispaniam
1450 2246 1536 2334 post
1549 2219 1649 2309 duos

191 2367 232 2427 et
264 2339 400 2458 viginti
426 2365 572 2444 annos,
601 2366 648 2422 ex
677 2363 759 2450 quo
776 2335 862 2419 hinc
880 2329 1050 2420 abfuerat
1075 2398 1088 2439 ,
1117 2359 1316 2449 tamquam
1350 2333 1401 2419 ad
1420 2338 1644 2426 tutissimum

191 2483 352 2574 portum
378 2453 578 2572 confugit.
611 2461 711 2541 Rem
741 2453 818 2568 ipse
843 2481 991 2540 enarrat
1019 2452 1174 2567 epistola
1188 2453 1240 2538 ad
1268 2454 1434 2567 superius
1451 2454 1649 2546 laudatum

187 2577 252 2690 Jo.
277 2577 420 2663 Matth.
438 2576 671 2677 Gibertum,
694 2572 908 2660 Antistitem
918 2575 1208 2677 Veronensem,
1228 2570 1404 2658 Bononia
1437 2577 1648 2663 transmissa

187 2699 239 2781 X.
257 2695 345 2781 Kal.
362 2694 477 2807 Julias
503 2693 591 2776 anni
624 2719 671 2800 15
683 2687 748 2799 36.
772 2708 786 2748 ¹
806 2692 942 2795 Scito,
974 2691 1126 2806 inquit,
1159 2717 1215 2776 me
1246 2707 1284 2774 et
1314 2697 1429 2799 prius
1462 2697 1647 2780 absentem

189 2841 235 2898 ac
259 2817 355 2896 nihii
368 2819 444 2895 tale
470 2819 693 2919 cogitantem
714 2817 755 2892 ia
771 2811 894 2892 album
919 2809 1048 2893 Caroli
1065 2809 1248 2893 Caesaris
1270 2814 1551 2897 domesticorum
1566 2841 1648 2900 esse

186 2939 372 3017 relatam:
396 2947 433 3014 et
456 2937 642 3038 cumipse
667 2927 822 3011 Romam
836 2934 1017 3038 peruenit
1034 2925 1048 3040 (
1063 2956 1202 3042 nempe
1218 2929 1303 3012 Vll.
1317 2927 1405 3013 Idus
1417 2932 1560 3046 Apriles
1577 2933 1590 3046 )
1609 2951 1650 3019 ut

190 3077 231 3134 se
245 3075 447 3158 sequerer,
478 3050 528 3131 ab
544 3045 805 3151 eodemfuisse
825 3050 974 3156 jussum
991 3107 1004 3152 ,
1022 3049 1108 3132 dato
1132 3054 1304 3156 negotio,
1321 3061 1362 3128 ut
1385 3075 1449 3132 res
1480 3053 1530 3134 ab
1562 3059 1646 3160 ipso

189 3177 381 3280 ipsiusque
409 3173 597 3278 auspiciis
615 3181 748 3277 gestas
771 3167 1070 3270 conscriberem
1097 3191 1164 3251 uec
1192 3168 1236 3250 id
1250 3167 1444 3254 ambitioso
1464 3171 1544 3282 ejus
1562 3197 1646 3256 con·

1589 3300 1648 3376 si-

187 3531 211 3568 ‚‚
224 3507 263 3550 no
276 3485 356 3550 sufre
367 3446 549 3566 appelstaim,
563 3488 787 3564 especialmente
800 3503 836 3545 en
851 3503 919 3548 cosa
931 3485 967 3547 de
980 3505 1034 3562 que
1044 3498 1130 3546 tanto
1141 3487 1285 3564 provetho
1298 3505 1329 3546 se
1349 3487 1439 3563 puede
1453 3489 1549 3564 seguir
1572 3509 1589 3550 a
1603 3493 1647 3552 los

188 3611 211 3646 „
225 3573 360 3629 hombtes
377 3571 413 3628 de
427 3584 543 3628 nuestra
556 3572 660 3626 nacion
674 3609 685 3642 ‚
699 3588 753 3642 que
768 3573 980 3626 naturalmente
994 3587 1047 3626 son
1064 3571 1213 3628 amadores
1224 3571 1260 3626 de
1274 3573 1303 3626 la
1319 3571 1426 3626 honrra
1440 3589 1462 3646 y
1481 3572 1518 3627 de
1535 3575 1563 3627 la
1577 3575 1647 3629 reli-

188 3693 211 3728 „
220 3655 310 3728 gion,
324 3653 362 3709 de
374 3669 451 3725 cuya
466 3651 619 3710 eoncordia
632 3664 684 3707 tan
697 3651 783 3708 docta
796 3668 813 3706 e
827 3653 1062 3724 elegantemente
1079 3669 1112 3709 se
1129 3652 1244 3724 disputa
1263 3667 1301 3707 en
1314 3663 1376 3709 este
1395 3650 1485 3708 libro.
1510 3653 1536 3707 Y
1550 3669 1645 3723 quan-

186 3773 209 3808 „
221 3746 252 3790 to
265 3735 294 3789 al
308 3730 539 3789 entendimietrto
552 3734 588 3788 de
604 3734 647 3786 las
663 3747 766 3801 cosas,
783 3747 824 3804 yo
840 3727 950 3804 trabaje
965 3746 1073 3804 quanto
1087 3732 1160 3806 pade
1173 3750 1209 3788 en
1223 3748 1276 3803 que
1291 3734 1332 3788 las
1349 3748 1436 3806 suyas
1450 3729 1564 3788 fuessen
1573 3750 1646 3809 may

185 3809 368 3888 „fielmente
382 3813 559 3869 trasladadas
571 3851 583 3884 ,
596 3810 807 3868 comunicando
823 3814 942 3885 algunos
959 3814 1072 3886 lugeres
1085 3809 1207 3868 dificiles
1221 3829 1276 3868 con
1289 3815 1317 3868 el
1331 3827 1440 3870 mesmo
1458 3824 1573 3868 auctor:
1588 3831 1645 3872 con

185 3895 248 3968 „el
273 3895 340 3965 qual
363 3893 400 3949 he
417 3891 549 3950 ttaetado
570 3909 642 3965 muy
661 3889 887 3949 familiarmente
907 3909 945 3949 en
967 3911 1035 3950 casa
1054 3894 1089 3950 de
1113 3907 1231 3950 vuestra
1257 3893 1370 3950 sefioria
1394 3891 1646 3970 reverendissima,

184 3973 280 4047 „assi
298 3991 350 4046 por
363 3990 411 4030 sus
424 3973 583 4047 singulares
598 3973 725 4028 virtudes
745 3990 767 4047 y
782 3975 929 4030 excelente
950 3973 1083 4030 doctrina
1099 3973 1135 4031 de
1150 3973 1331 4048 philosophia
1345 3991 1362 4028 e
1376 3971 1543 4045 theologia,
1558 3991 1644 4035 como

183 4092 208 4129 „
221 4071 274 4129 por
287 4071 335 4109 set
354 4053 391 4109 de
404 4069 475 4128 muy
494 4053 623 4127 apacible
636 4071 659 4128 y
678 4051 859 4126 instaurante
879 4071 970 4128 grave
988 4073 1010 4130 y
1031 4056 1153 4111 honesta
1167 4053 1372 4110 conversation
1384 4094 1392 4109 .
1407 4053 1456 4108 En
1469 4055 1500 4109 lo
1512 4071 1566 4127 que
1578 4071 1644 4117 toea

184 4152 234 4210 „a
249 4137 294 4191 las
308 4133 441 4208 palabras
459 4151 482 4209 y
500 4135 586 4191 estilo
599 4133 728 4191 tambien
747 4131 858 4209 trabaje
872 4149 1001 4208 ‚quanto
1016 4137 1044 4192 la
1057 4134 1181 4190 materia
1198 4135 1227 4186 lo
1239 4129 1336 4206 sufre,
1351 4133 1387 4190 de
1407 4132 1560 4192 satisfacer
1576 4155 1594 4193 a
1615 4143 1644 4196 la

186 4214 391 4288 ,‚propriedad
416 4213 451 4270 de
472 4228 588 4272 nuestra
611 4218 852 4288 lengua,porque
879 4233 940 4272 mas
956 4213 1125 4272 facilmente
1142 4212 1274 4269 huviesse
1289 4211 1385 4272 efecto
1402 4218 1431 4271 la
1455 4219 1594 4273 voluntad
1609 4221 1647 4276 de

185 4307 341 4368 „suestra
359 4289 472 4352 setona
487 4294 727 4352 reverendissima
749 4295 785 4350 de
802 4296 968 4351 comuniear
984 4307 1046 4350 este
1069 4293 1143 4350 libro
1165 4311 1182 4349 a
1204 4297 1247 4350 los
1264 4295 1399 4352 hombres
1420 4295 1456 4351 de
1474 4313 1506 4352 su
1528 4299 1645 4374 naaion,

183 4391 239 4449 „a
260 4374 349 4446 qulen
364 4385 445 4432 teoto
459 4391 520 4433 mas
539 4391 593 4448 que
610 4390 628 4429 a
648 4377 691 4431 los
709 4387 791 4430 otros
807 4374 949 4430 convieue
969 4387 1052 4430 tener
1073 4375 1183 4431 noticia
1203 4375 1239 4430 de
1263 4378 1305 4432 las
1332 4393 1413 4433 cosas
1437 4393 1490 4448 que
1507 4393 1544 4432 en
1560 4381 1588 4434 el
1614 4397 1646 4441 se

183 4467 338 4530 „tractam
347 4492 360 4524 ‚
374 4468 479 4526 quanto
493 4460 565 4513 ellos
589 4471 651 4510 mas
668 4471 720 4528 por
740 4457 768 4510 el
784 4455 857 4510 cabo
880 4455 974 4514 miron
989 4459 1031 4512 las
1055 4471 1136 4511 cosas
1157 4472 1211 4526 que
1231 4468 1316 4513 tocan
1334 4475 1351 4514 a
1372 4461 1399 4514 la
1416 4457 1522 4513 honrra
1535 4475 1557 4531 y
1570 4462 1647 4516 reli-

184 4573 208 4609 „
218 4536 288 4610 gion
303 4552 311 4592 t
339 4551 363 4609 y
377 4551 416 4591 no
431 4553 461 4594 es
475 4537 511 4594 de
530 4535 697 4594 maravillar
710 4553 764 4608 que
787 4548 902 4592 vuestra
915 4537 1028 4592 sefiotia
1043 4535 1282 4592 reverendissima
1296 4538 1375 4612 haya
1389 4539 1488 4595 tenido
1508 4552 1568 4596 este
1582 4544 1646 4600 cul·

184 4652 210 4689 „
223 4615 299 4671 dado
318 4631 373 4687 que
387 4629 454 4673 toea
467 4634 484 4672 a
505 4619 533 4672 la
545 4617 652 4674 hoorra
667 4634 684 4673 e
704 4615 842 4690 religion,
854 4634 921 4691 pues
941 4618 976 4674 de
990 4621 1019 4673 la
1036 4617 1158 4690 religion
1172 4617 1271 4674 haveis
1294 4619 1356 4675 sido
1370 4619 1498 4696 singular
1516 4619 1645 4682 dechado

183 4733 209 4770 ,‚
222 4714 260 4754 en
274 4710 393 4752 nuestra
407 4697 545 4771 aspum:
566 4715 587 4772 y
608 4701 637 4753 el
662 4697 783 4754 cuidado
800 4697 835 4754 de
857 4703 884 4753 la
902 4699 1008 4754 honrra
1028 4715 1060 4754 os
1074 4697 1158 4753 viene
1180 4714 1230 4770 por
1244 4699 1377 4758 herencia
1394 4703 1430 4759 de
1446 4713 1576 4758 vuestros
1590 4721 1645 4762 an-

185 4775 409 4851 „tepassados,
426 4794 462 4835 en
483 4778 568 4850 quien
583 4794 676 4833 trunca
696 4779 753 4833 han
778 4775 889 4836 faltado
912 4779 1034 4854 grandes
1055 4781 1201 4854 exemplos
1220 4777 1257 4838 de
1281 4780 1399 4842 virtud:
1425 4799 1501 4862 cuyo
1523 4788 1643 4857 proprio

188 4893 212 4930 m
226 4857 366 4930 issardOn
386 4874 418 4914 es
435 4861 464 4914 la
479 4857 573 4935 gloria
593 4858 737 4920 ehonrra.
749 4861 772 4896 “

231 4953 247 4995 1
288 4937 388 5026 EpIst.
409 4953 456 5000 tr.
501 4983 507 4995 .
