4294 5984
597 441 681 544 152'
777 533 779 538 ¹
989 442 1070 530 DE
1117 447 1319 528 REBUS
1367 443 1588 528 GESTIS

548 650 651 713 cum
687 645 767 708 suo
811 597 1023 706 comitatu
1059 598 1223 720 missa,
1260 603 1352 742 ipse
1387 604 1501 700 clam
1537 635 1642 700 cum
1677 593 1853 701 duobus
1889 597 2017 714 dum-

547 790 663 856 taxat
698 749 937 852 comitibus
978 748 1027 846 in
1070 745 1403 889 Burgundiam‚
1445 745 1683 887 Carolique
1712 747 1921 854 ,Caesaris
1965 753 2016 856 fi·

542 913 656 1020 nes,
692 896 870 996 lecticae
913 892 1020 990 dolo
1067 930 1162 991 non
1207 926 1305 992 ante
1343 890 1532 992 biduum
1570 883 1821 1029 patefact0‚
1854 893 2006 1034 profu·

548 1044 647 1184 git,
684 1041 802 1139 unde
837 1037 1032 1139 Caesaris
1076 1036 1304 1137 voluntate
1340 1036 1388 1136 in
1429 1035 1638 1153 Italiam,
1680 1069 1725 1135 ct
1762 1042 2013 1143 Caesariana

547 1220 684 1284 castra
721 1181 961 1324 migravit,
998 1215 1042 1280 et
1077 1215 1183 1280 tunc
1218 1179 1424 1320 temporis
1460 1179 1643 1296 aderat,
1679 1217 1783 1279 cum
1813 1181 2011 1286 Almiral-

548 1328 631 1430 lius
668 1363 711 1430 et
742 1325 930 1426 Gallicus
968 1323 1179 1424 exercitus
1214 1324 1334 1423 Italia
1371 1324 1524 1424 cedere
1560 1358 1819 1464 cogeretur.
1854 1337 1919 1426 Ex
1951 1329 2009 1430 lit-¹

551 1471 650 1574 teris
696 1470 832 1613 igitur
876 1468 1030 1569 Caroli
1073 1467 1305 1589 Caesaris,
1351 1509 1464 1610 quae
1506 1461 1685 1566 fiterunt
1732 1467 1780 1567 in
1827 1471 2006 1574 concilio

553 1615 914 1716 Caesarianorum
957 1614 1122 1713 ducum
1163 1613 1393 1731 recitatae,
1430 1611 1637 1712 exercitus
1681 1610 1730 1712 in
1765 1617 2006 1756 Transalpi-

555 1797 661 1860 nam
702 1755 891 1858 Galliam
939 1755 1160 1856 ducendus
1209 1754 1373 1858 Catolo
1418 1753 1645 1858 Borbonio
1695 1792 1800 1855 cum
1844 1797 2006 1861 summa

459 1913 462 1918 ’
555 1900 732 2040 imperii
767 1899 974 1998 traditur.
1011 1909 1075 2017 Is,
1117 1899 1234 1998 nulla
1276 1899 1535 2039 interposita
1579 1937 1706 1999 mora
1718 1974 1735 2019 ,
1782 1901 1921 2043 copias
1961 1903 2008 2003 in

553 2041 887 2181 Transalpinam
924 2040 1110 2141 Galliam
1154 2081 1230 2182 pet
1274 2041 1538 2184 Allobroges
1575 2043 1763 2144 traducit
1796 2045 2007 2177 (Lanojus

558 2186 679 2286 enim
713 2186 770 2285 ad
802 2184 998 2288 Insubres
1033 2223 1136 2285 cum
1171 2223 1311 2324 parvo
1349 2187 1563 2327 praesidio
1603 2186 1833 2323 remansit)
1863 2189 2008 2290 Mussi-

556 2329 752 2471 liamque
788 2326 945 2428 urbem
980 2328 1281 2449 maritimam,
1319 2367 1431 2471 quae
1466 2367 1593 2471 capta
1629 2371 1733 2431 cum
1800 2367 1899 2432 ortu
1923 2371 2008 2434 ma-

556 2511 662 2615 gnas
697 2473 754 2573 ad
788 2469 955 2572 bellum
995 2474 1236 2614 gerendum
1280 2475 1618 2576 commoditates
1659 2372 1906 2617 praebitura
1949 2476 2010 2576 vi-

558 2613 781 2730 debatur,
823 2615 1018 2755 primum
1059 2620 1259 2719 omnium
1306 2618 1543 2742 obsidete,
1586 2656 1719 2758 atque
1759 2657 2010 2760 oppugnare

559 2755 841 2898 aggreditut3
877 2759 1000 2900 quod
1033 2752 1130 2862 fore
1171 2760 1403 2902 suspicatus
1443 2772 1539 2863 Rex
1582 2761 1760 2881 Gallus,
1805 2762 2009 2865 Rentium

559 2901 804 3020 Ursinum,
841 2941 944 3004 cum
969 2903 1221 3008 Italicorum
1257 2907 1451 3006 militurn
1485 2906 1543 3024 ad
1573 2906 1773 3045 quinque
1801 2905 2009 3024 millibus,

559 3042 642 3182 qui
653 3120 669 3164 ,
694 3044 843 3144 Laude
871 3083 914 3147 et
941 3047 1206 3150 Alexandria
1242 3049 1424 3168 deditis,
1460 3049 1798 3190 Transalpinam
1833 3051 1882 3150 in
1917 3049 2008 3150 Gal-

558 3186 666 3287 liam
701 3187 888 3290 traducti
922 3187 1129 3313 fuerant,
1153 3192 1396 3293 Massiliam
1432 3228 1661 3336 properare
1697 3233 1748 3292 ac
1784 3192 1893 3293 tueri
1926 3205 2008 3323 jus

559 3365 694 3432 serat.
738 3343 888 3472 Itaque
930 3336 1150 3475 oppidum
1199 3375 1333 3476 opere
1376 3336 1565 3476 locoque
1612 3372 1655 3435 et
1698 3335 1831 3452 firmo
1867 3332 2009 3474 praesi-

557 3471 640 3572 dio
675 3476 926 3598 munitum,
961 3471 1086 3581 facile
1121 3476 1430 3602 obsidionem,
1466 3516 1601 3622 atque
1637 3478 2005 3627 oppugnationem

559 3652 817 3721 sustentauit
837 3701 848 3720 .

632 3771 756 3866 XVI.
831 3775 926 3867 Rex
961 3803 1109 3869 autem
1121 3846 1136 3890 ‚
1167 3805 1336 3914 magno
1373 3767 1564 3872 exercitu
1589 3806 1776 3892 coacto,
1800 3765 1933 3870 facile
1957 3761 2009 3866 si·

565 3900 614 3999 bi
639 3901 752 4007 ‘fote
793 3944 942 4031 ratus,
982 3913 1092 4013 dum
1137 3912 1383 4015 Borbonius
1430 3916 1478 4016 in
1526 3912 1756 4015 obsidione
1801 3910 2010 4012 Massiliae

565 4077 738 4188 tempus
782 4054 914 4174 terit,
956 4094 1140 4157 vacuam
1182 4099 1209 4157 a
1249 4057 1392 4159 milite
1435 4058 1699 4159 Caesariano
1744 4054 2012 4200 Transpada*

561 4228 668 4289 nam
704 4194 873 4294 Italiam
909 4198 958 4297 in
993 4236 1254 4343 potestatem
1291 4240 1413 4302 suam
1448 4203 1666 4345 redigere,
1701 4202 1812 4302 hanc
1850 4237 2013 4342 petere,

562 4335 720 4433 omissa
761 4338 985 4462 Massilia,
1028 4346 1254 4467 decrevit,
1300 4345 1537 4489 vitatisque
1582 4345 1825 4464 hostibus,
1874 4342 2013 4482 copias

562 4471 753 4612 'Alpibus
796 4483 1030 4584 admovere
1071 4491 1243 4630 coepit.
1289 4501 1392 4592 Hoc
1442 4532 1546 4592 curn
1589 4528 1696 4590 esset
1739 4485 1985 4589 nuntiatum
1997 4557 2015 4601 ‚

562 4613 834 4741 Borbonius,
858 4649 900 4722 e't
927 4625 1131 4727 Marchio
1163 4631 1391 4751 Piscariae,
1429 4635 1497 4734 vir
1525 4673 1713 4778 magnae
1742 4633 1908 4734 virtutis
1945 4666 2014 4725 at*

563 4797 651 4902 que
686 4805 782 4872 usus
816 4767 866 4876 in
900 4809 948 4878 rc
983 4771 1196 4920 militati,
1231 4779 1554 4888 communicato
1590 4777 1775 4884 consilio
1787 4856 1805 4903 ,
1844 4816 1926 4882 nec
1965 4769 2016 4869 dc

1937 4931 2017 5020 Re*
