4294 5972
625 495 868 584 CAROLI
894 479 1603 598 v.1.113.x1.363

192 655 423 776 tabantur,
448 696 505 759 ne
540 651 653 758 vires
688 693 781 760 tam
783 655 1004 822 potentis
1036 652 1194 775 hostis,
1216 651 1376 798 quibus
1403 695 1528 798 saepe
1549 672 1645 764 Rex

187 837 447 946 praepotens
484 800 793 921 Gallorum,
779 801 1005 943 ipsiusque
1047 839 1235 964 magnae
1276 800 1464 941 copiae,
1507 842 1644 946 nuper
1777 876 1785 888 ·

189 947 323 1048 etiarn
359 945 665 1110 Solymanus
653 985 745 1088 rpse
781 947 828 1047 in
863 945 1091 1048 Pannonia
1128 944 1346 1063 cessisset,
1369 979 1530 1048 temere
1556 947 1643 1050 vel-

188 1089 249 1191 let
285 1091 508 1230 experiri,
544 1091 711 1192 cuites
746 1085 890 1193 futtrra
926 1125 1033 1193 esset
1068 1127 1299 1190 nonaum
1345 1089 1644 1231 ducealiquo
1771 1195 1776 1203 ,

187 1234 421 1336 mediocris
456 1235 753 1354 auctoritatis,
791 1236 863 1336 sed
899 1275 1003 1336 cum
1038 1234 1137 1374 ipso
1174 1233 1337 1334 Carolo
1375 1243 1640 1372 Imperatore

187 1378 531 1540 potentissimo,
569 1379 746 1480 classem
795 1377 1137 1481 munitissimam
1182 1414 1225 1480 et
1283 1415 1498 1549 magnum
1546 1374 1643 1478 for-

186 1521 452 1626 tissimarum
486 1524 684 1667 gentium
719 1523 961 1626 exercitum
997 1523 1211 1640 ducente,
1248 1532 1370 1653 cujus
1408 1520 1641 1662 praesentia

187 1666 380 1765 accensi
391 1668 586 1770 militum
631 1668 771 1772 animi
812 1665 924 1770 nihil
958 1705 1053 1770 ιιοιι
1098 1699 1234 1768 essent
1279 1665 1451 1768 ardenti
1495 1667 1641 1767 studio
1709 1767 1712 1774 ,

188 1808 463 1948 praestituri.

258 1961 409 2055 XXV.
482 1965 607 2056 Haec
636 1990 679 2053 et
710 1954 811 2054 talia
838 1949 1186 2094 proponentibus
1223 1950 1308 2053 suis
1338 1948 1640 2075 Chatadinus,

189 2097 573 2235 quemadmodum
607 2136 711 2198 cum
736 2098 887 2198 animo
912 2135 992 2195 suo
1030 2093 1369 2213 deliberaverat,
1395 2097 1639 2264 respondit:

188 2247 339 2356 „Hoc
371 2233 485 2339 ferre
526 2249 736 2379 cujusque
777 2239 880 2339 belli
923 2275 1161 2356 naturam,-
1207 2275 1258 2338 ut
1300 2239 1436 2338 exitus
1473 2277 1565 2370 ejus
1600 2277 1641 2340 ι

189 2451 223 2503 ,‚
237 2416 475 2521 gnoteturs
514 2379 739 2502 adhaec,
775 2381 1135 2523 oppugnantium
1171 2420 1223 2481 ex
1259 2417 1446 2521 apertu,
1479 2416 1524 2479 et
1558 2419 1640 2480 eo·

187 2561 363 2650 ,‚rum,
399 2525 478 2664 qui
514 2569 565 2628 ex
600 2527 735 2625 muris
767 2523 922 2626 urbern
957 2519 1224 2643 defendant,
1255 2523 1333 2624 lon
1367 2564 1390 2622 e
1420 2522 1640 2662 disparem

189 2707 321 2783 „esse
355 2669 687 2776 conditionem3
724 2709 848 2810 saepe
883 2711 908 2770 a
944 2667 1088 2809 paucis
1124 2666 1287 2768 multos
1324 2563 1454 2766 iitisse
1490 2668 1640 2805 repul-

191 2881 223 2927 „
237 2849 338 2929 sos,
375 2846 506 2951 atque
541 2813 651 2913 adeo
686 2807 804 2913 fusos
830 2849 1201 2951 nonnumquam,
1231 2848 1411 2910 severo
1439 2810 1487 2910 in
1522 2848 1644 2972 spem

190 2990 403 3068 „ventsse
439 2956 634 3056 militum
669 2994 903 3058 numerum
938 2994 1090 3096 parem
1126 2950 1353 3068 hostibus,
1389 2989 1466 3052 aut
1507 2954 1686 3054 etiam·
1816 2973 1819 2984 '

188 3097 503 3255 „superiorem
543 3097 627 3200 sibi
662 3139 754 3201 non
789 3094 1072 3208 defuturum3
1111 3137 1214 3198 cum
1241 3097 1375 3238 igitur
1405 3094 1642 3196 imminen-

189 3309 221 3356 ‚‚
239 3236 292 3336 tis
330 3237 460 3360 belli,
490 3275 541 3342 ut
576 3281 824 3345 ceterorum
861 3244 1019 3344 dubius
1056 3279 1162 3342 esset
1198 3273 1410 3358 eventus,
1444 3237 1533 3338 hoc
1560 3236 1643 3342 sibi

190 3451 221 3498 „
236 3381 383 3482 minus
430 3422 518 3483 esse
563 3388 917 3490 cunctandum
905 3425 952 3486 m
998 3382 1117 3486 bello
1163 3383 1479 3524 suscipiendo,
1518 3382 1642 3522 quod

189 3592 222 3639 „
238 3524 536 3668 intelligeret,
574 3528 610 3627 si
651 3567 829 3630 suorum
865 3529 1026 3629 virtute
1067 3566 1117 3628 ac
1159 3521 1359 3628 fortunae
1401 3523 1613 3627 beneficio
1626 3600 1644 3646 ,

189 3677 358 3828 „cujus
393 3710 518 3812 saepe
553 3671 825 3835 singularem
850 3666 1051 3775 favorem
1087 3706 1195 3773 esset
1230 3703 1462 3812 expertus,
1493 3666 1642 3770 victo—

190 3877 224 3930 „
240 3809 303 3910 ria
336 3808 485 3914 fuisset
520 3852 714 3958 pontus,
745 3815 830 3920 sibi
865 3816 1107 3920 maximam
1131 3813 1516 3952 immortalemque
1544 3809 1643 3952 glo-

187 4022 221 4072 „
236 3954 346 4056 riam
380 3995 578 4098 paratam
604 4000 718 4081 esse,
744 3999 787 4062 et
813 3958 932 4062 viam
959 3959 1117 4100 aperiri
1101 3959 1198 4058 ad
1234 3995 1297 4061 res
1321 3956 1533 4058 maximas
1560 3994 1643 4096 ge

188 4167 220 4218 „
236 4101 484 4212 rendas3
454 4139 522 4202 sm
557 4039 724 4243 aliquid
765 4103 914 4204 durius
950 4101 1210 4221 accidisset,
1246 4137 1396 4202 tamen
1430 4099 1644 4199 decorum

188 4314 221 4363 ‚,
237 4283 324 4344 esse
360 4243 407 4345 in
457 4244 510 4346 iis
551 4245 779 4351 conatibus
824 4245 1078 4388 exstingui,
1122 4244 1168 4345 in
1213 4243 1377 4385 quibus
1417 4283 1511 4344 non
1552 4275 1646 4340 tam

189 4385 357 4504 „vinci
391 4423 516 4531 turpe
551 4384 752 4492 futurum
789 4428 918 4512 esset,
952 4429 1088 4531 quam
1122 4387 1359 4530 pulchrum
1396 4387 1644 4503 decertasse,

187 4601 221 4649 „
236 4565 416 4670 propter
450 4533 628 4636 victoris
662 4535 1048 4700 magnitudinem,
1083 4571 1134 4634 ac
1170 4531 1457 4676 dignitatern.
1471 4546 1502 4590 “

174 4683 397 4779 XXV
398 4689 430 4779 1
504 4679 589 4780 His
626 4679 873 4784 rationibus
916 4680 1069 4782 duetus
1111 4675 1435 4798 Chatadinus,
1470 4707 1523 4772 ut
1558 4711 1646 4814 po·

176 4843 282 4915 stes
323 4818 560 4966 cognitum
594 4862 699 4970 est,
733 4823 844 4930 belli
878 4813 1106 4926 fortunam
1141 4819 1365 4965 experiri,
1400 4823 1648 4932 Tunetem-

1131 4967 1240 5065 Zza
1561 4994 1652 5100 que
