4294 5972
561 465 645 556 302
978 457 1055 538 DE
1099 455 1307 538 REBUS
1362 449 1579 534 GESTIS

513 622 562 727 in
597 620 757 725 urbem
799 620 917 720 ultro
955 652 998 719 et
1043 617 1156 718 citro
1191 613 1528 720 commeabant

584 777 709 869 ΧΧΙ.
783 765 930 908 Igitur
972 762 1218 864 constituto
1262 761 1376 884 die,
1428 759 1509 902 qui
1552 753 1640 860 fuit
1675 753 1732 862 ad
1775 796 1986 933 quartum

513 912 732 1014 Kalendas
767 907 1060 1073 Septembris,
1097 906 1211 1009 bene
1247 946 1377 1008 mane
1414 905 1512 1006 Itali
1547 905 1639 1007 acie
1674 904 1886 1010 instructa
1934 915 1984 1014 in

514 1057 743 1198 Hispanos
796 1058 1014 1174 movent,
1064 1054 1326 1193 eminusque
1376 1051 1606 1152 tormentis
1656 1085 1700 1152 et
1752 1052 1983 1217 scloppetis

513 1239 609 1301 rem
645 1239 795 1344 gerere
832 1199 1074 1340 incipiunt
1113 1207 1221 1298 Hoc
1255 1195 1561 1297 animadverso
1567 1195 1790 1349 Hispani
1824 1238 1984 1341 prope-

512 1383 557 1445 re
595 1345 651 1446 ad
687 1383 808 1446 arma
835 1379 1131 1461 concurrunt,
1168 1341 1386 1482 tantisque
1422 1339 1582 1442 animis
1567 1308 1751 1442 Italos
1778 1345 1982 1447 adoriun-

514 1523 616 1609 tur,
651 1525 701 1591 ut
737 1490 886 1630 primo
921 1489 1094 1650 impetu
1130 1487 1306 1587 illomm
1350 1484 1541 1626 primam
1581 1484 1723 1586 aciem
1764 1489 1982 1629 propelle-

515 1668 647 1742 rent3
685 1670 783 1734 tum
818 1632 963 1733 Itali
952 1668 1066 1733 mter
1103 1669 1146 1730 se
1183 1627 1429 1749 cohortati,
1466 1665 1516 1729 ut
1543 1663 1613 1729 tot
1640 1669 1831 1733 numero
1867 1634 1983 1734 mili

514 1811 707 1880 testam
743 1778 919 1918 paucis,
965 1813 1085 1938 quos
1113 1775 1233 1875 ultro
1269 1808 1608 1915 provocassent,
1653 1776 1801 1878 cedere
1836 1780 1983 1938 pude-

515 1955 607 2040 ret,
645 1919 915 2023 confirmatis
950 1919 1110 2020 animis
1147 1959 1244 2052 ma
1221 1928 1405 2062 loreque
1448 1918 1619 2062 impetu
1655 1918 1774 2020 relati
1790 1921 1982 2084 Hispa·

514 2103 596 2164 nos
633 2102 710 2164 sua
748 2063 1031 2166 multitudine
1066 2063 1342 2204 reprimunt,
1379 2100 1423 2164 et
1460 2099 1678 2206 quantum
1723 2064 1809 2208 ipsi
1851 2105 1982 2166 cesse

513 2245 646 2331 rant,
689 2243 861 2309 tantum
904 2249 978 2309 eos
1023 2210 1176 2309 cedere
1218 2206 1381 2310 neutris
1425 2244 1574 2309 tamen
1611 2244 1735 2352 terga
1772 2211 1981 2312 vertenti

515 2348 596 2453 bus
632 2388 831 2496 cogunt,
867 2345 1025 2453 frustra
1060 2353 1283 2454 Femando
1320 2363 1534 2497 Gonzaga
1586 2389 1632 2454 et
1667 2353 1822 2456 ceteris
1867 2393 1981 2497 prae

515 2493 668 2617 fectis,
703 2499 760 2596 ad
796 2536 907 2636 quos
944 2494 1115 2597 sublato
1151 2494 1394 2597 Philiberto
1430 2533 1475 2597 et
1499 2495 1676 2598 absente
1712 2499 1836 2599 Vasti
1862 2508 1980 2600 Mar·

515 2636 674 2738 chione
723 2676 896 2740 summa
930 2637 1107 2781 imperii
1142 2642 1371 2762 redierat,
1414 2679 1614 2826 pugnam
1657 2641 1861 2744 dirimere
1897 2681 1977 2743 co·

517 2782 750 2884 nantibus.

599 2935 742 3027 XXII.
836 2934 940 3027 Hoc
992 2924 1294 3032 animadverso
1351 2929 1601 3051 Germani,
1616 2929 1741 3094 ..qui
1786 2971 1975 3033 numero

515 3107 637 3170 erant
671 3111 742 3172 sex
777 3070 942 3173 circiter
975 3072 1142 3194 millia,
1179 3073 1331 3173 sumtis
1366 3075 1527 3195 armis,
1563 3074 1701 3177 aciem
1729 3075 1971 3190 instruunt3

514 3215 672 3315 deinde
707 3252 943 3356 postquam
978 3217 1124 3358 urgeri
1160 3218 1416 3381 Hispanos,
1451 3219 1650 3362 itemque
1685 3219 1853 3320 Italicos
1903 3255 1975 3320 ur·
1990 3249 1996 3254 ·

515 3353 590 3458 bes
627 3360 824 3459 custodes
869 3360 955 3460 tela
1006 3361 1236 3461 tormentis
1283 3361 1330 3464 in
1372 3402 1416 3461 se
1469 3399 1603 3506 atque
1648 3362 1879 3506 Hispanos
1930 3403 1981 3464 er

515 3539 642 3602 muro
676 3503 911 3658 jaculantes
955 3541 1174 3625 cernunt,
1219 3503 1306 3606 sibi
1349 3544 1534 3649 quoque
1581 3509 1630 3609 Ιιι
1672 3509 1822 3609 media
1861 3487 1981 3610 Italia

515 3679 790 3768 metuentes,
827 3684 884 3747 ne
919 3649 1129 3788 Hispanis
1159 3583 1318 3750 deletis
1369 3651 1520 3751 similis
1561 3652 1618 3752 ad
1660 3693 1704 3752 se
1740 3691 1862 3754 casus
1912 3693 1981 3754 re

514 3789 703 3950 cideret,
738 3785 971 3891 infestis
941 3793 1076 3934 signis
1103 3791 1151 3893 in
1185 3794 1380 3894 Italos
1368 3829 1594 3938 impetum
1619 3788 1840 3898 faciunt.
1860 3797 1980 3897 Hinc

515 3931 651 4074 igitur
694 3935 957 4055 Germanis,
1000 3935 1122 4037 illinc
1164 3937 1379 4080 Hispanis
1429 3940 1736 4103 ingruentibus
1778 3939 1875 4041 Itali
1918 3936 1981 4041 fa-

516 4077 598 4178 cile
634 4082 866 4220 usquead
903 4115 1196 4203 suacastra,
1241 4123 1355 4226 quae
1404 4123 1572 4187 circum
1615 4085 1779 4186 collum
1834 4090 1982 4223 Ogdu

516 4227 640 4323 chium
694 4223 978 4326 nominatum
1032 4263 1317 4369 posuerant,
1369 4269 1416 4332 re
1449 4231 1664 4334 elluntur.
1729 4226 1824 4330 Hic
1874 4267 1980 4330 vero

516 4363 604 4465 loci
639 4369 889 4471 munitione
926 4371 1069 4506 adjuti
1111 4411 1249 4475 unam
1286 4308 1377 4476 fite
1417 4271 1575 4477 iioram
1610 4372 1889 4480 restiterunts
1926 4371 1979 4471 ad

514 4544 761 4611 extremum
795 4513 883 4612 hoc
920 4555 1101 4677 quoque
1137 4517 1237 4619 loco
1273 4519 1490 4652 dejectos,
1529 4519 1765 4621 tormentis
1801 4550 1947 4617 erutos
1961 4588 1979 4633 ,

514 4655 686 4760 tamdiu
721 4690 820 4758 sunt
854 4655 1069 4780 insecuti,
1121 4661 1263 4763 donec
1298 4662 1418 4765 urbis
1455 4662 1797 4765 munitionibus
1821 4695 1981 4792 ‚muro-

516 4839 606 4942 que
641 4804 947 4905 succederent.
999 4809 1133 4909 Tunc
1175 4845 1284 4910 vero
1326 4811 1540 4914 Germani
1576 4765 1857 4952 Hispanique
1905 4804 1983 4904 du·

1878 4987 1981 5052 cum
