4298 5980
584 467 823 556 CAROLI
866 473 919 554 V.
969 463 1094 554 LIB.
1131 465 1251 554 Vll.
1506 471 1605 568 '5241

175 627 464 775 .,dit„1'utque
498 625 586 768 ipsi
619 619 999 770 Regi-Francisco
1037 625 1181 767 palam
1217 613 1416 728 recitaret
1458 630 1528 729 vel
1565 628 1652 733 'au‘-

187 781 282 881 dire
319 774 538 882 recusanti
573 772 808 913 epistolam
844 771 1079 891 redderet,
1116 808 1160 872 et
1202 811 1461 913 responsum
1499 779 1653 916 po'stu-

172 923 300 1024 laret
333 916 624 1058 referretque,
661 909 916 1015 mandavit.
961 925 999 1014 Is
1042 913 1122 1019 ubi
1158 914 1463 1018 Fonterabiam
1500 921 1654 1060 perve-

173 1068 290 1185 nit,
328 1103 408 1168 nec
440 1063 569 1190 fidei.
585 1057 786 1204 publicae
812 1059 1064 1202 diploma,
1107 1065 1178 1161 ut.
1195 1059 1544 1183 existimauerat,
1560 1143 1563 1150 .
1581 1059 1654 1167 'oi-

173 1205 333 1310 .fendit
355 1209 591 1340 3'Bajonae
627 1197 898 1346 praefectum
935 1205 1015 1346 per
1048 1203 1256 1306 nuntium
1293 1206 1348 1304 de
1382 1215 1464 1307 suo
1499 1209 1656 1336 adven-

190 1389 243 1454 tu
278 1351 512 1454 certiorem
547 1344 673 1466 facit,
710 1381 775 1465 et,
805 1383 914 1450 num
950 1348 1155 1489 diploma
1187 1349 1421 1489 receperit,
1443 1350 1655 1494 inquirit.

173 1496 265 1597 .1lle
300 1531 459 1640 quarto
495 1530 596 1636 post
631 1489 705 1592 die
739 1491 945 1631 recepisse
980 1493 1235 1636 respondit,
1271 1493 1346 1595 s'ed
1382 1531 1485 1594 cum
1527 1531 1656 1600 man·-

192 1639 337 1758 datis,
377 1673 427 1740 ut
471 1675 565 1738 non
605 1635 728 1736 aliter
770 1631 818 1734 id
860 1631 1150 1740 caduceatori·
1172 1637 1400 1761 traderet,
1418 1723 1421 1730 .
1442 1675 1578 1782 quam
1612 1642 1657 1742 'si

178 1782 303 1886 'nihil
337 1783 391 1918 is.
409 1780 527 1883 aliud
562 1776 766 1897 afferret,
796 1816 934 1918 quam
970 1777 1095 1922 quod
1130 1784 1187 1882 ad
1223 1819 1389 1884 tutum.
1407 1781 1656 1886 certaminis

175 1927 344 2028 locum
381 1923 648 2068 pertineret.
686 1922 761 2021 Ad
797 1917 902 2022 haec
924 1925 1217 2045 caduceator,
1244 1925 1377 2027 nihil.
1392 1966 1436 2026 sc
1471 1963 1657 2068 praeter-

194 2109 285 2188 ea,
321 2069 406 2170 nisi
440 2107 556 2209 quae
591 2066 645 2165 ad
687 2101 946 2204 responsum
994 2068 1204 2207 epistolae
1245 2070 1381 2212 Regis
1425 2107 1469 2170 et
1517 2108 1657 2173 certa-

193 2251 301 2313 men
337 2210 624 2352 pertinerent,
660 2203 812 2307 afferre
848 2209 1094 2347 respondit.
1130 2212 1335 2310 Tandem
1372 2250 1552 2352 accepto
1588 2215 1656 2315 di-

196 2355 391 2494 plomate
412 2429 428 2474 ,
453 2351 676 2454 Lutetiam
711 2347 977 2454 Parisiorum
1012 2350 1241 2492 pervenit,
1268 2354 1384 2451 unde
1421 2355 1553 2495 paulo
1589 2396 1658 2456 an·

196 2534 241 2598 te
276 2508 372 2599 Rex
407 2537 484 2637 per
517 2533 691 2596 causam
726 2493 973 2596 venationis
1015 2495 1290 2614 discesserat,
1327 2533 1407 2595 nec
1446 2497 1657 2596 caducea-

195 2675 344 2744 torem
380 2642 436 2741 ad
472 2681 516 2739 se
550 2639 733 2758 venire,
768 2636 909 2737 donec
945 2637 1036 2779 ipse
1080 2674 1178 2776 post
1221 2638 1395 2780 aliquot
1435 2639 1527 2739 dies
1570 2648 1659 2740 Lu·-

194 2783 354 2886 tetiam
394 2818 716 2897 reverteretur,
760 2781 989 2920 permisit.
1034 2787 1168 2881 Tunc
1210 2819 1315 2884 vero
1357 2781 1506 2882 multis
1555 2781 1659 2885 viris

192 2925 499 3070 principibus,
534 2965 627 3026 non
661 2923 801 3022 modo
836 2923 1011 3062 Gallis,
1054 2926 1129 3023 sed
1176 2924 1310 3026 etiam
1352 2924 1533 3026 aliarum
1577 2963 1659 3025 na·-

193 3070 414 3189 tionum,
456 3070 537 3210 qui
577 3065 692 3168 forte
731 3065 788 3164 ad
813 3068 1056 3210 -Ldtetiam
1104 3069 1325 3187 aderant,
1366 3069 1659 3190 convocatis,

193 3214 341 3314 multa
376 3214 431 3314 de
466 3212 618 3315 Caroli
641 3206 842 3336 Caesaris„
872 3211 1042 3343 injuriis
1077 3211 1126 3310 in
1163 3251 1236 3329 se,
1278 3213 1422 3350 deque
1459 3220 1550 3344 ejus
1586 3212 1659 3314 ini·

196 3357 373 3498 quitatc
408 3394 452 3457 et
488 3351 688 3497 superbia
721 3345 831 3456 falso
861 3353 1238 3458 'commemoravit
1251 3432 1266 3475 ,
1292 3393 1455 3496 seque,
1475 3391 1525 3455 ut
1552 3394 1661 3454 con·
1786 3439 1789 3447 Α

198 3500 427 3602 troversias
463 3498 668 3640 singulari
702 3495 942 3601 certamine
984 3499 1246 3619 dirimeret,
1289 3498 1429 3599 ullum
1474 3497 1661 3638 amplius

200 3645 389 3746 verbum
424 3642 575 3744 Caroli
599 3639 794 3742 Caesaris
829 3642 1113 3770 auditurum,
1149 3641 1219 3743 vel
1255 3636 1401 3742 referri
1437 3675 1662 3780 passurum

202 3787 415 3928 negavit,
451 3787 910 3931 praeterquamquod
946 3787 1186 3890 adrutum
1221 3783 1470 3887 certaminis
1512 3783 1662 3884 locum

203 3964 465 4067 pertineret.

275 4082 464 4174 XXXII.
536 4078 668 4174 Tunc
703 4075 1038 4176 caduceatorem
1075 4067 1297 4170 introduci
1331 4067 1486 4202 jubet,
1519 4065 1663 4210 proti·-

204 4251 371 4354 nusque
418 4216 560 4315 dicere
607 4253 845 4320 conantem
892 4209 1134 4315 fruentibus
1181 4210 1326 4314 verbis
1367 4210 1662 4351 interpellans:

207 4363 479 4476 Memineris,
519 4357 710 4496 inquit,
756 4365 1082 4494 praescripseris
1117 4395 1170 4455 ex
1206 4359 1474 4472 Fonterabie,
1510 4384 1550 4453 tt
1587 4387 1666 4491 qua

207 4503 421 4602 conditione
449 4502 554 4629 fides
589 4502 744 4640 publica
784 4503 861 4600 tibi
896 4502 986 4600 date
1024 4507 1116 4624 sit,
1160 4531 1198 4599 ct
1229 4523 1344 4618 cepe,
1378 4501 1550 4632 nequod
1591 4499 1666 4595 tibi

204 4649 482 4780 praescriptum
514 4672 597 4760 est,
635 4647 825 4748 excedas.
865 4643 1007 4743 Nullo
1041 4643 1096 4744 ad
1137 4639 1245 4744 haec
1282 4679 1490 4782 responso
1528 4640 1669 4758 dato,

210 4787 469 4886 caduceator
519 4783 770 4926 suppliciter
818 4826 844 4886 a
891 4798 1017 4926 Rege
1070 4785 1300 4924 postulat,
1347 4816 1397 4885 ut
1444 4781 1530 4928 sibi
1578 4793 1668 4916 ejus

194 4993 204 5014 ι
260 4927 392 5055 ‘fferre
413 4937 446 5031 Ι.
931 5019 936 5030 .
1198 4923 1278 5028 Hh
1584 4960 1672 5024 vo-
