4368 5984
686 461 806 536 VITA
830 457 896 534 ET
921 459 1135 538 SCRIPTA·
1468 467 1598 550 xx111.

162 600 247 688 dem
281 581 447 678 auctoris
476 581 670 706 operibus.

251 718 315 800 Ex
342 711 415 794 hac
448 705 684 828 Sepulvedae
714 699 978 792 lucubratione
994 702 1085 792 illud
1100 699 1301 814 elucescit,
1318 731 1504 798 exaratam
1518 742 1624 803 nem·

162 865 210 954 pe
236 863 326 920 eam
359 827 499 936 luisse,
531 857 621 914 cum
638 825 712 940 jam
741 826 1025 941 propemodum
1055 827 1387 944 quadragesimum
1402 833 1531 918 aetatis
1560 864 1624 920 an·

162 985 259 1042 num
291 949 525 1065 attingeret,
554 975 599 1032 ac
631 945 967 1031 sextumdecimum
995 945 1034 1030 in
1060 946 1164 1032 ltalia
1198 971 1353 1063 ageret:
1385 952 1488 1038 unde
1520 982 1626 1041 anno

165 1100 298 1183 1531.
320 1069 496 1184 scriptam
525 1065 635 1152 luisse
662 1088 794 1180 patet.
819 1065 942 1149 Prima
957 1065 1067 1178 hujus
1094 1065 1216 1180 operis
1230 1066 1347 1153 editio
1362 1069 1513 1156 videtur
1539 1069 1626 1160 fuis·

164 1221 205 1280 se
233 1187 473 1293 Parisiensis,
507 1186 613 1300 cujus
639 1181 808 1269 meminit
844 1209 979 1269 auctor
1019 1185 1056 1268 in
1089 1183 1244 1300 epistola
1279 1203 1293 1241 ¹
1329 1188 1379 1273 ad
1408 1194 1622 1300 Erasmum,

162 1333 344 1427 quaeest
377 1308 497 1422 prima
529 1305 611 1390 libri
634 1302 773 1418 primi,
803 1301 867 1387 ubi
901 1302 1009 1388 aliam
1038 1304 1151 1391 etiam
1177 1333 1453 1392 commemorat
1474 1313 1626 1398 Romae

162 1453 439 1546 procuratam,
468 1453 512 1510 ac
529 1423 636 1510 certis
667 1422 706 1508 in
731 1420 820 1508 locis
843 1425 1113 1510 emendatam.
1141 1427 1344 1518 Quantum
1375 1426 1468 1514 haec
1492 1429 1623 1544 Sepul-

161 1549 289 1636 vedae
319 1544 578 1662 Antapologia
607 1541 754 1627 Erasmi
783 1541 950 1628 animum
978 1542 1174 1659 perculerit
1198 1543 1494 1662 prostraritque,
1511 1576 1557 1633 ex
1571 1579 1622 1636 eo

165 1668 253 1753 satis
277 1691 464 1782 apparet,
494 1663 603 1781 quod
633 1691 722 1748 cum
747 1658 837 1746 alios
867 1661 1097 1750 adversarios
1121 1662 1265 1751 levibus
1285 1692 1395 1779 saepe
1412 1667 1460 1751 de
1487 1668 1620 1776 causis,

166 1816 214 1872 ac
243 1782 411 1872 futilibus
438 1781 669 1902 argtunemis
693 1781 937 1889 lacessiverit,
960 1807 1084 1868 tacere
1100 1781 1225 1898 potius
1241 1785 1412 1890 duxerit,
1435 1812 1552 1902 quam
1568 1789 1621 1876 ad

167 1933 250 1991 eam
281 1905 535 2020 respondere.
566 1904 660 2002 Qua
684 1901 789 1986 dere
823 1899 983 2016 legenda
1004 1927 1059 1988 cst
1090 1902 1234 1989 Erasmi
1250 1901 1405 2018 epistola
1427 1907 1477 1992 ad
1492 1905 1622 2020 Sepul-

163 2025 360 2118 ledam.²

255 2145 412 2230 Eodem
461 2170 566 2228 anno
601 2169 647 2251 15
659 2171 677 2246 3
690 2169 726 2224 1.
761 2141 980 2227 Bononiam
1021 2141 1127 2230 venit
1154 2141 1411 2258 Sepulveda³
1445 2144 1622 2232 Clemen-

169 2287 253 2350 tem
281 2259 505 2350 Pontilicem
548 2265 656 2348 Max.
699 2283 885 2366 secutus,
931 2290 1013 2376 quo
1055 2285 1229 2376 tempore
1272 2260 1334 2345 hic
1381 2267 1506 2350 Roma
1535 2293 1620 2378 pro·

165 2378 321 2486 fectus,
351 2381 557 2467 ctCarolus
583 2383 723 2464 Caesar
746 2407 794 2462 ex
810 2378 1030 2464 Pannonico
1042 2379 1144 2465 bello
1164 2409 1359 2485 reversus,
1389 2382 1439 2467 de
1470 2384 1623 2468 summis

164 2499 344 2586 videlicet
368 2500 477 2586 rebus
495 2495 740 2616 colloquendi
758 2497 876 2613 gratia
892 2498 930 2582 in
957 2525 1041 2583 eam
1065 2499 1198 2583 urbem
1214 2505 1503 2586 convenerunt.
1541 2503 1622 2586 Ro·

164 2649 271 2704 mam
304 2646 472 2705 reversus
488 2623 596 2705 Non.
630 2617 839 2731 Septembr.
866 2616 1040 2731 scripsit4
1074 2617 1125 2703 ad
1141 2618 1206 2730 Jo.
1237 2617 1456 2703 Valdesium
1473 2617 1522 2705 de
1535 2649 1621 2732 por·
1710 2681 1714 2688 -

166 2737 279 2823 tentis
311 2737 532 2843 nonnullis,
559 2765 660 2853 quae
676 2741 823 2822 Romae
849 2765 977 2821 mense
993 2741 1173 2852 Augusto
1207 2735 1375 2850 proxime
1400 2737 1525 2850 elapso
1543 2738 1621 2823 visa

164 2852 342 2963 fuerant,
367 2857 484 2972 iisque
502 2884 548 2942 cx
570 2879 743 2944 veterum
758 2853 1075 2971 philosophorum
1092 2855 1276 2940 sententia
1293 2853 1514 2968 explicandis
1534 2883 1621 2942 eru·

166 2974 352 3060 ditionem
378 3005 483 3060 suam
501 2973 626 3090 prodit
647 3036 658 3058 .
689 2980 748 3060 Ex
764 2971 874 3088 hujus
896 2973 1073 3088 epistolae
1089 2973 1194 3059 initio
1217 2973 1412 3077 discimus,
1443 2973 1620 3090 Sepulve·

166 3093 256 3178 dam
273 3122 297 3177 a
314 3094 494 3180 Valdesio
508 3117 745 3180 conventum
760 3095 777 3199 ',
789 3091 896 3209 quasi
912 3093 961 3198 de
983 3091 1163 3208 portentis
1198 3091 1620 3178 commentatiunculam

166 3211 423 3326 promisisset.
474 3210 687 3328 Sepulveda
721 3239 817 3300 vero
849 3212 899 3296 de
928 3211 1084 3298 cometis
1114 3236 1158 3296 ut
1187 3209 1326 3326 aliquid
1363 3211 1561 3316 scriberet,
1595 3241 1618 3298 a

165 3330 393 3444 quibusdam
424 3359 464 3416 se
507 3355 684 3448 rogatum
716 3359 793 3416 esse
825 3355 1011 3418 asseverat
1027 3329 1279 3445 ,scripturum
1309 3330 1449 3416 nemini
1465 3354 1619 3448 propter

165 3446 337 3566 ingentes
352 3479 436 3534 suas
455 3451 722 3565 occupationes
745 3449 965 3564 promisisse.

192 3653 205 3668 ,
255 3568 334 3653 Hic
362 3568 469 3656 velut
497 3569 617 3656 obiter
648 3599 714 3684 per
743 3561 983 3654 transennam
1006 3568 1384 3656 animadvertendum
1414 3569 1523 3654 nobis
1548 3593 1616 3674 est,

165 3683 204 3768 in
236 3686 406 3773 editione
437 3686 675 3802 epistolarum
710 3685 949 3804 Sepulvedae
973 3687 1277 3793 Salmanticensi,
1305 3687 1370 3776 ubi
1400 3686 1533 3804 legitur
1548 3689 1615 3770 lV.

166 3806 278 3888 Non.
295 3806 489 3921 Septemb.
517 3806 648 3893 itidem
668 3833 788 3894 noctu
821 3809 985 3894 secunda
1013 3831 1098 3922 post
1126 3805 1210 3892 solis
1223 3835 1398 3892 occasum
1425 3807 1520 3891 hora
1536 3798 1617 3887 fuis·

165 3949 206 4008 se
244 3949 516 4040 conspectam,
560 3926 766 4042 legendum
799 3955 876 4011 esse
899 3929 968 4013 lV.
996 3925 1083 4015 Kal.
1099 3923 1289 4041 Septemb.
1318 3955 1389 4010 ceu
1421 3922 1633 4039 epistolam·

163 4039 284 4156 ipsam
308 4042 446 4160 legenti
471 4042 554 4131 luce
572 4043 702 4134 clarius
729 4045 932 4163 apparebit.

255 4161 454 4254 Valdesius
483 4163 579 4270 hic,
627 4167 678 4252 ad
715 4196 831 4282 quem
866 4165 999 4280 scripta
1029 4153 1085 4248 est
1110 4160 1277 4275 superior
1308 4159 1489 4276 epistola,
1519 4158 1618 4246 idem

166 4275 229 4362 ille
251 4279 522 4388 videturesse,
550 4283 618 4398 qui
649 4309 783 4398 postea
816 4285 961 4370 deserta
977 4279 1188 4365 Christiana
1217 4278 1395 4396 religione
1411 4281 1460 4364 ad
1478 4279 1619 4363 Luthe·

165 4425 346 4484 ranorum
377 4425 497 4486 castra
525 4400 724 4507 transivit,
757 4398 868 4487 frater
901 4429 1101 4519 germanus
1127 4397 1279 4485 Alfonsi
1298 4396 1460 4483 Valdesii
1476 4395 1620 4482 Carolo

164 4517 315 4604 Caesari
338 4549 363 4605 a
388 4519 575 4628 secretis,
608 4519 711 4636 cujus
742 4545 830 4607 sunt
861 4521 1041 4610 stinctae
1073 4518 1124 4606 ad
1154 4516 1363 4606 Genesium
1389 4515 1620 4605 transmissae

1527 4638 1620 4722 Bru·

202 4773 218 4812 1
263 4757 393 4818 Erarara
405 4762 517 4818 Romae
532 4761 652 4818 Kalend.
675 4759 787 4840 Aprilis
802 4777 870 4821 ann.
888 4775 973 4838 ¹33²·

205 4853 224 4892 α
264 4839 329 4897 Lib.
346 4842 369 4898 1.
393 4843 508 4915 epistol.
524 4859 553 4898 a.

202 4931 223 4991 3
266 4919 301 4975 ln
319 4919 501 4995 praefatione
520 4923 728 4983 Democrat.1.

201 5014 224 5072 4
265 4999 364 5074 Epist.
380 5020 429 5060 aa.
447 5003 517 5060 edit.
533 5004 677 5060 Salmant.

204 5093 221 5152 ς
265 5081 368 5156 Epist.
384 5099 431 5141 no.
452 5085 521 5144 edit.
540 5083 683 5145 Salmanr.
