4294 5972
576 430 667 522 ψ
844 441 848 449 ·
971 421 1054 503 nn
1100 419 1301 502 nauus
1350 417 1567 502 cestre

529 603 704 734 Joanne
744 579 916 692 Urbina
957 583 1211 721 jaculatores
1244 581 1553 746 quingenti,
1607 619 1712 686 cum
1761 591 1988 700 Pernando

475 791 478 800 ·
529 750 738 909 Gonzaga
775 731 942 874 equites
979 731 1158 831 trecenti
1194 725 1457 832 mittuntur.
1501 742 1630 830 Facto
1667 729 1756 834 levi
1793 739 1986 878 praelio,

527 882 664 986 ubi
649 919 740 1014 Jam
779 877 870 976 dies
914 910 1221 1018 processerat,
1264 876 1508 975 Fe'rnandus
1558 886 1769 1020 Gonzaga
1816 885 1986 1016 Joanni

526 1026 723 1140 Urbinas
760 1020 1013 1122 nuntiatum
1048 1021 1212 1141 mittit,
1246 1059 1297 1121 ut
1322 1058 1458 1140 eam,·
1483 1058 1621 1162 quam
1656 1021 1876 1150 ducebat,
1897 1067 1983 1130 ma-

530 1209 643 1277 num
677 1167 980 1275 reducerets
965 1206 1058 1303 Jam
1098 1165 1219 1269 enim
1254 1141 1436 1284 hostes,
1476 1199 1527 1264 ut
1568 1161 1651 1266 sibi
1685 1207 1712 1266 a
1748 1169 1836 1270 suis
1861 1209 1986 1274 nun·-

528 1316 687 1418 riarum
723 1350 859 1434 esset,
878 1352 966 1414 sese
1001 1311 1218 1454 recipere.
1255 1308 1425 1414 Uthina
1461 1348 1595 1432 vero,
1627 1345 1671 1412 et
1695 1311 1777 1454 qui
1799 1353 1906 1416 cum
1932 1355 1983 1420 eo

463 1533 466 1538 -
530 1496 640 1581 erat,
662 1458 882 1562 Antonius
908 1457 1067 1560 Ixartin
1070 1496 1117 1558 us
1146 1456 1489 1618 exspectandum
1511 1493 1599 1555 esse
1626 1454 1854 1619 dixerunt,
1879 1462 1983 1562 dum
2131 1501 2132 1506 ‘

530 1604 720 1710 hostes
707 1641 755 1704 m
790 1637 926 1706 castra
960 1603 1202 1720 rediissent,
1239 1635 1290 1702 ut
1331 1597 1591 1741 posteriores
1619 1598 1720 1761 ipsi
1762 1599 1983 1765 honestius

529 1795 575 1854 se
609 1748 877 1910 reciperent,
897 1788 1041 1910 eoque
1078 1748 1182 1847 dato
1218 1782 1430 1885 responso
1465 1741 1653 1845 incitatis
1685 1745 1806 1885 equis
1838 1741 1987 1849 ferun·

532 1931 632 2012 tur,
659 1928 710 1990 ut
746 1891 1003 2033 interposita
1039 1889 1140 1992 villa
1175 1891 1368 2030 quadam
1405 1890 1586 1992 tutiores
1619 1929 1644 1992 a
1678 1890 1899 1990 tormentis
1938 1929 1986 1992 ct

531 2033 789 2175 scloppetis‚
823 2035 935 2173 quid
971 2031 1028 2134 ab
1079 2031 1276 2135 hostibus
1328 2033 1478 2198 fieret,
1513 2033 1838 2176 prospicerent.
1876 2043 1986 2135 Hoc

530 2178 922 2282 animadvertentes
958 2176 1229 2310 jaculatores,
1258 2219 1422 2343 eosque
1457 2181 1505 2279 in
1540 2176 1685 2279 hostes
1719 2173 1874 2278 invehi
1909 2219 1983 2280 ex-

531 2320 811 2441 istimantes,
850 2361 1015 2464 magno
1066 2321 1317 2424 clamore
1305 2361 1420 2425 mter
1471 2363 1558 2424 sese
1608 2320 1953 2424 adhortantes
1940 2361 1984 2422 ιιι

531 2467 675 2571 hostes
720 2502 1018 2606 procurrunt,
1075 2466 1349 2609 inopinatam
1399 2505 1494 2569 rem
1550 2461 1777 2608 praefectis
1834 2466 1984 2567 nostris

530 2608 871 2713 demirantibus
908 2616 1028 2708 Nam
1063 2643 1113 2710 ut
1147 2610 1305 2712 milites
1343 2611 1483 2714 nostri
1518 2609 1610 2712 sine
1652 2649 1780 2712 causa
1815 2607 1977 2712 inho

530 2792 613 2858 stes
648 2750 835 2864 incitati,
866 2750 926 2853 sic
961 2751 1075 2855 Galli
1111 2788 1271 2856 temere
1304 2755 1352 2858 in
1386 2749 1540 2897 fugam
1576 2755 1769 2886 conjecti
1793 2792 1860 2862 sa
1896 2791 1983 2892 qua

532 2938 624 3000 non
660 2932 757 3000 ante
793 2897 1072 3017 destiterunt,
1099 2937 1232 3039 quarn
1267 2901 1323 2999 ad
1359 2901 1561 3039 proxima
1603 2898 1750 2998 castris
1787 2895 1983 3000 aedificia

531 3041 853 3184 pervenissent,
874 3078 1068 3182 quorum
1104 3041 1322 3185 praesidio
1356 3042 1546 3162 confisi,
1577 3041 1835 3172 jaculatores
1871 3067 1981 3142 con-

535 3185 731 3311 sistunt,
760 3221 1101 3348 nostrorumque
1143 3188 1363 3328 impetum
1406 3119 1622 3327 paulisper
1659 3186 1981 3290 sustinuemntr

535 3362 634 3430 tum
669 3329 828 3432 nostris
872 3327 921 3430 in
973 3329 1130 3432 urbem
1175 3370 1261 3430 sese
1302 3328 1606 3470 recipientibus
1662 3327 1783 3429 illi
1771 3368 1816 3428 ιιι
1855 3363 1990 3427 castra
2134 3435 2135 3466 Ξ

534 3507 839 3614 perrexerunt.
875 3485 926 3573 In
962 3514 1012 3572 ea
1046 3469 1155 3616 fuga
1189 3513 1241 3574 ex
1276 3471 1408 3575 Gallis
1445 3471 1643 3573 mille
1606 3472 1776 3572 circiter
1811 3469 1992 3572 ducenti
2134 3491 2135 3496 '

534 3617 701 3719 concisi
719 3615 873 3756 ,capti
908 3616 1047 3756 plures
1084 3617 1218 3718 etiam
1254 3653 1467 3718 numero.
1490 3615 1855 3716 Caesarianorum
1893 3653 1993 3756 per-

535 3760 666 3900 pauci
703 3760 962 3868 desideratis
997 3761 1126 3862 sed
1114 3798 1161 3860 ιιι
1197 3759 1264 3861 his
1301 3759 1454 3861 Fabius
1497 3752 1763 3863 Carachulus
1804 3757 1860 3860 ab
1901 3757 1992 3861 Hi-

535 3941 673 4044 spano
708 3906 945 4033 jaculatore
980 3942 1056 4047 pet
1093 3943 1285 4007 errorem
1312 3944 1403 4046 Ριο
1441 3901 1566 4004 hoste
1602 3911 1826 4035 trajectus.

603 4053 818 4151 XXXVI.
892 4061 956 4152 Ex
996 4047 1085 4150 hoc
1126 4051 1196 4150 die
1227 4085 1403 4152 mutata
1446 4041 1666 4166 fortuna,
1699 4079 1857 4147 cuncta
1901 4041 1991 4148 fere

535 4191 799 4295 Caesarianis
834 4195 891 4298 ad
926 4229 1083 4294 votum
1117 4191 1279 4315 fluere,
1298 4193 1431 4295 Gallis
1465 4233 1615 4313 retro,
1652 4223 1696 4292 et
1730 4190 1781 4290 in
1815 4189 1993 4292 irritum

535 4332 627 4434 labi
660 4370 925 4477 coeperunt.
963 4349 1114 4480 Itaque
1148 4338 1395 4440 Bertecillus
1431 4318 1592 4440 nobilis
1599 4270 1751 4453 latro,
1779 4334 1861 4476 qui
1890 4373 1993 4436 cum

536 4476 811 4617 perditorum
855 4477 1092 4586 hominum
1133 4523 1270 4586 manu
1310 4482 1480 4584 circiter
1523 4483 1906 4625 quingentorum,
1942 4517 1994 4575 o·

397 4668 400 4676 ·
536 4657 689 4722 mnem
725 4661 840 4724 crrca
874 4627 1104 4789 regionem
1145 4626 1192 4726 in
1235 4624 1317 4729 hac
1359 4627 1690 4767 perturbatione
1735 4658 1995 4764 temporum

537 4759 834 4898 infestabat,
822 4773 1034 4916 mcrpiens
1068 4769 1324 4894 Gallorum,
1357 4769 1519 4918 quibus
1552 4805 1652 4876 ants
1686 4765 1891 4890 fatebat,
1875 4805 2000 5016 ,pe

1953 4949 2005 5014 us
