4294 5984
566 475 647 557 130
958 458 1046 537 on
1094 453 1306 535 ussus
1354 447 1576 530 cussis

597 629 847 728 XXXVIII.
920 614 1061 759 Igitur
1096 619 1363 732 Lautrecus,
1404 609 1566 712 coactis
1611 607 1789 754 copiis,
1838 617 1999 750 adjun.

526 809 686 914 ctaque
721 777 997 870 Venetorum
1032 755 1228 860 auxiliari
1260 795 1421 878 manu,
1456 794 1531 899 pet
1566 757 1817 862 Federicum
1852 775 1998 867 Bozu-

528 919 644 1037 lum,
670 948 712 1017 et
745 908 954 1012 exercitus
990 940 1160 1047 partem
1194 938 1308 1004 trans
1344 902 1558 1006 Ticinum
1594 904 1805 1026 missam,
1841 908 1996 1052 vigie-

531 1101 640 1162 vum
668 1055 886 1198 oppidum
916 1091 1053 1192 parvo
1078 1048 1261 1193 negotio
1290 1048 1471 1189 recepit,
1491 1087 1536 1151 et
1558 1050 1832 1172 Novariam,
1862 1094 1994 1195 quam

529 1202 755 1344 Philippus
790 1197 1025 1300 Totnelius
1057 1235 1164 1298 curn
1199 1193 1416 1335 praesidio
1453 1191 1665 1316 tenebat,
1703 1201 1990 1341 expugnavit.

531 1348 708 1448 Deinde
738 1384 788 1445 ea
814 1381 949 1444 manu
974 1381 1078 1442 cum
1111 1339 1313 1441 cherico
1347 1374 1582 1460 revocata,
1612 1341 1821 1482 Papiam,
1858 1383 1994 1484 quam
2136 1415 2137 1428 t

530 1491 755 1592 Pedericus
790 1485 995 1590 Marchio
1031 1523 1076 1586 et
1113 1485 1333 1587 Antonius
1368 1483 1505 1585 Leiva
1549 1525 1653 1586 curn
1696 1526 1836 1628 parvo
1872 1528 1992 1630 prae·-
2136 1527 2137 1548 ³

530 1636 644 1738 sidio
680 1631 970 1751 obtinebant,
1006 1631 1147 1774 copiis
1183 1625 1390 1730 omnibus
1427 1669 1685 1775 oppugnare
1721 1669 1866 1774 parat.
1905 1645 1992 1735 Hu-

532 1792 599 1916 jus
647 1780 834 1921 cognito
878 1778 1098 1896 consilio,
1148 1783 1328 1915 Prosper
1376 1816 1429 1874 ex
1477 1777 1771 1896 Mediolano,
1822 1776 1900 1878 ubi
1953 1822 1994 1881 se

533 1924 861 2063 exercitumque
895 1918 1180 2037 continebat,
1224 1914 1503 2062 Papiensibus
1548 1921 1850 2064 Hispanorum
1882 1934 1991 2024 Cor-

533 2070 808 2209 sicorumque
851 2067 1062 2166 delectam
1107 2101 1293 2164 manum
1345 2062 1541 2164 subsidio
1584 2067 1761 2187 mit'trt,
1803 2105 1993 2210 quorum
2137 2167 2138 2172 a

535 2251 708 2312 tantum
744 2207 829 2310 fuit
865 2211 1097 2330 studium,
1142 2245 1186 2308 et
1229 2207 1369 2308 animi
1408 2204 1575 2329 robur,
1621 2246 1673 2311 ut
1715 2249 1792 2352 per
1837 2251 1992 2356 agmen
2137 2291 2138 2310 ,

533 2353 729 2458 hostium
764 2354 1219 2496 appropinquantium
1253 2352 1570 2494 irrumpentes,
1609 2355 1829 2496 oppidum
1864 2358 1995 2459 intra·

532 2537 655 2603 rent.
693 2513 904 2602 Ceterum
941 2535 1105 2639 magno
1140 2498 1312 2640 impetu
1347 2497 1461 2598 Galli
1495 2498 1680 2639 Papiam
1714 2539 1992 2645 oppugnare,

531 2645 846 2783 tormentisque
881 2675 1059 2782 quatere
1093 2643 1314 2785 aggressi,
1350 2637 1518 2742 bonam
1551 2643 1668 2742 muri
1710 2679 1879 2783 partem
1925 2649 1994 2744 di-

533 2823 738 2894 ruerunt3
785 2787 857 2888 sed
900 2785 966 2885 his
1008 2785 1274 2886 detrimentis
1324 2785 1531 2929 singulari
1573 2781 1848 2889 defensorum
1891 2787 1993 2889 dili·

534 2931 681 3074 gentia
707 2928 989 3031 occurebatur
1021 2932 1228 3032 ducendis
1260 2932 1366 3033 citra
1405 2970 1583 3032 murum
1616 2927 1738 3032 fossis
1771 2969 1991 3034 exstruen-

535 3076 690 3216 disque
732 3073 878 3176 vallis.
927 3074 1104 3175 Accidit
1151 3113 1333 3218 quoque
1373 3111 1740 3216 peropportune,
1781 3114 1833 3177 ut
1873 3077 1991 3180 mul-

533 3254 678 3320 torum
713 3218 886 3321 dierum
922 3220 1191 3322 continentes
1226 3221 1399 3363 pluviae
1434 3257 1836 3363 consequerentur,
1878 3259 1989 3362 quat
2138 3329 2139 3338 Ν

536 3359 762 3465 Gallorum
807 3365 1230 3466 administrationem
1272 3367 1523 3484 tardarunt,
1567 3367 1820 3506 eisdemque
1866 3363 1991 3466 ciba·
2138 3453 2139 3464 t

534 3508 707 3610 riorum
741 3507 941 3653 inopiam
979 3547 1190 3651 magnam
1226 3510 1490 3630 attulerunt,
1525 3547 1605 3611 nec
1641 3509 1763 3610 enirn
1800 3547 1878 3651 per
1914 3547 1991 3610 ter·
2138 3507 2139 3514 Ν

536 3690 630 3753 tarn
667 3652 748 3753 viis
785 3694 900 3795 aqua
935 3653 1139 3794 repletis,
1176 3692 1257 3755 nec
1297 3694 1375 3798 per
1417 3655 1738 3758 redundantem
1779 3653 1990 3759 Ticinum

537 3794 722 3897 navibus
758 3796 806 3897 in
841 3833 974 3899 castra
1010 3835 1280 3900 commeatus
1317 3799 1563 3940 supportari
1596 3834 1814 3941 poterant.

607 3951 822 4042 XXXIX.
897 3943 983 4043 His
1032 3937 1358 4046 difficultatibus
1400 3953 1635 4066 Lautrecus
1683 3941 1900 4063 affecms,
1950 3975 1990 4042 et

534 4091 744 4226 Prospero
787 4087 1126 4209 Mediolanum,
1169 4125 1219 4190 ut
1260 4089 1343 4192 suis
1389 4089 1553 4191 auxilio
1596 4088 1766 4192 veniret
1779 4167 1794 4210 ,
1841 4086 1986 4229 copias

532 4226 754 4329 deduxisse
788 4231 1000 4373 cognito,
1032 4235 1190 4375 Papiae
1223 4234 1603 4378 oppugnationem
1635 4273 1684 4336 ac
1713 4233 1986 4336 obsidionem

534 4371 774 4494 omittens,
812 4411 945 4478 castra
982 4379 1157 4496 movit,
1203 4413 1247 4481 et
1289 4380 1581 4521 Moguntiam
1619 4378 1857 4479 exercitum
1896 4409 1985 4515 per-

532 4513 674 4615 duxit.
711 4528 816 4618 Huc
852 4517 931 4621 ubi
967 4559 1151 4623 ventum
1186 4555 1248 4624 est
1263 4600 1278 4644 ,
1320 4524 1520 4624 Helvetii
1560 4522 1880 4625 diuturniorem
1918 4517 1984 4615 la-

529 4653 686 4763 borem
725 4660 877 4803 inique
912 4660 1096 4765 ferentes
1110 4741 1125 4785 ,
1155 4701 1205 4765 ut
1239 4701 1300 4765 est
1336 4665 1566 4768 Gallorum
1600 4669 1772 4772 animus
1806 4665 1861 4764 ad
1897 4696 1984 4804 per·

525 4795 719 4904 ferendas
756 4808 1041 4934 calamitates,
1077 4847 1210 4954 prout
1246 4823 1406 4916 Caesar
1441 4813 1607 4957 saepius
1643 4845 1846 4955 expertus
1882 4845 1985 4970 cop·

1798 5029 1801 5042 .
1881 4988 1986 5054 scn-
