4326 5986
455 481 459 494 ·
586 436 825 551 canoas
873 438 929 522 v
972 441 1088 524 Lm.
1129 443 1222 524 ιιι.
1523 421 1609 538 38³

183 639 303 704 toms
339 591 388 700 in
424 590 636 698 ultimum
673 593 837 695 vallum
874 593 1251 738 perducendum
1239 593 1437 700 1nsistere
1473 598 1656 743 coepit,

183 747 266 890 qui
302 778 403 886 post
439 741 550 842 duos
587 774 855 842 memoratos
890 740 1075 884 propius
1110 740 1318 842 Goletam
1354 783 1381 842 a
1417 741 1657 884 paludem
1708 863 1713 874 Ι

183 929 307 994 mare
342 883 611 990 ducebatur.
650 897 758 1007 Quo
793 919 1000 1026 peracto,
1035 885 1226 1027 spatium
1253 884 1535 1019 interjectum
1558 887 1658 988 lon·

184 1036 310 1196 gius
320 1072 445 1150 esse,
487 1068 624 1172 quarn
660 1062 711 1129 ut
746 1024 805 1129 ab
840 1069 895 1130 eo
939 1028 1097 1131 Goleta
1139 1031 1377 1132 commode
1424 1033 1657 1132 tormentis

186 1177 315 1319 quati
351 1208 527 1318 posset,
568 1214 672 1276 cum
708 1173 963 1299 videretur,
996 1175 1100 1276 alter
1138 1209 1238 1318 post
1272 1171 1391 1276 hunc
1419 1176 1475 1274 ad
1511 1214 1657 1316 passus

185 1322 357 1422 circiter
392 1353 574 1420 centurn
616 1315 795 1420 brevior
833 1317 1052 1460 erigitur,
1087 1317 1169 1421 ubi
1205 1357 1305 1419 seco
1351 1357 1517 1480 magna
1559 1357 1657 1418 tot-

187 1500 337 1568 menta
377 1463 631 1583 collocata,
666 1497 809 1565 cetera
851 1499 928 1603 pet
972 1463 1165 1607 priorem
1208 1461 1373 1566 vallum
1416 1460 1658 1603 disposita3

184 1641 284 1711 tum
318 1609 376 1708 ad
412 1606 717 1750 Hispanorum
756 1603 990 1728 cohortes,
1026 1647 1141 1749 quae
1176 1643 1408 1748 nunquam
1445 1603 1503 1707 ab
1540 1606 1657 1708 vallo

185 1749 493 1870 discedebant,
526 1750 741 1852 Italorum
789 1787 981 1893 quatuor
1025 1751 1203 1870 millia,
1241 1759 1659 1914 Germanorumque

186 1897 314 2017 duo,
353 1894 433 2038 qui
480 1892 689 1996 Goletam
724 1930 1078 2036 oppugnarent,
1115 1896 1319 2028 adjecta,
1340 1894 1553 2058 Hispani
1602 1896 1660 1997 ad

185 2077 338 2159 mare,
367 2036 507 2138 Italici
541 2037 598 2136 ad
633 2037 845 2208 paludem
880 2036 1115 2156 collocati,
1146 2037 1357 2139 Germani
1385 2035 1498 2139 inter
1528 2072 1662 2139 utros-

187 2223 276 2324 que
312 2177 686 2302 consistebant,
671 2179 776 2315 jussi
810 2179 860 2282 in
895 2217 992 2284 eam
1028 2211 1233 2324 partem,
1266 2218 1360 2323 quo
1397 2219 1460 2286 res
1496 2179 1660 2284 adhor-

187 2361 378 2446 taretur,
415 2321 702 2426 incumbere.

258 2479 384 2574 XVI.
459 2468 645 2572 Histra
679 2463 980 2609 compositis,
1021 2502 1066 2568 et
1100 2463 1311 2570 omnibus
1358 2467 1488 2571 rebus
1533 2503 1666 2570 com-

187 2613 381 2758 paratis,
423 2611 516 2718 dies
530 2646 819 2777 exspectatur
855 2649 1058 2730 serenus,
1087 2651 1183 2753 quo
1219 2651 1341 2714 mare
1372 2593 1664 2754 tranquillum

190 2792 333 2878 esset,
367 2791 411 2858 et
446 2756 547 2857 usui
593 2756 776 2858 navium
812 2754 869 2856 ad
913 2755 1300 2899 oppugnationem
1343 2754 1660 2858 accommoda-

193 2933 320 3002 tum.
372 2911 524 3022 Quem
560 2898 683 3000 diem
727 2898 913 3000 Carolus
950 2900 1308 3042 appropinquare
1360 2938 1573 3042 sperans,
1615 2929 1675 3002 ut‘

191 3043 390 3144 militurn
427 3044 484 3146 ad
520 3042 910 3206 oppugnationem
935 3043 1121 3145 Goletae
1146 3044 1465 3146 destinatomm
1491 3043 1664 3144 animos

191 3185 510 3308 confirmaret,
548 3227 665 3308 eos,
699 3223 750 3288 ut
787 3184 916 3289 divisi
952 3221 1115 3307 erant,
1154 3187 1400 3330 generatim
1443 3187 1575 3307 adit,
1618 3222 1663 3288 et

191 3367 277 3468 pro
315 3371 392 3431 sua
427 3369 630 3471 quosque
666 3367 822 3432 natura
858 3330 1007 3472 paucis
1043 3264 1269 3473 quidem,
1309 3332 1385 3431 sed
1427 3327 1661 3472 prudenti-

191 3470 272 3575 bus
324 3470 470 3575 verbis
512 3473 568 3572 ad
612 3507 782 3574 strenue
826 3473 1118 3617 pugnandum
1163 3472 1447 3577 adhortatur.
1493 3547 1527 3598 „
1543 3481 1659 3572 Get·-

192 3651 393 3738 „manos
427 3618 584 3750 jubet,
622 3654 705 3737 ut,
714 3657 841 3781 quas
877 3618 1070 3782 reliquae
1106 3620 1261 3763 copiae
1298 3657 1380 3760 pro
1415 3653 1547 3718 muro
1584 3613 1660 3719 ha-

189 3837 225 3884 „
239 3759 427 3886 berent,
459 3799 675 3864 memores
712 3761 866 3864 insitae
900 3761 1071 3866 virtutis
1107 3804 1158 3866 ac
1192 3763 1366 3865 roboris
1402 3795 1573 3879 essent,
1613 3796 1659 3861 et

191 3943 379 4068 „quarn
423 3945 545 4049 spem
593 3906 649 4008 de
684 3948 728 4012 se
778 3903 1072 4073 praebuissent
1107 3905 1289 4008 bellicae
1340 3902 1511 4008 virturis
1555 3943 1657 4006 suae

193 4048 381 4190 „gentis
423 4050 680 4193 opinione,
728 4051 895 4155 hanc
883 4091 932 4154 rn
974 4091 1025 4153 ea
1067 4046 1445 4215 oppugnatione,
1484 4047 1520 4148 si
1570 4085 1658 4148 un·

192 4231 378 4334 „quam
413 4195 553 4314 alias,
592 4193 676 4295 sibi
714 4196 875 4319 etiarn,
901 4228 1032 4339 atque
1068 4195 1202 4297 etiarn
1235 4193 1539 4337 praestandam
1573 4227 1657 4332 pu·

194 4371 411 4462 „tarent
456 4271 584 4440 Italbs
622 4339 763 4482 gentis
807 4382 858 4443 ac
893 4339 1018 4462 loci,
1053 4340 1133 4442 ubi
1165 4377 1227 4441 res
1270 4372 1536 4502 gereretur,
1571 4335 1655 4436 ad-

192 4555 226 4602 „
240 4517 431 4604 monet,
468 4481 519 4586 in
561 4518 817 4649 conspectu
843 4525 930 4587 esse
973 4481 1247 4628 Carthaginis
1297 4481 1488 4602 ruinas,
1542 4517 1656 4619 quae

195 4696 228 4747 „
243 4626 353 4726 dum
389 4625 551 4769 opibus
587 4663 628 4732 et
662 4627 852 4772 imperio
886 4625 1095 4752 floreret,
1129 4667 1181 4730 ac
1216 4659 1323 4729 esset
1358 4623 1508 4726 ceteris
1543 4661 1657 4764 gen-

195 4839 227 4889 „
240 4765 353 4872 tibus
387 4765 710 4897 formidabilis,
706 4773 952 4920 ipsorum
985 4807 1136 4880 tamen
1170 4769 1448 4908 majoribus,
1476 4765 1658 4870 Italicis-

1534 4945 1658 5053 „que
