4294 5984
556 408 638 520 148
945 419 1029 502 nn
1076 419 1282 499 nunus
1319 413 1537 496 Gnsms

511 631 615 694 cum
652 579 871 730 praefecto
908 577 1168 684 Marchione
1203 588 1453 681 Mantuano
1490 572 1745 696 militabat,
1794 577 1981 684 Medio-
2122 661 2123 664 κ

511 739 615 838 lano
652 769 840 850 movet,
874 727 1128 830 Italicorum
1165 724 1368 867 quinque
1405 722 1600 826 millibus
1643 721 1862 863 praesidio
1909 767 1977 829 re-

512 882 652 1000 lictis,
689 878 990 1014 Ticinumque
1027 871 1176 1013 copias
1213 869 1438 991 traduxit,
1483 869 1620 969 etad
1661 865 1976 978 Gambalotum

513 1063 649 1127 eastra
689 1018 862 1162 posuit.
900 1027 1005 1117 Hoc
1042 1016 1388 1116 animadvertens
1420 1011 1719 1134 Almirallius‚
1754 1049 1798 1114 et
1832 1018 1974 1121 amissi

515 1157 708 1271 Garlasci
742 1162 903 1266 nuntio
939 1195 1228 1281 commotus,
1263 1158 1387 1301 quod
1423 1156 1672 1277 castellum,
1714 1195 1818 1258 cum
1854 1198 1975 1301 prae.

515 1312 630 1414 sidio
666 1310 893 1408 Gallorum
929 1341 1176 1425 teneretur,
1212 1341 1345 1446 opera
1379 1335 1424 1400 et
1458 1301 1670 1403 industria
1703 1311 1975 1406 Venetorum

516 1497 568 1558 ac
593 1451 728 1554 Ducis
758 1450 985 1552 Urbinatis
1006 1445 1147 1551 fuerat
1182 1481 1514 1590 expugnatum,
1550 1445 1642 1586 ipse
1678 1483 1859 1586 quoque
1888 1446 1974 1548 Ab·

518 1600 770 1742 biangrasso
807 1633 992 1734 movet,
1029 1592 1333 1735 praesidioque
1369 1590 1553 1709 relicto,
1580 1587 1759 1729 copias,
1794 1589 1844 1688 in
1879 1592 1975 1732 qui-

518 1742 600 1846 bus
637 1775 754 1844 erant
789 1739 1101 1840 Helvetiorum
1137 1736 1375 1839 duodecim
1414 1733 1586 1854 millia,
1625 1731 1842 1834 Ticinum
1887 1769 1971 1836 tta-

517 1887 654 2020 jecit‚
691 1887 824 1984 etad
862 1881 1161 2024 Vlglevenum
1196 1919 1289 1981 non
1322 1879 1456 2018 longe
1492 1875 1549 1977 ab
1585 1873 1784 1980 hostibus
1824 1916 1970 1978 conse-

519 2031 615 2132 dit.
654 2027 745 2127 Hic
782 2021 1025 2167 frequenter
1062 2021 1204 2166 parvis
1241 2018 1510 2165 equestribus
1546 2021 1714 2161 praeliis
1751 2022 1972 2124 secundo«

519 2165 636 2274 ribus
673 2209 836 2312 magna
872 2209 925 2268 ex
962 2203 1084 2310 parte
1120 2205 1223 2268 cum
1258 2165 1392 2269 Gallis
1427 2162 1785 2268 contendebant.

590 2319 667 2414 XI.
742 2325 895 2454 Itaque
942 2310 1008 2411 bis
1052 2308 1280 2413 levioribus
1321 2307 1673 2430 certaminibus,
1715 2346 1761 2412 et
1801 2345 1974 2456 accepto

518 2494 658 2599 nuper
702 2457 761 2557 ad
803 2456 1039 2558 Robecum
1086 2455 1304 2556 castellum
1353 2455 1679 2577 incommodo,
1731 2452 1811 2556 ubi
1860 2453 1973 2556 bona

518 2637 615 2742 pars
657 2598 1030 2739 cataphractorum
1072 2601 1127 2699 de
1168 2599 1411 2739 improviso
1454 2595 1596 2700 fixerat
1637 2642 1663 2700 a
1707 2597 1969 2698 Caesarianis

518 2780 754 2883 oppressa,
802 2744 995 2842 multum
1044 2779 1130 2843 etat
1180 2743 1369 2845 Gallicus
1425 2743 1640 2884 equitants
1682 2741 1970 2846 imminutus3

518 2923 713 3025 quorum
747 2885 1163 3008 incommodorum,
1187 2923 1510 3030 ceterammque
1540 2883 1644 2988 belli
1678 2881 1973 2985 calamitatum

516 3065 602 3168 pro
637 3070 715 3130 suo
752 3029 934 3172 ingenio
970 3030 1248 3170 impatientes
1279 3032 1443 3151 Galli,
1462 3030 1602 3172 copiis
1640 3026 1849 3130 omnibus
1883 3065 1972 3128 rem

516 3172 686 3310 praelio
723 3175 1000 3278 committere
1036 3175 1339 3296 constituunt,
1373 3211 1417 3276 et
1452 3174 1667 3276 continuo
1704 3169 1845 3275 biduo
1885 3169 1968 3268 acie

518 3313 757 3438 instructa,
794 3315 991 3419 hostibus
1025 3320 1253 3462 pugnandi
1288 3353 1548 3460 potestatem
1582 3312 1778 3420 faciunt.
1818 3328 1973 3418 Caesa-

518 3457 632 3559 riani
675 3498 813 3582 vero,
859 3501 1135 3604 quamquam
1171 3499 1214 3564 et
1248 3502 1464 3586 numero,
1501 3498 1545 3564 et
1588 3501 1745 3606 genere
1785 3460 1975 3561 militum

517 3639 638 3703 erant
682 3606 959 3748 superiores,
1002 3642 1152 3709 tamen
1195 3605 1333 3709 tutius
1376 3607 1613 3710 consilium
1663 3639 1863 3708 ementae
1906 3601 1975 3704 vie

515 3747 681 3848 ctoriae
726 3744 1068 3890 praeferendum
1115 3753 1230 3871 rati,
1280 3790 1456 3894 pugnae
1505 3751 1754 3853 discrimine
1804 3749 1973 3863 vitat0,

514 3883 678 3989 bellum
715 3895 877 3994 ducere·
909 3896 1181 4015 decernunt,
1218 3931 1261 3994 et
1301 3933 1380 4036 per
1403 3883 1702 4015 occasiones,
1744 3933 1853 4035 quas
1896 3888 1976 3992 sibi

514 4031 646 4132 certas
683 4074 734 4135 ex
771 4037 994 4140 Gallorum
1029 4073 1177 4142 natura
1219 4074 1263 4139 et
1311 4039 1584 4180 impatientia
1625 4037 1972 4183 pollicebantur,

514 4176 837 4282 administrare.
866 4181 1016 4283 Paucis
1042 4181 1180 4325 igitur
1206 4178 1395 4302 diebus,
1429 4199 1633 4286 Saturana
1665 4181 1857 4319 (castelli
1892 4178 1973 4278 hoc

513 4357 677 4424 nomen
714 4327 801 4460 est)
838 4359 941 4426 cum
977 4364 1103 4446 arce,
1139 4369 1265 4429 caeso
1301 4325 1552 4468 praesidio,
1588 4363 1631 4432 et
1670 4325 1807 4466 captis
1849 4333 1967 4464 Ugo·

512 4501 569 4562 ne
617 4468 781 4609 Pepulo
829 4470 1135 4592 Bononiensi,
1184 4508 1228 4574 et
1271 4478 1449 4606 Joarme
1491 4472 1663 4616 Virago
1711 4463 1966 4614 praefectis,

513 4649 790 4756 expugnata,
826 4650 1060 4756 antequam
1086 4613 1349 4717 Almirallius
1375 4616 1625 4758 Vigleveno
1650 4654 1835 4719 movens
1865 4605 1967 4710 sub·-'

512 4755 626 4857 sidio
647 4760 918 4900 perveniret,
955 4799 1038 4864 nec
1064 4761 1207 4865 multo
1231 4793 1332 4904 post
1362 4760 1586 4868 Vercellae
1620 4802 1699 4906 per
1735 4755 1971 4906 oppidano

1872 4933 1973 5002 rum
