4294 5972
571 435 657 550 34⁶
976 449 1060 528 ou
1102 443 1300 528 nouus
1338 441 1559 530 GESTIS

529 647 599 712 tur
638 611 819 753 propter
855 643 1113 724 annonam,
1160 642 1272 742 quae
1309 606 1489 706 adverso
1530 599 1687 726 Tiberi
1731 642 1989 745 comporta·

530 793 629 874 tur,
663 789 860 894 agroque
894 761 1132 868 Roman0,
1180 748 1255 847 sed
1289 747 1405 850 Urbi
1441 749 1577 849 etiam
1621 749 1706 888 ipsi
1749 751 1987 850 metuenti-

534 898 637 999 bus.
675 907 825 1035 Itaque
861 894 1036 993 decreto
1071 905 1247 992 Senatus
1282 892 1580 993 cardinalium
1616 896 1757 1024 (nam
1786 891 1985 994 Clemens
2131 931 2132 946 ¹

465 1091 468 1098 ²
535 1033 738 1142 Pontifex
775 1037 996 1136 Maximus
1039 1033 1155 1135 letali
1197 1031 1361 1135 morbo
1402 1031 1664 1168 laborabat)
1709 1031 1887 1134 habitus
1929 1071 1986 1138 est

536 1182 729 1283 militum
766 1182 955 1280 delectus
991 1218 1066 1320 per
1102 1178 1401 1318 Hippolytum
1439 1179 1661 1279 Medicem
1689 1177 1987 1299 Cardinalem‚

537 1322 846 1465 confectusque
881 1361 1086 1424 numerus
1123 1323 1179 1421 ad
1215 1361 1286 1421 sex
1322 1319 1542 1440 millium,
1563 1356 1751 1463 quarum
1766 1359 1887 1460 ‚pars
1923 1333 1987 1424 0-

537 1467 663 1568 stiam
700 1468 817 1568 missi
859 1465 1063 1606 praesidii
1100 1463 1272 1608 gratia,
1317 1497 1360 1563 et
1406 1473 1573 1606 Pyrgos
1616 1499 1807 1581 veteres,
1854 1499 1987 1606 atque

537 1611 754 1713 Gravissas
796 1611 900 1744 (sic
944 1611 1063 1711 enim
1104 1606 1323 1710 veteribus
1372 1605 1598 1706 vocabulis
1647 1604 1857 1747 appellari
1899 1648 1987 1749 pu·
2132 1649 2133 1710 s

537 1788 631 1854 rant
668 1754 855 1896 oppida,
894 1793 1006 1891 quae
1036 1791 1153 1851 nunc
1189 1755 1366 1854 Veterem
1389 1756 1592 1850 Civitatem
1617 1784 1661 1850 et
1684 1755 1883 1850 cornetum
1908 1791 1987 1851 vo-

535 1901 669 2030 cant)
716 1894 847 1997 ceteri
880 1898 937 1994 ad
978 1890 1151 1994 Urbem
1186 1893 1395 1992 tuendam
1437 1927 1479 1996 et
1523 1929 1681 2035 agrum
1727 1902 1988 1998 Romanum

536 2039 705 2140 relicti.
744 2047 844 2140 Nec
878 2075 986 2138 vero
1024 2036 1168 2138 solum
1201 2046 1418 2162 Rornae,
1461 2037 1532 2136 sed
1569 2072 1665 2136 tota
1708 2027 1797 2134 fere
1835 2035 1983 2160 Italia,

534 2181 785 2321 praesertim
849 2182 904 2280 ad
950 2219 1082 2280 oram
1140 2179 1408 2280 maritimam
1458 2178 1719 2320 trepidatum
1770 2213 1834 2278 cst
1883 2181 1984 2280 cum'

534 2325 747 2470 praesenti
784 2324 1006 2463 periculo,
1041 2322 1115 2422 cui
1150 2323 1290 2422 resisti
1323 2317 1538 2422 hocerat
1580 2317 1833 2438 difficilius,
1869 2361 1985 2462 quo

534 2504 653 2566 mam
692 2465 849 2585 bostis,
866 2505 1145 2605 quacumque
1180 2463 1400 2584 libuisset,
1436 2465 1651 2565 celeritate
1686 2465 1867 2564 navium
1901 2505 1984 2566 rm·
2133 2545 2134 2608 t

534 2610 733 2749 provisus
775 2610 959 2726 aderat,
1002 2644 1099 2706 turn
1140 2608 1331 2707 maxime
1373 2608 1725 2750 impendentium
1770 2605 1981 2707 malorum

534 2750 731 2869 timore,
769 2750 933 2889 quippe
967 2745 1127 2851 infesto
1172 2751 1306 2872 mari,
1329 2749 1643 2890 impeditisque
1689 2749 1982 2892 navigationi-

535 2887 616 2992 bus
652 2892 774 2991 Italia
808 2891 919 2992 nihil
956 2893 1111 3013 aliud,
1145 2932 1280 3033 quam
1316 2892 1509 2994 obsideri
1543 2890 1809 3012 videbatur,
1846 2892 1981 2992 inter·

533 3035 658 3133 clusa'
683 3049 726 3134 r'e
762 3029 1041 3137 ftumentaria
1078 3071 1121 3135 et
1157 3077 1333 3136 annona
1367 3074 1535 3156 cetera,
1570 3077 1660 3178 qua
1703 3033 1817 3138 vivit
1851 3033 1980 3176 ipsius

533 3173 653 3277 bona
694 3215 820 3318 pars,
864 3220 917 3278 er
957 3177 1101 3279 Sicilia
1143 3214 1188 3280 et
1228 3180 1320 3280 aliis
1361 3179 1652 3314 adjacentibus
1696 3175 1848 3279 insulis
1891 3179 1975 3280 irn-

471 3367 473 3372 ·
532 3353 734 3459 portata.
883 3393 889 3410 .

605 3471 718 3562 VIII.
792 3461 1063 3566 Charadinus
1098 3503 1249 3566 autem
1282 3463 1330 3566 in
1372 3461 1568 3567 Africam
1609 3501 1841 3566 conversus
1885 3469 1980 3566 Tu·

532 3637 677 3706 netem
714 3603 871 3736 urbem
907 3617 999 3740 ejus
1035 3608 1221 3750 regionis
1257 3609 1634 3750 opulentissimam
1658 3608 1898 3749 Regnique
1922 3646 1980 3706 ca·

531 3782 613 3884 put
647 3745 804 3890 partim
860 3787 939 3850 suo
970 3750 1113 3869 dolo,
1159 3754 1316 3892 partim
1360 3753 1691 3894 oppidanorum
1734 3750 1982 3891 proditione

530 3885 674 4030 capit,
703 3893 834 4033 'pulso
870 3903 1056 3993 Hazeuo
1092 3905 1237 4036 Rege,
1265 3893 1346 4035 qui
1380 3903 1473 4026 jure
1510 3894 1783 3996 hereditario*
1807 3890 1980 3994 civitati

530 4065 575 4129 et
608 4034 779 4174 regioni
797 4033 898 4135 huic
916 4031 1224 4174 imperitabat.
1263 4047 1365 4138 Erat
1392 4047 1580 4140 Hazeno
1604 4032 1733 4138 frater
1760 4045 1980 4154 Remus,

527 4176 606 4312 qui
641 4209 744 4276 cum
779 4211 887 4276 esset
922 4179 1129 4320 gratiosus
1164 4181 1280 4322 apud
1317 4181 1572 4322 populares,
1593 4213 1810 4281 metuens
1847 4178 1979 4320 Regis

525 4319 784 4464 saeuitiam,
820 4319 900 4459 qui
936 4325 1149 4462 quosdam
1185 4323 1289 4423 alios
1323 4319 1502 4443 fratres,
1525 4319 1773 4424 dumnsibi
1790 4331 1976 4460 Regno·

523 4493 623 4598 que·
641 4455 891 4580 ”metueret-'3
916 4457 1230 4569 *crudelissime
1271 4465 1562 4589 netavomr⁴2‚·'l
1577 4462 1974 4566 ad·›‘'Chara'diIrum

520 4597 803 4746 confugerat,
843 4601 1138 4746 eumdemque
1176 4606 1822 4739 secutus-'eratfirnTlrrociam
1843 4602 1976 4704 nevi·

514 4739 720 4886 gamem.
763 4761 902 4852 Hunc
924 4749 1139 4887 'Byzantii
1173 4750 1411 4893 reliquerat
1436 4751 1717 4854 Charadinus.
1740 4748 1976 4888 Solymano

521 4919 525 4926 ·
581 4924 585 4932 ·
1733 4911 1760 4992 ,i
1805 4899 1972 4992 ..clim-
