4294 5984
562 449 616 534 80
925 457 1007 538 DE
1044 455 1267 536 =REBUS
1315 449 1539 537 GEsrrs‘
1568 449 1596 522 'ff

514 662 644 767 psum
688 613 736 720 in
783 611 977 760 partibus
1020 615 1103 717 suis
1144 605 1504 757 permansurum,
1547 603 1673 712 eum'¹
1693 641 1809 715 eum'·
1836 615 1986 758 copiis

516 769 601 866 suis
638 754 841 865 adversus
875 801 1095 901 proceres,
1133 759 1295 901 quibus
1330 799 1458 861 causa
1472 787 1478 804 '
1493 797 1596 859 cum
1623 768 1748 901 Rege
1781 798 1985 866 commu·

516 912 582 1012 nis
621 950 706 1012 esse
742 905 970 1008 videbatur
983 985 999 1027 ,
1038 902 1347 1047 praeficerent.

608 1064 666 1154 X.
758 1064 968 1153 Ceterum
1005 1049 1234 1192 populares
1269 1045 1486 1149 Hadriani
1522 1047 1807 1171 Cardinalis,
1844 1049 1918 1153 eui
1954 1075 1989 1154 a'

515 1198 760 1299 discedente
796 1195 958 1298 Carolo
973 1270 980 1280 -
996 1195 1179 1336 Regni,
1214 1229 1265 1294 ut
1301 1196 1649 1297 demonstratum
1684 1231 1777 1315 est,
1812 1231 1985 1336 procu-

516 1345 626 1444 ratio
663 1340 821 1441 tradita
857 1333 1027 1477 fuerat,
1062 1339 1286 1481 Regiique
1322 1338 1507 1442 Consilii
1549 1339 1857 1441 auctoritatem
1895 1343 1983 1442 suis

515 1489 743 1590 conatibus
778 1481 927 1587 obesse
964 1483 1393 1606 animadvertentes,
1430 1484 1715 1586 Hadrianum
1750 1485 1898 1626 ipsum
1938 1519 1982 1586 et

516 1633 783 1736 consultores
828 1666 1080 1771 ceterosque
1123 1631 1399 1772 magistratus
1429 1629 1619 1772 Regiam
1663 1629 1809 1729 aulam
1847 1627 1977 1771 sequi

516 1777 668 1878 solitos
714 1815 863 1915 capere
906 1771 1177 1875 moliuntur.
1226 1784 1331 1873 Hoc
1372 1773 1436 1873 illi
1479 1775 1702 1916 cognito,
1745 1773 1981 1876 Valdolito

515 1921 779 2063 intempesta
827 1955 959 2019 nocte
1007 1911 1258 2036 discedunt,
1315 1952 1358 2016 et
1394 1917 1646 2020 Hadrianus
1683 1957 1787 2019 curn
1825 1955 1982 2018 eorum

515 2100 638 2204 parte
674 2060 1019 2199 Methymnam,
1056 2101 1170 2202 quae
1205 2062 1262 2162 ad
1298 2063 1449 2186 Quum
1487 2068 1642 2162 Siccam
1676 2053 1983 2206 cognomina-

516 2243 619 2326 tur,
656 2207 893 2308 Almiranti
929 2207 1111 2306 ditionis
1148 2197 1394 2347 oppidum,
1432 2245 1536 2305 cum
1571 2206 1721 2307 ceteris
1753 2205 1980 2308 Antonius

515 2362 663 2451 Roxas
688 2349 1053 2492 Archiepiscopus
1081 2348 1387 2490 Granatensis,
1415 2362 1591 2451 Senatus
1614 2351 1892 2491 Consiliique
1928 2393 1979 2452 e-

514 2495 685 2629 jusdem
722 2488 994 2634 praefectus,
1030 2493 1270 2638 Vernicam
1306 2493 1353 2592 in
1389 2489 1493 2594 fines
1527 2493 1835 2596 Comestabilis
1872 2531 1985 2634 pro-

516 2633 753 2779 fugerunt.
790 2649 954 2736 Interea
988 2636 1210 2737 Federicus
1240 2635 1511 2738 Almirantus
1547 2677 1599 2738 ex
1633 2637 1863 2739 Catalonia
1884 2643 1989 2734 Me:

517 2779 751 2916 thymnam
782 2819 904 2879 suam
936 2819 1126 2883 reversus
1161 2816 1247 2902 est,
1284 2780 1506 2922 adquam
1537 2821 1735 2922 prooeres
1764 2820 1870 2881 cum
1900 2819 1981 2880 suo

517 2925 706 3066 quisque
740 2924 956 3026 comitatu
991 2921 1233 3067 frequentes
1271 2962 1595 3027 convenerunt.
1624 2923 1769 3027 Affuit
1794 2924 1984 3025 Alvarus

518 3069 702 3168 Osorius
746 3069 973 3169 Asturicae
1024 3068 1230 3169 Marchio
1275 3107 1378 3169 cum
1420 3077 1594 3191 Petro,
1636 3071 1843 3210 maximo¹
1879 3101 1986 3168 natu

519 3208 647 3330 filio,
693 3205 899 3313 Alfonsus
946 3211 1211 3314 Pimentelus
1260 3212 1533 3333 Beneventi,
1579 3220 1825 3315 Fernandus
1869 3209 1986 3312 Silva

519 3349 940 3476 Centumfontium,
978 3354 1176 3492 Jacobus
1220 3355 1437 3457 Henricus
1481 3367 1725 3459 Gusmanus
1769 3352 1989 3458 Albaelisa.

521 3533 637 3618 tae,
690 3501 930 3599 Franciscus
986 3501 1271 3641 Quignonius
1319 3509 1511 3621 Lunae,
1556 3503 1774 3602 Henricus
1819 3496 1987 3601 Henri-

520 3681 670 3784 quez,
715 3643 951 3744 Almiranti
973 3775 976 3782 ι
1001 3637 1163 3764 frater,
1209 3643 1519 3784 Rivadaviae,
1564 3647 1747 3746 Alvarus
1794 3651 1989 3743 Mosco-.

522 3825 589 3891 sus
636 3786 925 3907 Altamirae,
970 3789 1212 3895 Comites,
1255 3792 1452 3921 Jacobus
1505 3788 1732 3909 Toletus,
1780 3788 1991 3927 equiturn¹

521 3930 664 4033 Sancti
699 3933 921 4068 Joamris,
957 3934 1202 4033 Pernandus
1239 3943 1399 4074 Vega,
1437 3932 1640 4074 equitum
1669 3931 1813 4036 Sancti
1850 3939 1991 4068 Jaco⁴

522 4072 599 4192 bi,
637 4115 691 4192 ex
728 4076 914 4174 Castella
951 4071 1196 4195 Praefecti,
1239 4112 1281 4174 er
1327 4075 1402 4175 alii
1442 4103 1675 4219 praeterea
1701 4073 1989 4216 complures,

524 4217 617 4318 sine
655 4216 911 4352 hujusmodi
949 4219 1083 4322 titulis
1120 4220 1383 4362 optimates.

578 4371 656 4462 Xl.
721 4367 829 4496 Jam
864 4375 1030 4507 Burgos
1073 4365 1406 4507 oppidanorum
1444 4365 1672 4466 voluntate
1708 4357 1986 4466 Comestabi-

525 4501 576 4606 lis
612 4505 831 4628 redierat,
876 4549 1063 4650 eamque
1104 4511 1332 4610 civitatem
1376 4535 1450 4650 spe
1492 4535 1624 4650 atque
1644 4508 1887 4652 promissis
1928 4506 1986 4604 ad

527 4643 730 4750 officium
765 4651 1024 4795 reduxerat,
1062 4649 1276 4794 pollicitus
1313 4693 1356 4752 sc
1374 4653 1570 4792 illorum
1613 4655 1829 4797 postulata
1872 4651 1990 4754 intra

526 4789 694 4902 ceruam
728 4794 1146 4941 tempusalCarolo
1170 4795 1529 4942 impetraturum.
1560 4810 1663 4904 Erat
1678 4791 1855 4907 'satuern
1885 4833 1994 4940 gra-

540 4974 546 4989 '
1888 4977 1996 5046 vioe
