4326 5986
602 433 691 548 3⁸⁶
992 446 1115 538 ¹un
1162 446 1362 532 ansus
1407 445 1632 534 essars

563 607 646 710 bus
681 601 976 710 continuatisr
1007 604 1159 705 omnia
1194 603 1408 744 sulphuris
1443 603 1715 746 gravissimus
1742 607 1855 710 odor
1870 684 1886 729 ,
1903 610 1999 716 den·
2123 701 2124 736 ,

567 747 844 886 sissimusque
885 739 1030 845 fumus
1073 745 1332 887 repleverat.

636 899 795 991 XVIII.
870 897 1041 988 Octava
1072 889 1239 989 circiter
1267 886 1609 1029 oppugnationis
1646 886 1786 1009 hora,
1830 897 1993 1003 Carolus

564 1072 664 1135 cum
700 1026 799 1131 satis
834 1038 924 1162 jam
965 1031 1171 1131 Goletam
1204 1024 1504 1131 labefactatam
1540 1065 1583 1130 et
1623 1032 1886 1136 munitiones
1924 1037 1995 1140 ho-

565 1176 699 1275 stium
724 1172 943 1311 dissipatas
966 1172 1208 1302 judicarett
1233 1171 1455 1273 inlocum
1481 1173 1857 1312 oppugnationis,
1877 1195 1995 1318 quam

565 1317 704 1420 Doria
740 1349 783 1417 et
826 1312 953 1414 Vasti
987 1313 1189 1414 Marchio
1224 1315 1471 1431 cauabant,
1509 1314 1826 1475 progredimr,
1862 1357 1990 1460 rogat.
2124 1335 2125 1384 t

567 1497 684 1600 que,
710 1494 820 1556 num
848 1455 947 1557 saris
975 1456 1031 1555 ad
1061 1455 1249 1556 militem
1276 1455 1634 1574 immittendum,
1652 1461 1997 1597 trntmpendum-

568 1639 656 1741 que
681 1596 929 1738 profectum
962 1637 1048 1699 esse
1075 1598 1305 1698 tormentis
1341 1597 1580 1698 videretur.
1616 1597 1703 1695 His
1729 1599 1996 1738 negantibus,

566 1741 615 1843 in
649 1740 896 1845 breviorem
932 1776 976 1839 et
1011 1741 1262 1899 prosimum
1304 1740 1484 1840 Goletae
1519 1737 1724 1860 vallum,
1754 1742 1867 1841 unde
1899 1783 1995 1884 pro-
2125 1769 2126 1812 ³

567 1884 667 2023 pius
701 1883 945 2019 certiusque
985 1915 1284 1980 munitionum
1311 1881 1463 1982 'ruinas
1507 1917 1680 1983 cernere
1723 1915 1767 1980 et
1805 1887 1997 1990 conside.-

568 2061 662 2124 rare
687 2023 857 2144 liceret,
893 2021 1058 2122 eisdem
1083 2020 1398 2122 comitantibus
1427 2024 1652 2162 procedit.
1689 2025 1772 2126 Sed
1796 2027 1995 2164 quoniam

569 2205 620 2266 ea
662 2200 821 2304 parte,
867 2200 1002 2302 quam
1044 2199 1159 2263 extra
1204 2163 1356 2264 turrim
1402 2162 1450 2263 in
1490 2164 1655 2305 angulo
1695 2165 1822 2264 sitam
1868 2202 1997 2272 totam

569 2307 861 2445 amplissimus
904 2302 1261 2444 firmissimusquc
1307 2303 1442 2406 ¹vallus
1482 2307 1691 2447 regebat,
1730 2345 1886 2447 parum
1931 2347 1996 2412 aut

565 2446 677 2556 nihil
711 2483 831 2547 erant
852 2446 1133 2558 munitiones
1169 2446 1426 2586 dissipatae,
1458 2446 1690 2550 invadendi
1723 2482 1894 2589 tempus
1915 2491 1995 2554 non

565 2584 826 2706 videbatur,
861 2588 1003 2696 donee
1036 2585 1314 2688 redeuntibus
1348 2590 1404 2688 ad
1438 2588 1622 2688 alterum
1657 2589 1820 2691 vallum
1857 2628 1994 2692 centu·

563 2729 633 2829 rio
669 2729 851 2868 quidam
875 2729 1036 2830 *missus
1071 2731 1128 2832 ab
1170 2729 1336 2830 Alvaro
1378 2741 1550 2830 Bazano
1584 2768 1683 2829 eam
1716 2771 1743 2830 a
1776 2732 1892 2832 mari
1922 2733 1995 2833 tti-

564 2866 647 2970 bus
681 2868 873 3010 partibus
906 2870 1129 2990 dirutam,
1161 2906 1206 2971 et
1241 2910 1395 3013 paene,
1419 2871 1513 2971 solo
1553 2906 1783 3012 aequat-am
1827 2875 1997 2974 nuntia-

564 3011 632 3113 vit
645 3051 759 3132 ‚nec
793 3052 882 3112 esse
896 3039 912 3132 ,'
928 3016 1053 3152 quod
1088 3013 1272 3154 amplius
1307 3011 1493 3151 irmptio
1528 3013 1753 3133 militum,
1779 3050 1917 3156 atque
1940 3017 1998 3116 in-

571 3154 695 3256 -vasio
732 3152 1012 3263 differretur
1055 3191 1152 3254 rum
1193 3193 1298 3254 vero
1348 3153 1530 3253 Carolus
1559 3154 1674 3254 vnihil
1710 3159 1994 3258 cunctandum

569 3329 686 3404 ratus
704 3353 723 3418 ·,
758 3295 1036 3437 hortatusque
1070 3297 1236 3414 duces,
1266 3297 1359 3435 ipse
1393 3297 1449 3393 ad
1488 3299 1720 3396 curandam
1760 3299 1938 3419 aciem,
1964 3299 1997 3400 si

561 3435 710 3538 hostes
744 3477 771 3537 a
804 3444 977 3544 Tunete
1011 3437 1190 3556 emissi,
1225 3437 1603 3575 quemadmodum
1648 3441 1998 3578 exspectabatur,
2127 3461 2128 3496 ¹

563 3577 851 3718 ingruerent,
890 3581 1018 3719 pedes
1060 3579 1333 3721 regreditur:
1373 3618 1477 3679 nam
1520 3619 1638 3721 equo
1680 3579 1872 3697 insidens
1915 3583 1999 3685 tdis

563 3716 766 3822 hostium
800 3722 1117 3864 tormentisque
1152 3722 1288 3861 magis
1323 3720 1524 3864 patebat.

634 3872 759 3964 XIX.
832 3863 1000 3965 Milites
1042 3901 1188 3962 autem
1229 3899 1407 4003 accepto
1450 3865 1576 4004 signo
1617 3867 1815 3967 certatim
1859 3867 2002 3970 cuncti

562 4004 832 4105 munitiones
858 4006 1034 4105 hostiles
1059 4005 1300 4114 invaduntt
1334 4006 1524 4146 Hispani
1552 4043 1700 4107 tamen
1725 4044 1822 4108 ante
1850 4049 1999 4110 omnes

560 4145 800 4266 advolant,
844 4147 1125 4286 praecedente
1160 4147 1316 4287 ipsos,
1354 4183 1398 4246 et
1441 4148 1521 4288 piis
1564 4147 1705 4248 verbis
1747 4147 2001 4253 adhortante

557 4287 779 4390 monacho
821 4289 1018 4429 quodam
1064 4329 1159 4390 suae
1210 4289 1347 4428 gentis
1395 4288 1671 4392 Franciscano
1689 4357 1709 4410 ‚-
1749 4293 1830 4430 qui
1883 4292 1999 4392 miles

557 4421 695 4530 fiterat
731 4464 830 4530 ante
865 4467 1110 4569 susceptum
1145 4428 1458 4532 monachatum
1472 4505 1487 4550 ,
1513 4467 1557 4532 et
1591 4432 1835 4575 imaginem
1873 4432 1997 4534 Chri-

552 4567 608 4672 sti
647 4569 841 4674 crucifixi
895 4573 1053 4670 dextra
1070 4610 1218 4672 manu
1270 4574 1395 4712 quasi
1445 4573 1670 4692 uexillum¹
1702 4570 1995 4714 praeferentes

1904 4711 1997 4853 t1'1·
