4294 5984
581 506 662 594 126
863 610 866 616 ¹
931 520 1015 621 DE
1059 515 1258 598 REBUS
1302 511 1534 594 GESTIS

526 695 701 823 Regem
725 677 901 782 Gallum
927 673 1045 776 bello
1077 669 1276 769 lacessere
1307 702 1431 806 posse
1468 662 1723 781 videretur,
1760 655 1842 802 qui
1876 663 1996 809 prior

526 823 682 926 foedus
720 823 946 926 Bononiae
987 815 1151 915 initum
1194 810 1429 919 violasset3
1472 808 1624 949 itaque
1667 804 1825 908 deinde
1869 850 1993 952 aper-

529 970 614 1070 tius
652 966 708 1068 ab
745 1007 800 1066 eo
838 999 880 1065 et
927 960 1078 1064 Caroli
1112 954 1305 1060 Caesaris
1341 952 1606 1055 administris
1665 952 1719 1054 de
1754 949 1870 1054 bello
1904 959 1993 1100 agi·

528 1112 612 1212 tari
648 1147 887 1248 coeptum.

600 1265 789 1356 XXXII.
865 1264 961 1354 Rex
996 1244 1270 1363 Franciscus,
1304 1239 1385 1344 ubi
1421 1243 1476 1344 de
1511 1238 1693 1342 consilio
1733 1278 1777 1342 et
1812 1281 1991 1385 appara·
2133 1263 2134 1272 '

529 1435 579 1500 tu
615 1397 775 1499 Leonis
812 1431 855 1496 et
891 1393 1043 1498 Caroli
1079 1389 1324 1532 cognovit,
1366 1383 1596 1488 Odethum
1637 1395 1898 1488 Lautrccum
1941 1433 1992 1494 ex

528 1543 732 1644 ulteriore
766 1540 908 1642 Gallia
944 1535 1253 1639 Mediolanum
1299 1569 1528 1673 properare
1570 1527 1735 1663 jubet,
1777 1566 1821 1630 et
1863 1532 1992 1636 simul

526 1685 845 1827 conquisitores
880 1720 982 1782 cum
1020 1677 1206 1820 pecunia
1250 1677 1305 1775 ad
1349 1673 1659 1775 Helvetiorum
1701 1707 1809 1774 octo
1854 1677 1989 1778 millia

528 1828 866 1931 conducendum
900 1823 1072 1941 mittit,
1098 1822 1169 1946 ad
1210 1858 1322 1959 quos
1365 1815 1475 1917 item
1522 1827 1615 1917 Leo
1658 1812 1862 1920 Pontifex
1895 1833 1991 1922 En-

529 1972 659 2072 nium
692 1970 967 2071 Verulanum
1004 1964 1275 2104 Episcopum
1316 1959 1562 2103 proficisci,
1605 1997 1649 2064 et
1689 1961 1844 2065 decern
1885 1965 1991 2067 mil-

528 2114 640 2215 lium
675 2151 860 2215 manum
897 2107 1230 2211 conducendam
1267 2145 1417 2207 curare
1452 2104 1611 2238 jubet,
1652 2104 1873 2249 simulque
1912 2121 1992 2209 Fe-

529 2259 725 2362 dericum
762 2267 1023 2395 Gonzagam
1059 2261 1275 2353 Mantuae
1312 2249 1592 2393 Principem,
1629 2249 1709 2391 qui
1744 2289 1865 2352 nunc
1900 2264 1993 2355 Du·

530 2401 619 2520 cis,
662 2435 763 2501 tunc
812 2395 1086 2499 Marchionis
1141 2395 1272 2496 titulo
1316 2394 1485 2496 civitati
1536 2392 1641 2493 huic
1685 2392 1996 2536 imperitabat,

529 2544 780 2660 Italicorum
818 2542 1053 2680 peditum,
1090 2539 1381 2680 equitumque
1417 2537 1636 2640 delectum
1673 2535 1862 2661 habere,
1905 2541 1997 2642 eis-

531 2687 724 2825 demque
755 2720 943 2822 ptaeesse
970 2681 1116 2816 jussit.
1146 2692 1314 2782 Interea
1350 2680 1532 2782 Carolus
1562 2689 1769 2822 Prospero
1798 2682 1995 2786 Colum·

530 2867 609 2928 nae
654 2823 833 2946 scribit,
869 2862 920 2926 ut
961 2827 1264 2968 Hispanorum
1305 2821 1534 2943 cobortes,
1575 2860 1619 2924 et
1664 2826 1832 2966 equites
1873 2863 1995 2928 cata·

431 3043 434 3050 ·
562 2968 736 3070 hractos
761 3010 813 3068 ex
840 2969 1059 3107 praesidiis
1084 2969 1233 3111 Regni
1259 2967 1544 3107 Neapolitani
1572 2968 1788 3089 deducat,
1821 3004 1992 3075 etcum

530 3010 598 3215 lis
643 3113 693 3212 in
733 3112 921 3214 Galliam
972 3112 1240 3253 Cisalpinam
1288 3111 1560 3229 contendat,
1607 3152 1738 3254 seque
1785 3114 1991 3214 Pederico

531 3255 675 3356 eidem
711 3265 982 3398 conjungat,
1020 3295 1064 3356 et
1100 3255 1209 3395 quid
1247 3251 1341 3353 lieri
1377 3253 1502 3374 velit,
1537 3255 1751 3357 ostendit.
1782 3266 1878 3360 Has
1913 3297 1992 3355 co-

532 3399 626 3540 pias
660 3407 838 3538 Prosper
879 3401 937 3499 ad
978 3397 1163 3499 fluvium
1207 3397 1410 3498 Lentiam
1458 3398 1723 3519 deduxerat,
1764 3438 1870 3500 cum
1916 3440 1991 3500 eo

533 3545 638 3648 dem
673 3575 864 3682 quatuor
889 3553 1242 3663 Germanorum,
1277 3539 1679 3682 Rhaetiorumque,
1716 3582 1825 3684 quos
1867 3551 1992 3668 Grys-

532 3723 638 3784 sones
672 3723 792 3787 nunc
826 3686 1074 3828 appellant,
1110 3687 1201 3787 duo
1238 3684 1406 3806 millia,
1443 3725 1558 3826 quae
1592 3687 1775 3786 Carolus
1810 3685 1861 3787 in
1897 3725 1989 3827 sup

532 3827 806 3970 plementum
842 3830 1074 3949 mittebat,
1110 3864 1431 3969 pervenerunts
1467 3826 1629 3968 quibus
1664 3829 1736 3928 ille
1771 3866 1906 3930 aucto
1942 3871 1989 3928 e·

530 3970 695 4072 xercitu
743 3981 982 4093 Parmam,
1035 4011 1172 4114 quam
1219 3972 1364 4072 Fusius
1412 3972 1723 4114 Pedeticusque
1777 3984 1988 4116 Gonzaga

532 4111 687 4216 Bozuli
722 4115 921 4257 Princeps
956 4155 1060 4218 cum
1097 4113 1229 4216 firmo
1263 4115 1477 4258 praesidio
1513 4113 1807 4234 obtinebant,
1843 4155 1988 4259 oppu-

532 4296 669 4398 gnare
705 4261 989 4400 aggreditur3
1032 4263 1104 4362 sed
1150 4293 1271 4401 parte
1313 4257 1433 4359 urbis
1477 4297 1756 4402 expugnata,
1798 4299 1902 4360 curn
1941 4295 1984 4355 se

531 4401 648 4500 Galli
676 4401 784 4502 citra
816 4439 1032 4542 pontem,
1068 4442 1160 4542 quo
1184 4413 1336 4504 Parma
1371 4402 1528 4506 fluvius
1564 4402 1878 4546 cognominem
1913 4437 1985 4500 ur-

534 4541 639 4643 bem
675 4542 925 4643 interfluens
961 4546 1288 4665 committitur,
1324 4549 1612 4685 recepissent,
1649 4583 1694 4648 et
1729 4541 1987 4648 munitioni-

532 4681 612 4785 bus
648 4683 970 4808 firmavissent,
1009 4723 1179 4787 summa
1216 4689 1425 4790 Fernandi
1458 4691 1587 4791 Avali
1623 4689 1835 4793 Piscariae
1861 4697 1990 4790 Mar-

532 4825 734 4948 chionis,
770 4831 974 4970 peditum
1009 4831 1374 4935 Caesarianorum
1409 4825 1653 4975 praefecti,
1690 4835 1990 4949 contentione,
2030 4865 2032 4868 ·

1889 4986 1992 5076 Par-
