4298 5980
576 481 631 548 21
1628 503 1631 510 »

585 811 592 826 ,
634 475 784 809 io.
834 657 1249 836 ouuusu
1290 656 1903 793 suuurvunnu

871 935 994 1044 DE
1054 931 1335 1058 REBUS
1387 927 1714 1044 GESTIS

653 1173 1259 1336 CAROLI
1343 1171 1923 1363 QUINTI

734 1492 1163 1580 IMPERATORIS
1195 1490 1274 1572 ET
1293 1494 1468 1572 REGIS
1500 1494 1830 1574 HISPANIAE

895 1837 1142 1943 LIBER
1215 1831 1672 1944 SEPTIMUS.

582 2111 615 2204 1.
652 2031 964 2207 MAGNOS
985 2094 1166 2206 labotes
1206 2139 1251 2204 et
1293 2098 1554 2203 calamitates
1599 2096 1805 2203 exercitus
1846 2109 2003 2205 Caesa⁴

547 2245 694 2350 rianus
729 2252 786 2351 ad
815 2248 1125 2351 Mediolanum
1160 2287 1266 2350 curn
1301 2246 1564 2388 pertulisset,
1591 2283 1893 2390 magnumque
1929 2288 2000 2388 pe-

548 2392 736 2496 riculum
778 2393 1016 2510 adivisset,
1059 2391 1168 2492 odio
1210 2428 1254 2491 et
1295 2391 1358 2490 ira
1403 2390 1451 2492 in
1492 2389 1771 2492 Clementem
1813 2389 1996 2494 Pontifi-

549 2578 649 2638 cem
685 2534 896 2642 ardebat3
939 2534 1058 2632 hunc
1100 2532 1220 2634 enirn
1263 2532 1486 2633 malorum
1528 2537 1737 2637 omnium
1784 2573 1999 2638 auctorem

548 2675 679 2780 fuisse
714 2715 848 2777 nemo
885 2673 1148 2795 dubitabat,
1183 2713 1298 2816 quae
1333 2669 1618 2816 potissimum
1658 2677 1874 2823 cogitatio
1916 2678 1999 2780 Hi·
2126 2755 2127 2766 ι

549 2859 707 2963 spanos
742 2817 954 2963 urgebat.
984 2827 1108 2920 Nam
1139 2828 1380 2922 Germanos
1416 2821 1687 2925 Luthetanae
1723 2859 1886 2948 sectae,
1921 2862 1998 2966 qua

549 2999 669 3066 etant
710 2959 899 3087 infecti,
943 2962 1056 3066 ratio
1107 2961 1249 3065 nihilo
1298 2963 1431 3066 secius
1483 2967 1743 3091 excitabat,
1792 3006 1845 3071 ut
1893 3001 2000 3076 erant.
2125 3073 2126 3100 Ν

546 3146 704 3250 sponte
739 3149 815 3212 sua
849 3105 1134 3210 Pontificibus
1170 3141 1213 3209 et
1254 3107 1557 3211 Sacerdotibus
1599 3111 1817 3216 Romanis
1861 3105 1999 3212 infen-

543 3255 606 3356 si.
643 3267 796 3397 Itaque
829 3250 1008 3354 ineunte
1043 3292 1146 3355 vere
1183 3254 1400 3393 sequentis
1438 3255 1583 3376 anni,
1624 3256 1708 3398 qui
1750 3249 1832 3356 fuit
1872 3251 1998 3354 chri-

258 3437 527 3494 amuaaxru.
544 3396 600 3500 sti
636 3397 729 3500 nati
764 3395 1019 3500 millesimus
1056 3397 1434 3540 quingentesimus
1480 3399 1719 3542 vigesimus
1763 3396 1998 3542 septimus,

544 3541 780 3645 communi
813 3541 1000 3643 consilio
1036 3576 1262 3643 nontam
1302 3541 1529 3664 ducibus,
1575 3573 1714 3684 quam
1759 3539 1997 3660 militibus,

538 3673 742 3790 'Romam
787 3685 1096 3806 contendere,
1139 3719 1183 3786 et
1226 3686 1281 3787 de
1325 3685 1540 3790 Pontifice
1576 3687 1800 3827 Cleroque
1842 3697 1996 3792 Roma-

471 3943 473 3950 χ
545 3868 607 3932 no
645 3825 806 3972 poenas
844 3865 1066 3974 expetere,
1101 3862 1145 3930 er
1187 3827 1368 3973 inopiae
1394 3870 1585 3974 quoquo
1616 3831 1758 3932 modo
1783 3830 1993 3931 consulere

544 3973 737 4116 placuit.
776 3976 859 4076 Sed
894 3973 1095 4078 Antonio
1131 4009 1235 4076 cunr
1271 4012 1390 4116 parre
1426 3977 1659 4118 copiarum
1694 3976 1750 4075 ad
1790 3971 1995 4078 Mediola

544 4154 656 4218 num
680 4153 957 4237 remanente,
989 4117 1142 4219 ceteris
1184 4116 1232 4218 in
1258 4119 1483 4221 castellum
1494 4198 1511 4241 ,
1552 4119 1676 4263 quod
1714 4125 1857 4222 Sancti
1886 4123 1996 4254 Jorrt·

544 4268 607 4359 nr's
643 4259 692 4364 in
727 4300 836 4406 agro
883 4262 1154 4366 Bononiensi
1197 4265 1578 4408 cognominatur,
1623 4260 1895 4406 progressis,
1925 4255 1997 4360 ob-

546 4400 670 4500 viam
707 4403 759 4504 fir
801 4419 955 4511 Caesar
997 4417 1302 4529 Ferramosca‚
1343 4410 1425 4553 qui
1465 4409 1624 4510 litteras
1667 4441 1711 4512 et
1747 4407 1994 4511 mandatae
2120 4465 2121 4470 κ

548 4542 715 4647 Carolo
739 4554 912 4681 Lanojo
939 4543 1190 4668 deferebat,
1215 4593 1272 4654 ne
1296 4553 1473 4659 ulterius
1501 4567 1697 4656 Romam
1730 4587 1875 4652 versus
1898 4580 1999 4686 pro*

547 4691 855 4852 grederentur,
899 4727 1010 4796 neve
1053 4690 1295 4816 Pontifici,
1341 4734 1444 4802 cum
1487 4735 1581 4840 quo
1625 4693 1779 4802 Caroli
1823 4683 1998 4797 Caesaris

357 4937 395 4966 .,
549 4871 734 4946 nomme
768 4868 871 4950 octo
905 4835 1127 4950 mensium
1162 4873 1315 4984 pactae
1357 4833 1536 4952 bissena
1576 4840 1824 4962 induciae,
1867 4869 1954 4996 aut·
1967 4828 2000 4931 i«.

1895 5006 1998 5124 psius
