4294 5972
589 415 830 530 CAROLI
870 415 925 498 V.
965 415 1083 500 LIB.
1137 417 1188 501 X.
1498 432 1590 531 319

254 583 383 685 XIV.
473 583 719 676 Potuertmt
766 613 818 673 ex
867 572 1093 674 Pannonia
1141 565 1352 676 inferiore
1402 572 1634 692 fortissimi

169 729 337 870 equites
370 721 477 824 levis
513 755 751 822 armaturae
788 755 975 820 numero
1003 703 1068 818 =ad
1102 718 1256 820 decem
1295 721 1433 824 millia
1469 730 1637 831 condu-

168 873 241 992 ci,
279 872 360 1014 qui
397 901 578 1011 propter
618 866 822 966 locorum
858 862 1061 1008 peritiam
1109 903 1156 964 et
1205 903 1423 1006 equorum
1467 872 1639 974 veloci-

170 1052 336 1136 tatem,
375 1049 474 1116 tum
514 1015 808 1131 adventante,
850 1045 947 1112 tum
989 1008 1214 1112 recedente
1254 1007 1428 1133 hoste,
1471 1053 1638 1160 magno
1674 1021 1679 1032 ’

169 1162 267 1263 usui
303 1159 466 1263 nostris
506 1199 592 1260 esse
631 1156 903 1300 potuissents
945 1155 1081 1298 idque
1120 1165 1209 1289 jam
1256 1157 1406 1258 Caroli
1451 1199 1553 1260 cura
1592 1199 1635 1264 et

165 1305 401 1448 'diligentia
441 1300 685 1447 perfectum
723 1341 844 1416 erat,
884 1341 970 1402 nec
1001 1300 1199 1441 ipsorum
1237 1303 1479 1404 adventum
1516 1306 1643 1436 aliud

168 1451 427 1552 morabatur
438 1524 457 1567 ,
492 1487 628 1590 quam
668 1447 787 1588 pacti
814 1443 1020 1586 stipendii
1051 1444 1211 1545 solutio
1229 1485 1242 1554 3
1261 1448 1335 1546 secl
1365 1449 1493 1590 culpa
1513 1451 1636 1593 Hip-

168 1593 315 1734 polyti
350 1590 547 1694 Medices
574 1590 852 1710 Cardinalis,
881 1629 1017 1732 quem
1044 1590 1248 1692 Clemens
1272 1587 1473 1692 Pontiferi
1499 1596 1636 1698 Maxi·

168 1774 265 1839 mus
290 1777 394 1838 cum
423 1736 619 1838 auxiliati
655 1735 842 1877 pecunia
859 1813 874 1855 ,
894 1774 988 1838 non
1023 1734 1271 1836 admodum
1305 1737 1494 1878 grandi,
1514 1738 1635 1882 lega·-

167 1915 268 1982 tum
301 1883 503 1998 miserat,
540 1918 664 1996 rem,
693 1879 841 1978 nescio
871 1921 965 2020 quo
999 1879 1213 1998 consilio,
1235 1917 1314 2020 per
1339 1891 1484 1982 causas
1506 1925 1635 1987 exco-

168 2025 326 2166 gitatas
353 2020 616 2124 extrahentis
648 2015 816 2120 facturn
856 2058 953 2144 est,
988 2059 1038 2122 ut
1074 2023 1188 2160 prius
1223 2063 1249 2119 a
1282 2025 1437 2124 nostris
1466 2037 1636 2130 Panno

168 2167 235 2268 nii
261 2169 605 2308 per'adventum
632 2161 830 2264 hostium
857 2163 1204 2281 excluderentur,
1241 2205 1377 2304 quam
1414 2168 1518 2308 ipsis
1562 2174 1636 2274 sti-

169 2312 400 2453 pendium,
427 2309 499 2410 cui
528 2350 626 2410 eam
653 2308 887 2448 pecuniam
905 2308 1087 2409 Carolus
1119 2306 1428 2429 destinaverat,
1439 2350 1637 2416 numera-

167 2491 307 2577 retur,
328 2461 496 2596 praeter
522 2455 721 2596 quinque
748 2453 919 2554 circiter
940 2452 1103 2571 millia,
1125 2451 1206 2592 qui
1232 2487 1407 2592 accepta
1432 2455 1638 2595 stipendii

177 2634 299 2740 parte
333 2598 558 2700 Viennam
592 2635 696 2697 cum
728 2607 857 2699 Petro
888 2600 1052 2736 Zapara
1078 2597 1288 2735 Hispano
1323 2596 1421 2699 viro
1460 2600 1637 2728 nobili,

176 2742 445 2885 egregiaque
470 2742 631 2844 virtute
658 2775 701 2843 et
726 2741 789 2843 rei
816 2741 1016 2841 militaris
1047 2739 1217 2879 petito,
1242 2777 1478 2862 venerunt,
1499 2781 1635 2884 quem

168 2888 352 2988 Carolus
378 2884 509 2985 initio
537 2884 845 2987 Possidonium
871 2922 974 2985 curn
1004 2883 1220 2986 mandatis
1251 2885 1563 3028 praemiserat,
1584 2925 1635 2990 ut

171 3031 503 3172 oppidanorum
538 3029 710 3130 animos
748 3028 1058 3147 confirmaret,
1090 3030 1233 3168 deque
1266 3026 1400 3170 ipsius
1442 3033 1634 3134 adventu

169 3212 276 3276 cunr
306 3214 472 3316 magno
502 3175 692 3276 exercitu
726 3175 782 3274 ad
813 3172 969 3274 Turcis
1012 3168 1318 3273 obsistendum
1354 3208 1397 3273 et
1433 3176 1631 3314 praelio,

168 3316 205 3416 si
246 3312 424 3419 facultas
465 3355 600 3437 essct,
626 3317 931 3420 dimicandum
968 3316 1171 3418 certiores
1196 3312 1354 3418 faceret
1382 3353 1427 3419 et
1464 3319 1633 3460 equita-

170 3496 302 3580 tum,
343 3465 397 3562 de
438 3501 531 3602 quo
575 3463 923 3563 demonstratum
947 3499 1043 3579 est,
1068 3461 1407 3562 conducendum
1438 3497 1630 3563 curaret.

251 3614 356 3708 XV.
437 3616 513 3705 Est
560 3641 710 3706 autem
753 3604 1063 3706 Possidonium
1106 3602 1211 3706 urbs
1246 3602 1408 3706 nobilis
1450 3605 1496 3704 in
1535 3605 1632 3748 ripa

165 3748 391 3869 Danubii,
431 3758 753 3892 Hutrgatorum
789 3785 1063 3873 conventus,
1097 3749 1320 3890 Regiique
1358 3747 1532 3847 consilii
1565 3789 1631 3850 se-

166 3889 266 3990 des.
316 3901 457 4033 Prope
506 3891 619 3996 hanc
667 3891 826 3994 urbem
873 3891 1104 3996 Danubius
1147 3893 1335 4012 insulam
1373 3926 1631 4032 angustam,

168 4033 244 4131 sed
280 4075 393 4174 quae
429 4036 477 4136 in
512 4037 843 4178 longitudinem
879 4071 996 4175 patet
1031 4035 1122 4132 duo
1156 4032 1331 4134 circiter
1364 4034 1500 4138 millia
1535 4077 1632 4178 pas·

167 4213 325 4298 suum,
345 4174 511 4286 efficies
547 4179 659 4280 hanc
679 4181 839 4298 initio,
859 4219 949 4318 qua
970 4218 1012 4279 se
1035 4175 1193 4277 scindit
1211 4175 1468 4299 Danubius,
1493 4216 1632 4322 trans-3

165 4355 293 4420 verso
329 4321 446 4423 vallo
484 4322 649 4424 muniri
685 4359 729 4424 et
764 4321 914 4424 valido
952 4321 1171 4466 praesidio
1211 4319 1373 4424 firmari
1417 4324 1474 4423 ad
1509 4329 1631 4426 Tur·-

165 4503 316 4568 carum
352 4464 689 4610 navigationem
730 4465 1060 4606 impediendam
1102 4466 1268 4568 Carolo
1314 4470 1631 4610 Fernandoqtte

166 4610 414 4746 placuerat,
456 4612 594 4712 missis
630 4621 759 4744 hujus
801 4610 866 4714 rei
910 4645 954 4713 et
1000 4611 1314 4714 Possidonium
1355 4612 1629 4715 custodiendi

166 4754 303 4890 gratia
336 4751 639 4904 Bohemorum
678 4754 850 4862 duobus
887 4753 1113 4878 millibus,
1146 4755 1458 4900 Alemanisque
1493 4756 1623 4999 anille.

1551 4936 1625 5004 am
