4298 5980
465 461 469 468 -
555 412 644 508 ιιι
955 433 1040 518 or
1080 373 1297 516 nunus
1326 431 1556 516 oessts

492 581 549 725 '·„
563 597 773 738 diemque
809 591 1180 696 extimescendum
1216 626 1351 731 atque
1386 590 1664 692 cavendum.
1708 595 1780 692 De
1815 629 1987 696 contus

516 741 705 867 „meliis
741 778 785 841 et
820 737 1039 840 maleficio
1076 734 1189 836 nihil
1225 772 1289 835 est
1325 738 1450 875 quod
1485 772 1764 843 memorem,
1786 775 1865 838 vos
1894 740 1987 882 ipsi

517 965 549 1009 „
566 885 756 1003 vidistis,
776 923 868 1024 qua
892 881 1137 986 temeritate
1172 915 1217 981 et
1247 878 1477 980 Germanis
1507 878 1711 979 inusitata
1744 879 1984 1022 impuden-

517 1109 550 1154 ‚,
567 1031 626 1130 tia
662 1028 848 1166 quidam
884 1061 1128 1128 vestrorum
1164 1024 1360 1126 militum
1396 1024 1556 1125 domos
1593 1022 1830 1164 quasdam,
1874 1066 1979 1169 quas

517 1172 757 1314 „Hispani
793 1171 976 1312 Italique
1012 1171 1175 1273 milites
1211 1164 1509 1286 habitabant,
1546 1166 1845 1310 superioribus
1882 1171 1981 1273 die-

519 1315 649 1438 „bus
686 1316 985 1454 diripuerint,
1005 1352 1049 1418 et
1086 1312 1287 1456 proxime
1325 1350 1451 1430 eam,
1491 1350 1580 1452 qua
1616 1349 1682 1412 ιιι
1723 1312 1902 1416 illustris
1937 1353 1980 1420 et

522 1463 655 1584 „dux
706 1459 945 1600 praeclarus
994 1460 1235 1560 Fernandus
1286 1455 1479 1555 Alarcon
1518 1453 1856 1581 diversabatur,
1901 1461 1980 1604 qui

522 1602 718 1728 „multis
755 1643 936 1706 suorum
972 1603 1137 1704 amissis
1183 1602 1238 1702 ad
1264 1598 1508 1704 munitiora
1538 1603 1695 1702 domus
1732 1603 1979 1745 turrimque

523 1827 555 1873 ‚‚
571 1743 935 1909 confugiens,
894 1789 966 1851 vrx
1001 1750 1092 1886 ipse
1127 1758 1449 1848 Germanorum
1484 1783 1640 1846 manus
1676 1747 1846 1853 evasit;
1886 1787 1979 1888 quo

517 1891 823 2018 „temeritatis
861 1929 904 1991 et
939 1889 1097 2031 flagitii
1133 1890 1232 2030 quis
1273 1930 1348 1989 eos
1395 1927 1669 2029 processuros
1709 1883 1837 1989 fitisse
1878 1928 1977 1991 cre·-

521 2035 670 2157 „dat,
690 2033 775 2133 nisi
810 2070 967 2133 verum
1005 2067 1132 2149 esset,
1169 2033 1294 2173 quod
1331 2032 1385 2134 ad
1410 2071 1484 2134 me
1511 2034 1651 2134 modo
1681 2033 1876 2133 delatum
1901 2068 1978 2153 est,

521 2176 835 2319 „quosdam
824 2215 1025 2320 ipsorum
1061 2171 1187 2275 rebus
1223 2177 1351 2277 novis
1387 2178 1586 2298 studere,
1618 2214 1662 2278 et
1697 2215 1792 2340 per
1811 2176 1977 2278 occulta

522 2321 793 2466 „colloquia
828 2359 931 2424 cum
968 2319 1102 2421 Gallis
1140 2320 1332 2458 pacisci,
1352 2357 1396 2420 et
1432 2322 1661 2422 transitum
1696 2321 1744 2420 in
1781 2320 1976 2464 ipsorum

522 2501 708 2587 „castra
744 2464 923 2565 moliri?
954 2502 1035 2602 qur
1020 2464 1118 2562 ad
1142 2460 1230 2564 hoc
1255 2465 1536 2565 commodius
1569 2463 1911 2624 perficiendum,
1934 2499 1976 2564 ct

521 2617 785 2736 „majorem
816 2605 1007 2746 gratiam
1041 2644 1145 2706 cum
1181 2643 1327 2707 nostra
1364 2607 1557 2746 pernicie
1593 2648 1620 2707 a
1653 2605 1834 2710 Gallis
1822 2646 1971 2707 meun-

521 2750 671 2872 „dam
708 2745 796 2849 hoc
832 2748 993 2852 scilicet
1027 2789 1053 2849 a
1087 2785 1197 2874 unt,
1232 2785 1282 2854 ιιι
1307 2791 1406 2851 suos
1431 2753 1487 2851 ad
1519 2750 1715 2852 similes
1703 2749 1975 2882 mjuriasin-

522 2892 775 3012 „ducentes
801 2892 965 2992 multos
997 2789 1188 2994 habeant
1214 2894 1379 2994 sceleris
1405 2894 1610 2995 societate
1640 2895 1977 3013 contaminatos,

520 3111 553 3155 „
569 3073 760 3175 quorum
798 3037 959 3141 auxilio
995 3031 1163 3137 facilius
1200 3037 1362 3178 possint
1390 3073 1548 3140 conata
1574 3037 1854 3180 perficerem
1875 3076 1977 3136 mu-

521 3255 553 3300 „
569 3211 643 3277 tua
678 3187 1002 3282 Germanorum
1038 3214 1083 3279 et
1118 3181 1427 3320 Hispanorum
1463 3181 1709 3301 discordia,
1735 3217 1809 3282 aut
1842 3179 1973 3280 torius

521 3398 554 3443 „
575 3321 782 3423 exercitus
819 3322 1028 3442 dissidio,
1049 3320 1181 3423 bonis
1218 3321 1424 3424 omnibus
1459 3361 1637 3428 mecum
1671 3258 1728 3427 ail
1762 3319 1977 3426 cohiben-

523 3541 555 3585 „
572 3464 706 3583 dam,
728 3500 772 3562 et
806 3463 977 3606 legibus
1012 3500 1055 3568 et
1091 3465 1221 3568 armis
1255 3450 1607 3569 vindicandam
1596 3506 1797 3636 rpsorum
1822 3467 1980 3629 impto

520 3683 553 3727 „
572 3605 758 3707 bitatem
794 3644 838 3706 et
875 3606 1104 3747 perfidiam
1144 3607 1519 3749 conspirantibus.
1559 3623 1682 3732 Quas
1724 3609 1904 3741 injurias
1941 3642 1980 3708 et

521 3749 905 3872 „contumelias
894 3751 1025 3852 mitio
1061 3791 1165 3852 cum
1201 3751 1384 3854 leviores
1421 3794 1550 3874 esse,
1587 3789 1630 3852 et
1666 3794 1693 3853 a
1726 3747 1833 3852 falsa
1869 3791 1979 3894 pau-

520 3933 725 4015 „corum
765 3895 975 3996 occultati
1011 3931 1283 3996 commeatus
1327 3896 1538 4038 opinione
1581 3891 1844 4038 profectae,
1889 3897 1980 3997 cito

520 4114 553 4158 „
569 4073 800 4138 cessamrae
837 4038 1114 4140 viderentur·
1106 4104 1118 4147 ι
1137 4039 1325 4180 Hispani
1359 4041 1570 4201 patienter
1610 4033 1840 4159 ferebant,
1877 4079 1980 4182 geru

518 4257 553 4301 „
569 4182 794 4343 provida·
811 4217 855 4281 et
905 4183 1163 4302 moderata,
1202 4222 1259 4282 ne
1304 4182 1469 4283 mutuis
1515 4117 1876 4285 contentionibits
1921 4221 1979 4286 res

521 4323 818 4441 „communis
856 4327 1151 4463 prodereturt
1197 4364 1315 4426 nunc
1370 4362 1661 4489 posteaquam
1697 4327 1871 4428 easdem
1913 4324 1977 4426 vi·

521 4538 553 4584 „
570 4467 724 4564 dent
713 4505 763 4567 m
799 4467 890 4566 dies
927 4507 1154 4609 augescere
1192 4505 1235 4568 et
1271 4471 1326 4571 ad
1364 4509 1559 4573 summos
1595 4471 1709 4572 viros
1735 4508 1820 4611 pto
1853 4507 1976 4569 tersas

520 4606 688 4728 „nullo
725 4603 814 4708 fine
851 4606 1131 4728 cohiberi,
1101 4647 1161 4708 src
1197 4611 1349 4710 animo
1385 4613 1521 4753 parati
1556 4650 1655 4716 sunt
1689 4612 1775 4716 viri
1809 4509 1977 4712 dedei-

520 4827 553 4876 „
568 4751 665 4876 mi,
686 4786 736 4854 ut
770 4749 891 4856 nulla
925 4685 1113 4899 ampliits
1149 4751 1319 4865 ratione
1348 4789 1518 4864 tantam
1549 4756 1864 4903 indignitatem
1895 4750 1981 4858 sibi

1848 4935 1981 5044 ospes*
