4284 5982
631 389 961 479 rrsrruouru
989 383 1030 470 u
1061 384 1266 468 rroou.
1607 421 1626 496 ς

211 537 398 622 nobilitata
426 537 485 620 M.
513 536 672 618 Tullius.
708 537 742 614 Is
781 535 880 612 enim
915 527 1051 608 fundus
1085 546 1162 607 etat
1185 524 1232 604 ad
1265 527 1465 606 convallem
1493 527 1653 612 Matiani

209 646 342 724 montis
366 697 377 739 ,
402 667 481 746 qua
495 641 692 723 Cordubae
715 639 910 726 imminet,
937 633 1106 734 Gallique
1134 650 1417 808 coquomentum
1444 631 1579 729 habet,
1594 636 1654 713 di.

206 769 299 836 terte
328 746 528 849 descriptus
552 748 656 845 epist.
679 753 742 843 ⁶4
759 749 822 842 67.
847 756 885 818 et
905 737 967 839 84
1000 737 1159 813 Fratrem
1211 735 1315 812 abuit
1335 735 1651 822 Bartholomaeum

204 850 481 954 Sepulvedam,
519 847 586 950 qui
614 847 737 924 multis
769 864 808 922 et
842 844 920 942 ipse
950 840 1052 916 annis
1080 838 1227 916 Caesari
1264 839 1472 934 militavit,
1510 841 1650 923 fratris-

203 979 280 1056 que
316 956 463 1032 alterIus
502 951 622 1029 filium
650 950 798 1028 Petrum
828 940 1069 1043 Sepulvedam
1096 939 1343 1020 Cordubensis
1374 945 1553 1024 Ecclesiae
1588 971 1649 1030 sa.

201 1055 577 1138 cerdotem·Cae1ebs
605 1073 782 1154 perpetuo
812 1049 906 1128 vixit
928 1064 966 1124 et
989 1046 1240 1123 continenter:
1269 1044 1468 1124 sacerdotia
1499 1050 1648 1130 minime

202 1162 383 1254 ambivit,
415 1164 452 1238 in
480 1158 608 1238 studiis
640 1155 909 1256 adquiescens,
934 1171 1075 1247 suoque
1105 1171 1216 1226 succo
1244 1172 1289 1226 ac
1318 1148 1480 1230 Caesaris
1513 1152 1647 1233 libera·

202 1264 320 1346 litate¹
344 1266 506 1364 privatus
545 1263 700 1350 vivens,
727 1278 802 1357 qua
834 1274 872 1331 et
903 1253 1039 1351 priscos
1072 1247 1311 1347 Philosophos
1350 1251 1491 1332 beatam
1535 1259 1664 1335 meti-³

201 1367 234 1443 ti
277 1369 392 1450 vitam
430 1390 502 1444 non
535 1360 737 1468 ignorabat,
776 1353 839 1432 Ad
877 1356 1009 1432 stilum
1038 1351 1140 1452 quod
1180 1354 1333 1446 attinet,
1364 1357 1510 1455 po'e'tica
1547 1359 1643 1440 levi-

199 1491 256 1548 ter
289 1475 426 1552 tinctus
446 1468 544 1560 fnit,
569 1466 687 1545 soluta
719 1461 883 1540 oratione
906 1457 1123 1536 Ciceronem
1158 1479 1299 1556 semper
1332 1459 1543 1540 aemulatus.
1575 1465 1645 1542 Hi-

199 1597 329 1674 spanos
348 1577 442 1654 inter
457 1571 651 1658 excelluit,
675 1563 871 1664 conjuncta
896 1584 983 1639 curn
1007 1561 1179 1659 sapientia
1200 1584 1285 1638 vera
1309 1561 1504 1664 eloquendi
1530 1563 1650 1645 facul-

199 1698 304 1774 tate,
328 1698 370 1756 ut
388 1699 426 1756 et
441 1673 539 1774 apud
553 1671 744 1749 Lusitanos
759 1669 1011 1764 Hieronymus
1025 1663 1181 1740 Osorius
1201 1665 1391 1760 praestitit.
1412 1669 1546 1746 Oratio
1564 1667 1642 1768 ejus

201 1788 345 1877 suavis,
368 1781 501 1858 diserta
515 1795 553 1853 et
566 1775 714 1880 gravis,
740 1791 781 1848 ut
795 1767 935 1870 judicio
956 1763 1217 1867 philosophum
1234 1769 1440 1847 excelluisse
1467 1773 1525 1851 vel
1555 1771 1644 1857 hinc

199 1909 398 1987 agnoscass
427 1881 574 1960 uberior
597 1899 716 1957 tamen
738 1894 792 1954 est
813 1897 856 1952 ac
882 1869 1097 1960 venustior,
1123 1893 1233 1968 quarn
1248 1867 1554 1972 Philosophorum
1576 1899 1642 1958 aut

198 1991 479 2096 Theologorum
493 1983 605 2062 nostri
622 1979 804 2080 temporis.
821 1969 1055 2074 Epitaphium
1069 1973 1284 2071 inscriptum
1298 1999 1498 2056 marmoreo
1520 1980 1641 2081 lapide

194 2099 363 2196 sepulcro
377 2116 443 2170 suo
471 2087 544 2166 hoc
557 2083 629 2162 sibi
655 2085 781 2162 vivens
802 2075 890 2158 fecit
906 2129 917 2170 ,
932 2093 1119 2176 exstatque
1132 2077 1237 2174 epist.
1255 2075 1317 2156 86.
1337 2079 1439 2179 quod
1463 2083 1501 2157 in
1515 2083 1638 2162 Putal-

194 2200 282 2280 bani
311 2194 503 2295 municipii
526 2187 614 2269 aede
635 2206 819 2266 sacrorum
854 2182 1036 2271 maxima,
1063 2199 1100 2254 et
1133 2179 1307 2278 primario
1329 2183 1459 2261 sacello
1482 2183 1640 2269 Antisti·

194 2309 242 2386 εἰς
267 2327 307 2386 et
328 2298 628 2406 presbyterorum
645 2310 822 2374 concessu
835 2283 919 2383 sibl,
935 2280 1124 2386 fratrique,
1140 2305 1184 2362 ac
1208 2284 1361 2386 posteris
1374 2284 1589 2392 designavit.¹

806 2559 859 2640 D.
893 2552 1018 2638 X.S.

577 2741 658 2848 ‘Jo‚
681 2734 922 2823 nxursrus
951 2724 1260 2826 satuimus,

509 2878 603 2970 QUI
625 2877 680 2954 SE
702 2871 795 2956 ITA
817 2865 1018 2946 GERERE
1041 2863 1327 2961 STUDEBAT,

546 3002 622 3082 UT
645 2995 795 3078 IPSIUS
817 2992 884 3069 ET
908 2987 1083 3066 MORES
1102 2987 1279 3066 PROBIS

407 3127 816 3234 P11so.v1uls„,ET
835 3119 1146 3213 uncturus,
1169 3117 1414 3212 scurarrn.
1443 3077 1444 3080 ‘

492 3265 563 3347 or
582 3253 891 3340 rusoxoorn
912 3251 979 3329 rr
1001 3251 1344 3333 rumosormu

618 3385 1041 3483 uxsromxxuuo,
1061 3385 1196 3464 muru

450 3521 643 3608 DOCTlS
667 3521 735 3600 ET
758 3514 945 3604 AEQUIS
970 3510 1374 3608 PROBARENTUR,

815 3703 854 3781 S.
887 3700 937 3781 V.
971 3697 1012 3776 Ρ.

627 3860 771 3944 VIXIT
797 3853 983 3936 ANNOS
1011 3847 1181 3931 LXXXI.

558 3997 700 4086 OBIIT
728 3993 887 4078 ANNO
919 3989 1018 4074 CK).
1033 3988 1097 4068 10.
1109 3981 1261 4064 LXXII.

183 4266 510 4358 ELENCHUS
550 4255 798 4342 OPERUM
827 4253 909 4356 30.
940 4246 1195 4330 GENESII
1219 4245 1634 4330 SEPULVEDAE.

187 4541 290 4620 une
312 4534 449 4616 vitaet
469 4522 576 4611 rebus
600 4523 709 4654 gestis
722 4517 876 4626 Aegidii
891 4512 1102 4600 Alburnotii
1116 4513 1226 4599 Car'd.
1249 4511 1336 4598 libri
1350 4511 1414 4606 111,

190 4673 221 4720 n
230 4637 440 4738 Descriptio
460 4633 616 4734 Collegit
631 4629 878 4727 Hispanorum
892 4622 1136 4720 Bononiensb,

193 4746 292 4821 „De
307 4744 437 4842 Regno
452 4760 490 4819 et
503 4736 616 4837 Regis
630 4728 758 4812 officio
784 4730 873 4816 libri
885 4729 948 4810 111.
1018 4739 1022 4747 “

191 4843 475 4948 uEpistolarum
502 4838 592 4922 libri
621 4833 706 4922 vll,
