4294 5984
580 406 698 506 118¹
979 413 1064 494 DE
1111 411 1322 491 REBUS
1370 405 1593 490 GESTIS

539 575 705 740 gnito,
743 561 995 678 Ludotllcus
1031 578 1183 669 Cueva
1229 566 1479 668 Beltranum
1513 561 1749 670 certiorem
1784 563 1920 694 facit,
1958 611 2003 679 et

534 720 603 822 sui
645 751 978 876 ceterorumque
1024 707 1352 852 praefectorum
1396 711 1567 814 consilii
1612 752 1699 814 esse
1741 713 1912 837 docet,
1952 757 2002 822 ut

534 903 633 984 arx,
678 902 793 1004 quae
835 897 928 960 srne
977 895 1144 1000 magno
1188 855 1446 997 praesidio,
1486 857 1749 1002 magnisque
1793 858 2001 1003 impensis

532 1004 712 1110 defendi
746 1041 968 1147 nequeat,
1001 1004 1096 1102 solo
1125 1035 1368 1142 aequetur,
1393 1040 1449 1100 ne
1476 1003 1644 1103 deserta
1675 1001 1872 1106 hostibus
1897 1010 1997 1113 usui

533 1191 622 1254 esse
652 1148 816 1293 possit.
847 1147 1099 1266 Beltranus‚
1129 1184 1308 1246 suorum
1331 1145 1588 1287 improbato
1614 1147 1830 1269 consilio,
1862 1152 1995 1293 quip-
2133 1141 2134 1144 Ὺ

533 1334 590 1440 pe
628 1295 752 1438 quod
788 1291 1017 1393 Gallorum
1061 1290 1278 1392 voluntati
1320 1289 1376 1390 de
1416 1327 1515 1390 arce
1558 1287 1804 1393 subruenda
1845 1292 1996 1397 suffra

532 1441 795 1584 gabatur,
781 1476 871 1570 Jam
896 1477 940 1538 se
966 1437 1128 1539 morbo
1166 1435 1439 1598 remittente,
1476 1433 1805 1538 dehortantibus
1843 1441 1994 1539 Medi-

531 1624 626 1703 crs,
668 1618 818 1684 tamen
860 1620 962 1682 cum
1004 1581 1150 1721 paucis
1194 1579 1413 1701 accurrit,
1454 1613 1506 1678 ut
1554 1617 1667 1721 quae
1710 1580 1799 1680 arci
1840 1578 1993 1684 defen

531 1661 702 1829 deridae
738 1764 890 1828 contra
915 1723 1183 1826 Gallorum
1169 1759 1387 1866 impetum
1415 1721 1514 1823 usui
1550 1759 1709 1844 essent,
1737 1723 1991 1864 imperarem

529 1871 702 2012 situque
734 1904 778 1971 et
810 1869 899 1970 loci
934 1907 1088 1970 natura
1122 1869 1409 1987 considerata,
1447 1868 1714 2031 praesidium
1751 1867 1991 2010 relinquit,
2135 1977 2136 2010 ,

531 2049 576 2114 et
601 2012 762 2115 Ochoa
791 2019 926 2116 Assua
960 2007 1259 2155 praefecto,
1228 2051 1264 2112 s1
1298 2011 1544 2132 lacessatur,
1579 2013 1821 2131 sustinere,
1829 2051 1985 2174 seque

531 2197 634 2260 cum
669 2155 863 2259 subsidio
900 2196 954 2257 eo
991 2155 1136 2257 triduo
1172 2189 1416 2296 exspectare
1446 2164 1594 2287 jusso,
1621 2156 1678 2256 in
1715 2156 1988 2296 provinciam

533 2300 828 2420 interiorem,
862 2299 992 2402 Gallis
1029 2297 1397 2419 adventantibus,
1422 2299 1667 2418 revertitur,
1695 2333 1739 2398 et
1773 2299 1990 2464 populari

530 2441 610 2547 bus
645 2444 701 2545 ad
736 2483 857 2544 arma
890 2443 1089 2561 vocatis,
1135 2477 1177 2542 et
1217 2444 1264 2542 in
1308 2482 1359 2541 ea
1399 2443 1608 2580 temporis
1655 2445 1854 2583 angustia
1898 2477 1989 2543 tre·

532 2619 762 2687 centorum
792 2584 962 2684 circiter
989 2581 1226 2685 hominum
1253 2619 1403 2684 coacta
1434 2622 1608 2705 manu,
1634 2623 1736 2686 cum
1761 2582 1842 2686 hac
1866 2621 1993 2724 prae·

534 2763 742 2868 tereaque
779 2726 990 2828 militibus
1025 2727 1309 2897 septingentis
1340 2761 1383 2827 et
1415 2663 1635 2868 equitibus
1663 2763 1846 2830 centum
1880 2767 1990 2828 sexa·

536 2871 662 3012 ginta
697 2869 746 2971 in
786 2866 928 2971 hostes
969 2906 1149 2977 movet3
1178 2879 1268 3004 jam
1310 2870 1431 2970 enim
1473 2910 1590 2970 anno
1633 2910 1774 3012 poene
1816 2869 1990 3011 elapso,

535 3011 656 3113 bona
692 3050 787 3154 pars
822 3010 1014 3114 militum
1048 3047 1229 3156 propter
1274 3013 1544 3158 stipendium
1584 3052 1789 3158 perparce
1825 3053 1983 3156 suppe

541 3155 732 3258 ditatum
768 3155 1038 3256 discesserat.

625 3307 799 3400 XXIV.
889 3297 1007 3401 Galli
1048 3300 1153 3400 arcis
1194 3300 1602 3443 oppugnationem,
1642 3297 1872 3404 tormentis
1912 3300 1990 3400 ad

534 3439 704 3559 motis,
742 3436 956 3583 urgebant
995 3479 1176 3546 numero
1212 3445 1422 3544 millia
1385 3446 1554 3546 crrciter
1591 3446 1823 3587 quinque,
1865 3481 1990 3585 prae·

537 3617 603 3683 ter
653 3595 934 3702 Germanos,
992 3624 1104 3726 quos
1159 3588 1584 3708 demonstravimus,
1629 3625 1673 3688 et
1716 3587 1876 3688 milites
1939 3627 1990 3688 ert

428 3727 433 3734 ’
541 3723 820 3827 Fonterabiae
854 3727 1096 3869 praesidio,
1130 3731 1211 3873 qui
1246 3733 1403 3832 duo
1373 3771 1495 3894 signa
1538 3732 1858 3874 sequebantur.
1904 3729 1989 3833 Bel·

535 3902 683 3970 tranus
717 3869 856 4013 igitur
891 3909 989 3973 suos
1013 3872 1233 3996 hortatus,
1259 3909 1311 3975 ut
1338 3914 1466 3976 socus
1500 3874 1796 3978 laborantibus
1832 3870 1988 3975 subve

534 4010 707 4132 nitent,
724 4047 768 4112 et
791 4015 1016 4117 Gallorum
1043 4018 1405 4139 multitudinem,
1468 4059 1628 4120 uorum
1657 4056 1840 4162 magnos
1870 4053 1990 4118 exer

538 4155 647 4256 citus
683 4195 807 4320 saepe
853 4158 1043 4298 Hispani
1085 4200 1217 4304 parva
1261 4200 1398 4264 manu
1436 4057 1690 4282 iuduunt,
1730 4196 1986 4263 contemne·

536 4333 660 4417 rent,
695 4301 838 4443 prima
872 4302 1025 4446 vigilia
1058 4301 1310 4446 profectus,
1345 4343 1423 4449 per
1464 4342 1668 4410 montem
1709 4306 1983 4437 interjectum

532 4439 679 4601 copias
712 4445 1037 4572 circumducit,
1070 4483 1119 4551 ut
1158 4451 1348 4571 collem,
1390 4451 1471 4591 qui
1506 4457 1655 4553 Saxum
1699 4453 1871 4550 Aldabae
1912 4444 1987 4544 di-

532 4582 673 4708 citur,
704 4587 793 4691 arci
827 4589 1186 4731 impendentem,
1222 4594 1343 4735 pulsa
1373 4595 1602 4696 Gallorum
1625 4591 1859 4694 collectitia
1886 4628 1989 4690 ma-

533 4761 623 4848 nu,
650 4768 762 4872 quae
790 4730 857 4838 ibi
887 4735 1170 4861 consederat,
1200 4774 1456 4885 occuparet.
1482 4749 1685 4843 Extrema
1721 4771 1879 4881 quarta
1914 4731 1990 4834 vi

1914 4911 1993 5018 8¹-
