4298 5980
593 405 832 488 CAROLI
875 407 927 486 V.
977 409 1096 486 LIB.
1139 409 1194 486 V.
1494 395 1576 516 169

161 603 281 668 arma
316 595 599 678 concurrunt,
636 562 836 802 epuitatu
872 559 1130 699 praemisso,
1167 599 1194 657 a
1238 602 1364 705 quo,
1401 570 1619 704 praesidio

157 709 407 811 Italicorum
443 706 622 824 deleto,
676 703 782 802 acile
818 739 1041 802 tormenta
1077 700 1251 805 fuerunt
1288 748 1532 850 occupata.

226 864 414 952 XXXII.
487 860 591 949 Hoc
627 847 841 989 cognit0,
878 846 1119 968 Marclri0,
1157 849 1238 989 qui
1273 849 1556 959 Mirabellum
1592 901 1618 960 a

153 996 288 1094 Gallis
340 997 500 1095 timore
542 994 761 1094 desertum
814 1028 1142 1133 occupaverat,
1190 990 1390 1094 hostibus
1435 997 1617 1106 obviam

152 1137 466 1256 venientibus,
503 1175 552 1238 ‘et
597 1133 947 1276 frequentissima
991 1137 1074 1236 tela
1121 1138 1349 1236 tormentis
1391 1141 1618 1271 jaculanti-

152 1278 268 1401 bur,
308 1322 402 1382 rem
436 1290 527 1410 jam
564 1320 656 1379 non
692 1278 867 1377 consilii
903 1321 1019 1398 esse,
1062 1281 1136 1378 sed
1172 1282 1429 1382 necessitatis
1473 1287 1617 1390 anim-

152 1425 406 1543 advertens,
443 1422 755 1540 Borbonium,
791 1458 923 1561 atque
947 1433 1199 1557 Lanojum‚
1237 1426 1456 1565 quicum
1492 1433 1615 1571 equi-

153 1603 249 1668 tatu
290 1566 608 1692 constiterant,
657 1564 789 1666 misso
832 1565 1029 1687 nuntio,
1081 1569 1136 1666 de
1177 1569 1342 1670 amissis
1388 1578 1616 1678 tormentis

154 1711 361 1813 certiores
397 1707 525 1831 facit,
560 1750 699 1852 utque
735 1749 823 1810 sese
860 1705 1022 1851 praelio
1059 1751 1385 1852 compararent,
1422 1717 1617 1820 adhorta-

154 1889 254 1975 tur,
292 1859 671 1996 quemadmodum
709 1854 801 1993 ipse
837 1855 1075 1954 necessario
1112 1857 1260 1996 copias
1288 1858 1524 1960 Mirabello
1560 1864 1616 1965 ad

153 1997 468 2100 dimicandum
497 2000 730 2099 educeret.
766 1996 889 2092 Idem
926 1997 1059 2135 paulo
1097 2035 1197 2134 post
1243 1999 1334 2098 acie
1376 2004 1617 2129 instructa,

153 2142 543 2263 animadvertent,
580 2137 890 2241 Caesarianum
927 2139 1176 2277 equitatum
1214 2141 1270 2240 ab
1306 2138 1490 2265 hostili,
1534 2151 1616 2288 qui

154 2283 304 2382 multis
341 2282 533 2423 partibus
570 2293 712 2414 major
749 2315 864 2398 erat,
906 2281 1125 2421 repulsum
1161 2285 1336 2422 urgeri,
1383 2288 1615 2390 utilissimo

152 2427 342 2525 consilio
381 2423 622 2526 Alfonsum
659 2426 946 2543 Cordubam,
980 2461 1024 2524 et
1058 2426 1311 2544 Quesadam
1349 2423 1616 2566 praefectos,

154 2606 260 2668 cum
297 2569 590 2699 jaculatorum
626 2569 937 2708 Hispanorum
965 2609 1135 2688 manu,
1171 2566 1367 2668 subsidio
1405 2571 1543 2673 mittit
1579 2617 1615 2675 e·

155 2711 377 2849 quitatuir
414 2755 527 2854 quae
562 2751 717 2814 manus
752 2713 899 2812 Gallos
921 2713 1102 2852 'equites
1139 2753 1165 2811 a
1206 2713 1335 2811 latere
1380 2719 1613 2854 urgendo,

154 2852 304 2954 multis
340 2856 537 2987 dejectis,
572 2894 803 2997 tantopere
838 2856 960 2971 telis,
1001 2856 1272 2996 strepituque
1308 2858 1613 2980 conturbavit,

153 3033 203 3098 ut
228 2999 415 3139 gradum
439 2995 595 3102 referre
620 3037 821 3142 cogeret.
849 3011 1002 3140 Itaque
1025 3001 1271 3102 Caesariani
1305 3002 1471 3141 equites
1503 3043 1613 3104 con-

153 3143 297 3260 versi,
335 3180 379 3243 et
414 3185 581 3288 magno
625 3145 796 3286 impetu
837 3144 961 3245 relati
1004 3145 1151 3245 Gallos
1188 3143 1355 3284 equites
1392 3147 1613 3267 cedentes,

154 3286 297 3385 donec
335 3326 472 3430 prope
505 3326 640 3389 castra
678 3323 859 3390 ventum
896 3329 990 3408 est,
1025 3325 1355 3396 consectanturr
1392 3325 1490 3391 tum
1533 3331 1613 3391 ve-

153 3464 205 3527 to
245 3431 409 3568 praelio
445 3433 765 3574 redintegrato,
802 3473 885 3574 pro
930 3434 1119 3553 vexillo,
1156 3472 1259 3533 cum
1296 3473 1389 3574 quo
1423 3448 1613 3536 Fornan-

150 3570 232 3672 dus
261 3583 356 3675 Rex
384 3611 629 3715 equestrem
657 3615 780 3676 suam
812 3571 1027 3677 familiam
1057 3571 1249 3677 fraterno
1282 3577 1487 3679 exercitui
1512 3574 1611 3675 sub-

152 3714 269 3816 sidio
305 3718 505 3838 miserat,
540 3756 602 3820 est
636 3719 790 3820 acriter
824 3721 1030 3862 utrinque
1066 3757 1350 3865 pugnaturn,
1388 3717 1455 3816 bis
1492 3717 1610 3821 enirn

152 3861 400 3983 amissum,
434 3866 642 4008 idemque
677 3864 743 3967 bis
780 3903 1006 4006 receptum
1047 3904 1108 3968 est
1142 3907 1168 3964 a
1202 3860 1499 3965 Caesarianis.

245 4013 450 4108 XXXIII.
543 4023 705 4112 Interea
740 4007 981 4128 Marchio,
1026 4006 1296 4146 imperandi,
1340 4040 1384 4106 et
1419 4001 1609 4106 admini-

150 4131 316 4246 strandi
355 4151 524 4290 gratia,
570 4151 746 4266 dimissa
788 4192 891 4252 curn
932 4149 1057 4250 Vasti
1091 4145 1349 4250 Marchione
1385 4149 1613 4290 Hispano-

150 4326 251 4389 rum
295 4329 472 4413 manu,
514 4293 569 4394 ad
612 4305 882 4413 Germanos,
925 4295 1005 4434 qui
1052 4294 1228 4434 propius
1271 4292 1415 4424 hostes
1459 4330 1612 4414 erant,

154 4432 365 4550 devenit,
403 4475 579 4575 eoque,
617 4472 660 4536 et
703 4437 898 4577 Georgio
941 4435 1308 4558 cohortantibus,
1351 4475 1394 4538 et
1435 4475 1615 4540 antece-

153 4573 385 4696 dentibus,
422 4593 742 4683 Getmanorum
780 4581 890 4682 acies
927 4581 1111 4726 genibus
1148 4581 1267 4689 flexis
1303 4595 1450 4684 Deum
1488 4582 1615 4683 Chri·-

153 4711 294 4821 stiano
333 4761 496 4854 more,
532 4765 583 4829 ut
619 4765 683 4829 res
718 4722 896 4830 feliciter
933 4729 1160 4847 eveniret,
1194 4760 1470 4864 comprecata
1504 4725 1615 4824 Hel-

223 4866 388 4972 Inar.
604 4923 609 4955 ‚
1195 4875 1240 4966 Y
1535 4905 1615 4967 ve-
