4294 5984
597 495 678 585 142
1001 489 1085 570 DE
1127 485 1326 566 REBUS
1364 481 1586 566 GESTIS

547 697 635 798 que
673 650 841 793 magnis
878 638 1208 748 difficultatibus
1246 639 1493 744 obsidentes
1524 633 1696 760 affecti,
1730 634 1914 744 obsessis
1950 643 2013 752 iti.

545 797 754 914 neribus,
781 791 1108 932 interclusisque
1140 784 1492 906 commeatibus,
1519 827 1632 928 quos
1662 784 1720 886 ab
1749 827 1866 907 arce,
1899 831 2009 932 quae

551 973 633 1087 pro
669 939 801 1040 Gallis
837 933 1005 1056 stabat,
1043 969 1187 1078 petere
1223 930 1530 1075 cogebantur,
1566 935 1791 1071 desperata
1828 945 2007 1039 Cremo-

547 1127 629 1190 nae
672 1081 996 1225 expugnatione
1032 1076 1300 1181 Almirallius
1343 1116 1440 1176 suos
1466 1076 1600 1195 inde,
1638 1111 1689 1176 ut
1718 1077 1885 1179 'arctius
1911 1091 2005 1184 Me-

478 1273 482 1281 ·
546 1231 778 1334 diolanum
813 1225 1063 1345 obsideret,
1101 1221 1351 1340 revocavit,
1388 1221 1444 1320 ad
1481 1222 1859 1366 Moguntiamque
1899 1264 2004 1326 con-

547 1376 691 1480 sedere
727 1371 880 1506 jussit,
916 1405 967 1470 ut
1004 1412 1055 1470 ex
1091 1366 1271 1467 diversis
1307 1363 1500 1505 partibus
1536 1366 1847 1469 Mediolanum
1884 1408 2004 1513 urge-

547 1554 640 1635 ret,
667 1551 709 1617 et
742 1511 1060 1616 commeatibus
1085 1510 1418 1612 intercluderet.
1442 1516 1627 1650 Prosper
1657 1511 1851 1614 vicissim
1888 1523 2003 1617 Mat·

546 1661 701 1766 chioni
736 1669 1010 1779 Mantuano,
1048 1656 1126 1798 qui
1163 1654 1334 1796 equites
1369 1653 1635 1795 quingentos
1661 1655 1901 1758 Pontificio
1937 1660 2003 1759 sti·

547 1805 713 1949 pendio
748 1803 984 1904 militantes
1019 1798 1235 1917 ducebat,
1275 1797 1454 1921 scribit,
1496 1833 1548 1898 ut
1590 1838 1635 1899 se
1679 1801 1863 1942 Papiam
1905 1841 2004 1905 cum

549 1949 751 2092 equitatu
787 1939 1036 2065 conferret,
1065 1980 1195 2084 atque
1230 1941 1336 2041 inde
1372 1940 1696 2058 incursionibus
1738 1943 2002 2088 quotidianis

547 2093 639 2194 vias
683 2130 836 2192 omnes
879 2087 1075 2193 redderet
1118 2081 1328 2205 infestas,
1373 2121 1416 2187 et
1457 2083 1675 2203 hostem,
1723 2092 1875 2230 quoad
1917 2085 2004 2190 lieri

548 2271 693 2376 posset
710 2313 725 2356 ‚
762 2231 1101 2336 commeatibus.
1120 2228 1397 2375 prohiberet.

638 2389 714 2482 IV.
806 2385 885 2478 Per
919 2377 972 2485 id,
1003 2414 1177 2519 tempus
1219 2374 1459 2476 fernandus
1500 2371 1689 2496 Marco,
1737 2378 1818 2519 qui
1860 2411 2003 2518 postea

548 2519 688 2624 factus
724 2516 810 2619 fuit
831 2551 871 2617 fa
901 2521 1064 2619 Carolo
1091 2533 1273 2620 Caesare
1310 2516 1515 2618 Marchio
1548 2520 1685 2621 Vallis
1713 2521 2003 2639 Caecilianae,

550 2667 618 2766 vit
654 2662 805 2804 magni
840 2661 1040 2783 consilii,
1076 2699 1119 2764 et
1155 2662 1278 2762 laude
1323 2661 1478 2762 bellica
1521 2662 1688 2784 clarus,
1734 2704 1758 2764 e
1801 2663 2004 2766 Calabria

550 2806 858 2910 Mediolanum
893 2843 1073 2906 venerat
1108 2815 1226 2938 jussu
1260 2805 1453 2906 Caesaris
1491 2844 1729 2926 evocatus,
1765 2842 1816 2906 ut
1852 2806 1903 2905 in
1937 2806 2003 2906 lo·

552 2990 653 3051 cum
674 2949 888 3050 Fernandi
915 2949 1043 3052 Avali
1067 2949 1269 3049 Piscariae
1295 2947 1569 3050 Marchionis
1606 2952 1887 3053 succederet.
1919 2951 2002 3050 Hic

552 3095 705 3214 enim,
741 3133 796 3193 ne
833 3090 912 3193 sub
949 3092 1138 3236 imperio
1175 3093 1373 3234 Prosperi
1409 3094 1685 3215 Columnae,
1721 3133 1878 3236 aquo
1913 3093 2005 3192 ani·

551 3275 678 3340 mum
713 3237 891 3378 gerebat
926 3236 1156 3358 alienum,
1197 3235 1433 3355 militaret,
1477 3237 1534 3337 ad
1576 3237 1789 3339 Carolum
1829 3237 1878 3336 in
1918 3235 2004 3336 Hi-

554 3379 753 3522 spaniam
789 3421 832 3480 se
868 3382 1082 3520 superiore
1124 3420 1240 3482 anno
1283 3379 1556 3501 contulerat.
1594 3387 1779 3524 Prosper
1823 3415 2004 3496 autem,

554 3562 659 3626 cum
692 3558 771 3665 per
808 3563 880 3624 eos
907 3523 997 3624 dies
1030 3525 1236 3664 caepisset
1271 3523 1463 3665 graviter
1497 3562 1754 3666 aegrotare,
1789 3559 2004 3623 summam

553 3667 729 3811 imperii
764 3667 971 3769 Alarconi
1006 3669 1212 3769 tradidit.
1250 3668 1371 3787 Hic,
1408 3703 1458 3769 ut
1493 3665 1666 3768 hostem
1705 3666 1883 3768 liberius
1927 3705 2005 3766 να·

552 3849 731 3952 gantem
767 3849 810 3914 et
845 3812 1022 3954 propius
1056 3809 1166 3913 urbe
1206 3813 1508 3914 succedentem
1553 3810 1729 3954 longius
1770 3809 2004 3911 submove-

553 3992 649 4076 ret,
684 3957 925 4078 contextis,
962 3955 1265 4098 adjunctisque
1300 3952 1524 4076 trabibus,
1558 3991 1603 4055 et
1637 3955 1775 4057 multa
1818 3993 2003 4096 conges-

554 4134 601 4199 ta
646 4135 760 4200 terra
801 4141 1009 4243 aggerem
1053 4099 1290 4220 excitavit,
1335 4098 1489 4239 ibique
1538 4135 1761 4200 tormenta
1812 4099 2006 4199 colloca·

554 4245 653 4355 vit3
687 4246 803 4348 unde
838 4241 1012 4346 hostilia
1046 4282 1183 4345 castra
1216 4242 1377 4346 crebris
1413 4244 1506 4344 telis
1543 4242 1792 4385 oppugnari
1829 4277 2009 4383 coepta,

555 4386 772 4529 simulque
806 4390 903 4491 viae
939 4432 965 4491 a
999 4389 1203 4529 Principe
1239 4397 1486 4489 Mantuano
1523 4387 1726 4529 quotidie
1762 4380 2007 4486 infestiores

554 4528 872 4652 reddebantur,
898 4567 941 4630 et
971 4531 1105 4631 hostis
1132 4532 1449 4665 commeatibus
1477 4528 1866 4631 intercludebatur.
1894 4525 2012 4648 Qui-

555 4671 635 4774 bus
669 4667 998 4777 difficultatibus
1034 4671 1209 4775 affectus
1235 4674 1496 4775 Almirallius
1511 4751 1529 4796 ,
1562 4673 1723 4810 hyeme
1758 4684 1850 4807 jam
1883 4709 2014 4814 appo

554 4851 708 4942 tente,
745 4821 1051 4961 Helvetiisque
1085 4818 1339 4920 missionem
1374 4817 1703 4960 flagitantibus,
1738 4854 1876 4918 castra
1911 4853 2013 4917 mo·

1935 4997 2016 5059 ve-
