4294 5984
568 513 813 596 cauom
856 457 909 594 x.
945 513 1066 594 um.
1103 517 1184 594 ιν.
1496 523 1577 609 125
1713 517 1715 520 ·

160 674 471 780 dubitabatur.
511 669 686 786 Quibus
721 669 845 771 rebus
873 669 1175 812 proponendis
1201 707 1245 772 et
1274 712 1621 783 commemoran.

160 822 226 922 dis
265 822 568 953 Hieronymus
607 820 828 914 M'otonus
864 813 972 912 civis
1020 814 1397 940 Mediolanensis,
1432 823 1499 924 vit
1534 865 1622 926 ma·

158 965 240 1106 gni
276 962 444 1064 consilii
480 995 523 1060 et
559 957 858 1076 auctoritatis,
895 995 971 1096 per
1005 956 1163 1058 litteras
1200 995 1244 1058 et
1278 964 1457 1063 nuntios
1499 969 1621 1106 prin,

158 1109 279 1248 cipes
316 1105 486 1206 Italicos
522 1103 578 1202 ad
614 1096 780 1200 bellum
817 1136 898 1239 pro
933 1101 1150 1200 Francisco
1186 1097 1379 1224 Sfortia,
1415 1117 1536 1237 cujus
1577 1155 1623 1213 ea

157 1286 229 1350 rat
273 1248 400 1348 valde
445 1246 709 1360 studiosus,
737 1241 1062 1380 suscipiendum
1100 1285 1124 1344 e
1158 1244 1374 1346 Tridento
1418 1249 1623 1356 cohorta-

159 1391 323 1500 batur,
358 1388 704 1492 Mediolanenses
742 1421 876 1501 vero,
920 1420 970 1484 ut
1011 1425 1037 1484 a
1081 1398 1206 1528 Rege
1248 1387 1505 1515 Gallorum,
1547 1400 1621 1500 cui
1723 1373 1734 1407 i

157 1545 375 1636 Motouus
406 1567 497 1633 erat
532 1523 757 1650 infensus,
785 1523 1049 1649 deficerent,
1086 1529 1252 1633 cunctis
1285 1534 1525 1644 rationibus
1557 1583 1621 1642 so

156 1675 385 1780 licitabat.
1374 1797 1378 1804 ⁵

231 1832 403 1924 XXXI.
479 1833 688 1926 Ceterum
737 1821 804 1924 his
846 1821 1152 1924 molitionibus
1195 1861 1273 1964 pet
1309 1823 1526 1930 indicium
1567 1873 1620 1932 e·

156 1967 401 2085 nuntiatis,
436 1964 635 2068 Thomas
670 1966 851 2083 Fusius,
887 1966 967 2103 qui
1003 2005 1085 2102 pro
1120 1961 1250 2066 fratre
1287 1968 1471 2072 Odetlto
1505 1981 1684 2077 Lau-²

156 2143 276 2210 treco
312 2110 376 2212 rei
404 2105 745 2210 Mediolanensis
782 2142 1058 2248 procuratore
1096 2145 1231 2247 opera
1265 2109 1424 2213 vicaria
1459 2112 1620 2258 limgo,

156 2253 322 2372 batur,
356 2288 459 2352 cum
495 2251 728 2392 equitatu,
758 2251 807 2350 in
837 2290 930 2393 quo
966 2287 1058 2349 uuo
1084 2250 1351 2387 ‘praesidium
1395 2259 1619 2359 Mediola-

156 2433 292 2496 ueuse
336 2390 631 2513 consistebat,
675 2401 877 2496 Parmam
918 2390 1180 2509 contendit,
1222 2389 1327 2492 huic
1362 2396 1482 2495 enim
1518 2399 1619 2503 urbi

154 2538 356 2677 primum
391 2536 597 2638 omnium
632 2533 884 2644 metuebat3
921 2533 1025 2636 hinc
1061 2534 1256 2674 Regium
1285 2536 1464 2674 Lepidi,
1499 2547 1619 2643 Pon-¹

157 2677 319 2779 tificiae
355 2678 536 2779 ditionis
573 2678 827 2819 oppidum,
862 2716 954 2818 quo
978 2676 1279 2811 Hieronymus
1311 2685 1529 2782 Motonus
1564 2725 1618 2786 ex

154 2822 408 2941 Tridento,
444 2858 488 2921 et
523 2821 708 2962 quidam
742 2821 816 2922 alii
847 2819 1195 2920 Mediolanenses
1231 2818 1372 2919 exules
1414 2819 1619 2968 confuge-

155 3001 293 3085 rant,
338 3003 582 3104 protessus
630 3000 706 3103 per
756 2964 911 3065 dolum
961 2962 1009 3061 id
1061 3000 1211 3104 capere
1260 2961 1484 3073 molitura
1534 2967 1616 3108 qui

152 3107 273 3209 urbis
312 3004 530 3247 praeiecto
572 3106 629 3206 ad
664 3104 939 3246 colloquium
973 3140 1169 3226 vocato,
1211 3105 1320 3205 dum
1356 3141 1458 3206 ante
1505 3147 1615 3249 por·-

156 3286 253 3350 tam
302 3251 552 3352 institutum
602 3288 852 3349 sermonem
900 3247 1101 3348 consulto
1153 3243 1320 3368 trahit,
1376 3250 1615 3395 multisque

155 3391 301 3494 verbis
337 3396 392 3496 de
428 3392 610 3531 receptis
647 3389 841 3495 exulibus
878 3391 1146 3533 expostulat,
1170 3392 1413 3492 Alexander
1443 3394 1618 3497 Tribula

154 3536 274 3656 tius,
305 3572 355 3638 ut
379 3571 672 3654 convenerat,
707 3574 810 3636 cum
836 3571 979 3636 turma
1007 3534 1233 3636 Gallorum
1263 3535 1508 3676 equitatus,
1542 3575 1620 3677 op·

154 3679 328 3821 pidum
363 3681 569 3781 invadere
610 3713 790 3779 conatus
834 3713 926 3798 est,
975 3677 1179 3780 simulans
1232 3718 1276 3778 se
1329 3721 1356 3779 a
1406 3679 1613 3781 Guidone

157 3822 403 3963 Raugonio
430 3821 673 3924 Mutinensi
700 3820 918 3924 Pontificii
955 3823 1158 3963 praesidii
1194 3817 1414 3960 praefecto
1450 3820 1498 3918 in
1533 3857 1618 3920 au-
1697 3934 1709 3953 .

154 3964 314 4064 xilium
349 3965 583 4106 oppidanis
618 4006 723 4068 cum
760 3966 960 4108 equitatu
996 3964 1232 4070 submittit
1269 3962 1342 4062 sed
1388 3962 1494 4062 dolo
1534 4001 1616 4064 co-

154 4106 287 4249 gnito
322 4147 413 4208 non
449 4113 589 4210 modo
623 4110 813 4249 repulsus
848 4150 874 4209 a
910 4107 1125 4246 praesidio
1166 4140 1210 4204 et
1261 4101 1493 4244 oppidanis
1529 4137 1615 4224 est,

153 4251 231 4351 sed
267 4248 399 4351 eriam
434 4249 558 4350 letale
594 4251 750 4350 vulnus
787 4250 981 4388 accepitt
1018 4247 1162 4346 Fusius
1199 4284 1338 4365 vero,
1375 4285 1479 4348 eum
1516 4245 1615 4387 capi

155 4421 335 4535 posset,
372 4425 517 4492 tamen
554 4394 797 4531 increpatus
837 4425 1008 4490 tantum
1050 4430 1075 4490 a
1117 4383 1366 4528 praefecto,
1409 4425 1455 4490 et
1493 4383 1620 4489 frau-

156 4538 224 4637 dis
271 4534 455 4637 nomine
500 4536 689 4677 graviter
742 4532 965 4633 incusatus
1008 4532 1273 4633 dimittitur,
1316 4542 1424 4632 Hoc
1461 4533 1620 4632 nuntio

155 4714 367 4821 accept0‚
407 4675 610 4778 Pontifex
656 4715 747 4776 non
790 4675 1065 4776 mediocriter
1111 4711 1364 4776 commotus
1409 4707 1504 4793 est,
1539 4713 1622 4776 nec

154 4856 304 4924 tamen
346 4820 528 4925 moleste
571 4817 670 4923 tulit
717 4816 913 4920 oblatam
952 4816 1038 4918 sibi
1075 4855 1164 4917 esse
1205 4853 1378 4918 causam
1420 4854 1496 4916 cur
1532 4826 1623 4948 jure

1524 4969 1620 5060 Re-
