4326 5986
547 416 630 531 380
936 433 1023 516 DE
1069 430 1281 514 Rursus
1328 429 1549 516 GEsrls

508 592 627 695 tibus
663 585 830 708 teneri,
861 587 943 728 qui
978 624 1133 688 omnes
1169 583 1365 726 ipsorum
1409 619 1559 685 motus
1598 623 1651 684 ex
1693 585 1814 690 edito
1864 589 1967 694 loco

510 732 870 881 speculabantur,
903 770 1036 872 atque
1072 731 1231 832 nostris
1267 725 1610 870 significabatur
1656 727 1769 834 banc
1813 734 1962 878 impu-

510 919 646 1024 gnare
682 877 864 980 summis
900 875 1057 1019 opibus
1093 873 1431 1017 aggrediuntur.
1477 884 1534 974 Et
1569 878 1773 1015 quamvis
1816 918 1961 982 cusro-

512 1028 621 1146 des,
657 1021 737 1164 qui
772 1059 958 1123 numero
995 1019 1255 1162 quindecim
1291 1037 1432 1118 erant'
1447 1057 1498 1116 ex
1535 1056 1673 1160 nuper
1709 1024 1967 1165 conscriptis

515 1165 755 1311 Hispanis,
784 1161 1019 1267 fortissime
1054 1196 1376 1306 repugnarent,
1413 1200 1563 1264 tamen
1608 1202 1713 1263 cum
1758 1170 1968 1269 acerrime

515 1353 542 1412 a
577 1349 740 1452 magna
774 1309 1060 1410 multitudine
1096 1307 1290 1408 hostium
1327 1342 1715 1448 oppugnarentur,
1734 1350 1828 1410 non
1857 1313 1969 1412 mul-

516 1493 615 1556 tum
650 1450 831 1555 aberant
866 1450 924 1553 ab
960 1493 1048 1572 e0,
1087 1452 1198 1593 quin
1233 1489 1335 1552 cum
1376 1485 1492 1551 turre
1528 1490 1684 1591 parurn
1728 1455 1798 1553 vel
1833 1454 1967 1574 loco,

515 1600 590 1702 vel
623 1637 756 1741 opere
793 1597 964 1698 munita
1000 1631 1283 1737 caperentur.
1333 1596 1414 1698 Sed
1448 1596 1613 1696 Carolo
1648 1635 1751 1698 cum
1793 1601 1965 1738 equita-

517 1777 566 1845 tu
617 1777 661 1844 et
710 1755 1033 1845 Germanorum
1068 1779 1204 1840 manu
1239 1738 1382 1839 castris
1423 1778 1629 1880 egresso,
1671 1779 1716 1841 et
1756 1743 1965 1882 Hispanis

459 1995 460 2000 Ν
519 1886 689 2027 copiis,
727 1923 839 2024 quae
872 1884 923 1984 in
957 1915 1107 1984 monte
1143 1881 1372 2023 separatim
1408 1921 1434 1981 a
1469 1882 1611 1985 castris
1657 1887 1961 2007 consederant,

517 2063 568 2129 ut
605 2030 870 2166 imperatum
906 2063 1030 2146 erat,
1066 2021 1447 2165 procurrentibus,
1475 2024 1615 2128 hostes
1650 2027 1813 2132 duabus
1835 2029 1962 2129 simul

518 2168 714 2313 partibus
750 2170 958 2311 appetiti,
996 2169 1154 2270 omissa
1187 2169 1567 2311 oppugnatione,
1605 2212 1686 2273 nec
1720 2209 1966 2312 exspectato

516 2351 771 2417 nostrorum
806 2315 1003 2455 impetu,
1041 2353 1128 2414 sese
1161 2306 1293 2453 fugae
1315 2315 1620 2425 mandarunt3
1658 2355 1747 2456 qua
1781 2317 1831 2417 in
1863 2311 1967 2458 fuga

517 2459 721 2561 nonnulli
754 2456 812 2560 ab
846 2455 1066 2598 equitibus
1103 2489 1148 2555 et
1182 2454 1497 2586 jaculatoribus
1521 2461 1678 2562 nostris
1713 2461 1852 2578 caesi,
1872 2461 1976 2600 plu·

518 2642 584 2706 res
618 2599 869 2718 vulnerati,
909 2634 952 2700 ct
987 2599 1037 2699 in
1072 2595 1139 2700 his
1178 2601 1381 2700 Sacerdos
1416 2600 1599 2740 quidam
1640 2611 1849 2721 Poenus,
1887 2602 1962 2742 qui

518 2781 727 2887 magnam
763 2740 1095 2844 multitudinem
1129 2782 1179 2840 ex
1216 2739 1424 2843 finitimis.
1453 2745 1627 2884 populis
1659 2747 1716 2845 ad
1750 2742 1839 2846 boc
1872 2745 1968 2848 bel-

518 2888 612 2989 lum
653 2881 979 2987 defendendum
1033 2883 1243 3025 religiosis
1288 2887 1667 2989 admonitionibus
1716 2888 1969 2993 concitave-

520 3065 616 3151 rat,
653 3066 699 3132 ct
732 3063 837 3130 tunc
874 3067 1030 3128 eorum
1057 3028 1228 3128 animos
1263 3068 1356 3130 non
1385 3029 1530 3131 solum
1553 3031 1725 3151 verbis,
1749 3034 1824 3133 sed
1848 3032 1965 3134 sche-

519 3174 634 3276 dulis
675 3173 810 3274 etiam
852 3170 1143 3312 superstitiose
1188 3172 1443 3314 conscriptis
1493 3173 1820 3297 confirmabat,
1861 3216 1963 3320 quas

516 3353 616 3422 ante
651 3335 811 3464 agmen
847 3354 1050 3459 spargens
1094 3314 1155 3414 sic
1191 3354 1265 3416 eos
1298 3312 1395 3416 fore
1438 3318 1620 3420 tutiores
1663 3320 1961 3423 asseverabat.

518 3464 699 3566 Carolus
741 3460 939 3563 hostibus
981 3457 1188 3602 repulsis,
1240 3494 1355 3559 turre
1398 3459 1597 3603 colleque
1644 3463 1838 3583 relicto,
1876 3465 1969 3566 illas

516 3607 818 3748 Hispanorum
853 3603 1000 3743 copias
1036 3604 1092 3703 ad
1126 3598 1337 3704 inferiora
1372 3640 1508 3706 castra
1538 3608 1796 3710 descendere
1827 3606 1972 3740 jubet,

519 3786 570 3850 ut
608 3750 743 3851 tutius
779 3749 1016 3850 exercitum
1053 3785 1097 3848 et
1130 3749 1409 3850 commodius
1444 3750 1719 3871 contineret,
1737 3790 1875 3894 utque
1903 3793 1970 3854 ru-

520 3893 763 3996 multuariis
796 3893 969 4036 praeliis
1007 3890 1155 4030 ‚vitatis
1193 3891 1355 4008 milites
1391 3934 1544 3996 omnes
1584 3898 1640 4009 ad
1676 3897 1839 3998 vallum
1882 3899 1972 4000 du·-

523 4038 742 4160 cendum,
778 4075 823 4137 et
856 4031 1181 4177 comparanda,
1201 4078 1323 4178 quae.
1349 4040 1448 4140 usui
1484 4043 1795 4184 expugnandae
1828 4041 1973 4146 Gole·

520 4215 589 4282 tae
625 4176 799 4300 forent,
832 4181 1086 4282 intentiores
1122 4222 1173 4282 ac
1207 4182 1501 4325 expeditiores
1532 4219 1698 4289 essent.

587 4335 701 4431 XIII.
775 4324 859 4424 His
902 4321 1197 4428 incommodis
1246 4327 1434 4467 acceptis
1475 4326 1618 4448 hortos
1641 4328 1871 4451 tnonnilril
1913 4327 1969 4432 ab

375 4485 379 4490 '
511 4465 845 4570 incursionibus
865 4470 1145 4610 temperaturi
1164 4510 1282 4578 eum
1319 4473 1835 4604 viderentur-,sedunum
1870 4515 1971 4586 mse·

509 4649 599 4754 gna
633 4611 900 4714 turbatum
935 4616 1324 4756 parvopracsidio
1338 4693 1370 4735 ,,
1384 4618 1456 4720 cui
1472 4681 1477 4690 ·
1493 4626 1686 4762 praeerat
1718 4616 1958 4740 ¹Pertundas

511 4755 737 4876 mareon,
775 4752 1033 4898 pabulatum
1056 4759 1318 4876 amittimus·
1341 4763 1426 4876 ‘sed
1460 4760 1738 4886 boc·;·3bost‚es
1768 4803 1965 4912 propere

1885 4945 1961 5053 pel*
