4294 5984
575 425 631 518 86
698 520 704 533 ,
958 437 1041 520 DE
1087 435 1299 516 REBUS
1347 432 1580 516 GESTIS'

527 603 639 745 liqui
673 595 763 701 fere
799 595 1016 704 Valdoliti
1051 631 1096 696 et
1131 593 1300 694 circum
1336 592 1652 727 Methymnam
1687 583 1999 734 Campestrem
2139 663 2140 728 ,

529 743 897 864 continebantur,
916 781 959 848 et
986 740 1192 882 utrinque
1221 738 1513 858 incursiones,
1532 737 1753 838 interdum
1780 742 1998 844 excursio·

530 931 693 1033 tresque
730 887 921 988 fiebant.
967 897 1178 1002 Quorum
1218 882 1499 1024 popularium
1524 881 1711 984 circiter
1755 884 1997 1028 quingenti

533 1033 789 1137 Rodillanae
814 1040 938 1166 juxta
963 1027 1279 1167 Methymnam
1301 1041 1602 1168 Campestrem
1639 1064 1742 1133 curn
1777 1024 1996 1164 hyberna-

528 1212 655 1297 rent,
695 1173 776 1276 hos
819 1173 931 1278 nihil
972 1172 1055 1273 tale
1100 1207 1342 1274 metuentes
1384 1211 1607 1314 aggressus
1649 1179 1796 1270 Petrus
1839 1183 1995 1276 Cueva

528 1361 633 1422 curn
667 1319 844 1421 minore
879 1317 1076 1420 militum
1112 1356 1275 1437 manu,
1311 1316 1489 1458 praeter*
1525 1356 1687 1458 paucos
1729 1309 1834 1458 luga
1882 1316 1993 1418 dila·

529 1505 675 1607 psos,
718 1499 899 1566 cunctos
942 1500 1018 1563 aut
1062 1459 1317 1582 interfecit,
1359 1497 1435 1562 aut
1476 1498 1632 1602 ceprt.
1677 1459 1798 1560 Idem
1843 1461 1993 1601 paucis
2140 1559 2141 1602 r

529 1647 630 1749 post
665 1606 819 1711 diebus
855 1647 958 1708 cum
994 1604 1218 1747 equitibus
1258 1603 1543 1747 cataphractis
1588 1603 1783 1708 ducentis
1830 1640 1876 1704 et
1919 1644 1993 1747 pe⁴
2140 1737 2141 1740 p

529 1753 691 1855 ditibus
727 1752 980 1895 quingentis
1015 1757 1197 1852 Zarzam
1240 1751 1428 1870 missus,
1471 1748 1733 1892 improvisus
1769 1749 1916 1867 adest,
1953 1783 1995 1852 et

529 1897 809 2037 octingentos
846 1936 898 1994 ex
933 1896 1206 2014 adversariis,
1243 1895 1323 2035 qui
1364 1896 1649 1996 consederant
1682 1892 1731 1994 in
1767 1933 1823 1991 eo
1858 1891 1995 2012 vico,

530 2040 610 2180 qui
642 2039 754 2140 ultra
775 2038 1085 2172 Methymnam
1110 2052 1418 2178 Campestrem
1451 2037 1571 2140 abest
1607 2078 1632 2136 a
1663 2035 1862 2135 Torsillis
1900 2075 1995 2176 pas«

532 2222 662 2284 suum
697 2182 835 2284 millia
869 2183 1033 2324 viginti
1074 2218 1300 2323 quatuor,
1342 2181 1617 2323 inopinantes
1664 2179 1845 2280 adortus
1887 2219 1994 2280 con*

530 2324 757 2434 turbavit3
792 2325 873 2466 qui
910 2366 953 2426 se
996 2325 1046 2424 in
1081 2324 1171 2426 vici
1205 2319 1361 2425 fanum
1397 2364 1501 2425 cum
1536 2323 1797 2463 recepissent
1833 2360 1878 2424 et
1912 2361 1993 2464 pa-

530 2505 708 2608 rumpet
741 2504 1079 2608 repugnassent,
1115 2468 1263 2606 paucis
1298 2467 1575 2587 interemtis,
1612 2466 1802 2606 reliquos
1836 2467 1885 2566 in
1923 2466 1998 2566 de·
2141 2479 2142 2508 ¹

533 2609 754 2709 ditionem
782 2609 1001 2748 compulit
1025 2642 1069 2707 et
1095 2609 1291 2749 captivos
1315 2609 1475 2729 duxit,
1498 2646 1760 2750 tantumque
1789 2602 1877 2709 firit
1907 2609 1997 2708 nri-
2141 2673 2142 2698 r

534 2749 663 2850 litunr
700 2751 924 2871 studium,
959 2785 1008 2853 ut
1076 2790 1249 2852 assuum
1274 2753 1596 2895 quinquaginta
1626 2793 1698 2852 sex
1724 2751 1861 2852 millia
1886 2749 1996 2884 (huc

533 2893 654 2996 enim
678 2891 759 2995 iter
782 2893 919 2996 vitata
943 2791 1208 3031 Methymna
1244 2895 1431 2996 circuitu
1466 2898 1679 3031 creverat)
1706 2893 1995 3014 conficerent,

533 3036 656 3137 nullo
683 3037 858 3140 interim
888 3036 1017 3159 cibo,
1048 3040 1192 3139 donec
1216 3039 1425 3140 Torsillas
1453 3075 1799 3159 reverterentur,
1824 3073 1994 3142 sumto.

602 3190 725 3282 XVI.
809 3193 974 3282 Interea
1009 3181 1257 3307 Toletani,
1299 3183 1484 3324 cognito
1526 3181 1644 3284 Petri
1687 3182 1866 3284 Gitonis
1899 3182 1997 3282 dis⁴

533 3361 681 3443 cessu,
709 3330 937 3464 Joannem
961 3325 1173 3427 Padillam
1203 3365 1309 3426 cum
1340 3327 1650 3467 supplemento
1687 3327 1858 3428 mittere
1893 3365 1997 3426 con·

535 3466 748 3568 stituunt.
777 3468 869 3568 Hic
896 3467 1017 3574 enim
1029 3546 1045 3590 ,
1080 3509 1176 3612 quo
1212 3504 1411 3612 tempore
1447 3471 1496 3571 in
1522 3471 1773 3574 Torsillano
1809 3469 1998 3572 consilio

533 3609 589 3709 de
634 3617 763 3710 Petro
804 3613 972 3714 Gitone
1013 3655 1116 3717 cum
1161 3653 1333 3717 summa
1374 3615 1551 3756 imperii
1592 3615 1798 3716 exercitui
1840 3612 1997 3756 praefi-

534 3752 694 3853 ciendo
739 3793 966 3896 ageretur,
1007 3757 1165 3899 iniquo
1211 3759 1365 3861 animo
1401 3753 1535 3862 ferens
1578 3801 1631 3860 ea
1668 3759 1837 3862 ratione
1874 3795 1999 3860 suant

535 3896 842 4002 auctoritatem
877 3901 1048 4022 minui,
1084 3906 1271 4006 domum
1310 3940 1572 4006 reverterat:
1621 3904 1818 4006 remissus
1861 3901 2001 4046 igitur

536 4075 641 4140 cum
675 4053 844 4175 majore
880 4047 1172 4170 auctoritate,
1208 4048 1486 4153 Valdolitunr
1523 4049 1724 4191 pervenit
1758 4084 1801 4151 et
1835 4085 2000 4191 magna

536 4222 641 4285 cum
677 4187 967 4328 gratulatione
1001 4232 1029 4290 a
1062 4190 1348 4335 popularibus
1384 4193 1621 4338 recipitur.
1658 4205 1760 4295 Erat
1802 4189 1856 4294 in
1896 4229 2000 4330 par-

538 4323 659 4428 tibus
695 4330 975 4471 popularium
1011 4327 1252 4438 Antonius*
1265 4345 1453 4481 Acugna
1488 4339 1730 4480 Episcopus
1764 4341 2001 4438 Zarnoren-

538 4467 635 4588 sit,
656 4468 799 4574 homo
826 4469 1030 4578 factiosus
1061 4521 1112 4580 ac
1140 4480 1446 4605 turbulentus,
1476 4521 1520 4584 et
1550 4481 1662 4586 nihil
1689 4479 1835 4584 minus
1860 4515 2001 4619 quarn

539 4613 596 4712 ad
630 4612 945 4760 Episcopatum
979 4655 1133 4729 natust
1177 4626 1234 4723 ad
1271 4665 1407 4765 quem
1443 4627 1663 4730 honorem
1698 4665 1792 4728 non
1838 4619 2002 4722 doctri-

540 4793 642 4878 nae,
676 4799 753 4864 aut
785 4763 1010 4910 religionis
1036 4805 1305 4915 morumque
1335 4771 1597 4895 sanctitatis,
1633 4765 2004 4925 earundemque

1914 4943 2005 5013 vu*
