4294 5972
529 432 771 516 ennom
811 433 867 514 v.
916 439 1032 520 mn.
1066 441 1200 523 v111.
1508 463 1593 557 279

179 589 330 700 eriasus
381 624 740 732 consecratusque
799 589 968 694 bonam
1019 637 1172 703 eorum
1226 637 1396 742 partem
1447 610 1640 735 delevit,

176 743 383 874 adjuncta
413 736 679 840 rusticorum
706 738 866 857 turba,
894 739 995 880 qui,
1018 779 1068 842 ut
1105 745 1152 847 in
1188 748 1406 872 militum,
1432 795 1537 896 quas
1575 761 1640 859 di·-

171 885 359 1030 ligcnter
395 879 669 1001 observant,
718 881 1035 986 calamitatibus
1083 888 1272 1011 solent,
1319 898 1470 997 sumtis
1512 902 1641 1004 armis

171 1029 413 1174 praedandi
448 1027 591 1170 gratia
626 1020 975 1168 frequentissimi
1026 1071 1360 1159 convenerant,
1405 1043 1642 1186 multoque

171 1177 333 1319 magis,
353 1213 492 1317 quam
519 1171 685 1294 hostes,
706 1171 753 1272 in
777 1168 994 1315 fugientes
1019 1176 1293 1290 saeviebants
1318 1184 1505 1325 reliqui,
1530 1229 1645 1329 quo·
1702 1275 1706 1286 .

169 1359 270 1422 rum
318 1324 436 1424 bona
483 1357 582 1460 pars
627 1319 748 1418 erant
789 1319 958 1442 Italici,
1000 1362 1106 1427 cum
1158 1325 1343 1428 ducibus
1398 1332 1643 1436 Adversam

170 1500 488 1610 pervenerunt.
527 1474 633 1564 Huc
668 1460 801 1604 paulo
840 1501 942 1604 post
978 1464 1240 1574 Philibertus
1268 1506 1311 1573 et
1333 1476 1548 1596 Alarcon,
1567 1478 1643 1578 vi·

171 1607 293 1712 ribus
338 1606 652 1753 spiritibusque
696 1607 745 1707 in
790 1609 972 1708 adversa
1022 1613 1273 1718 valetudine
1324 1660 1377 1720 cx
1428 1603 1642 1728 victuriae

170 1754 337 1856 laetitia
372 1752 606 1872 resumtis,
625 1789 731 1852 cum
768 1787 932 1854 ceteras
955 1757 1105 1896 copias
1132 1759 1427 1872 induxissents
1450 1801 1643 1868 tormen-

169 1935 219 2002 ta
255 1901 490 2040 disponere
527 1933 571 1996 et
607 1931 795 2013 cetera,
834 1936 949 2035 quae
993 1903 1326 2044 oppugnationi
1367 1907 1466 2008 usui
1506 1944 1608 2012 sunt
1624 1988 1641 2033 ,

172 2083 433 2186 comparare
469 2073 741 2180 coeperunt.
1630 2045 1644 2057 ”

257 2197 420 2290 XLIV.
515 2194 622 2284 Hoc
659 2183 967 2286 animadverso
1017 2187 1232 2330 rebusque
1273 2187 1508 2335 'desperatis
1544 2232 1643 2302 tum

170 2331 403 2437 Gallorum
441 2331 621 2446 duces,
644 2363 744 2430 tum
780 2328 1025 2470 oppidani,
1064 2332 1215 2475 legatis
1251 2338 1306 2436 ad
1349 2336 1643 2442 Philibertum

171 2480 228 2580 de
265 2519 372 2621 pace
415 2473 588 2593 missis,
624 2512 713 2573 sese
748 2473 796 2574 in
833 2482 923 2608 ejus
967 2474 1105 2577 fidem
1148 2511 1191 2577 et
1233 2517 1495 2619 potestatem
1541 2522 1645 2625 per-

169 2624 414 2726 miserunt.
462 2629 676 2718 Ceterum
713 2615 904 2757 Hispani
940 2615 1139 2741 milites,
1184 2624 1404 2760 quicum
1441 2626 1561 2726 scalis
1598 2668 1642 2729 sc

110 2757 116 2768 ¹
169 2769 228 2867 ad
256 2761 645 2909 oppugnationem
674 2797 1070 2902 comparaverant,
1104 2767 1242 2866 teneri
1270 2808 1361 2869 non
1383 2806 1643 2910 potuerunt,

169 2909 288 3054 quin
324 2912 620 3051 irrumpentes
658 2904 881 3047 oppidum
917 2907 1190 3048 diriperent,
1212 2950 1487 3052 quamquam
1522 2913 1642 3018 bona

169 3095 272 3199 pars
308 3054 492 3197 praedae
528 3055 585 3154 ad
621 3050 791 3151 Italicos
828 3051 1009 3172 milites,
1042 3053 1122 3194 qui
1159 3089 1295 3155 castra
1318 3059 1547 3158 Gallorum
1574 3100 1642 3160 se-

169 3199 451 3343 quebantur,
485 3196 713 3340 pervenit.
752 3195 819 3296 Hi
855 3197 977 3296 enim
1013 3198 1191 3298 mutatis
1236 3241 1318 3302 suo
1363 3242 1486 3304 more
1531 3204 1643 3304 insi-

169 3343 362 3489 gnibus,
399 3378 442 3444 et
478 3339 562 3442 sibi
598 3380 682 3485 pro
717 3338 827 3442 albis
867 3338 1018 3442 rubras
1063 3383 1209 3444 cruces
1250 3345 1299 3445 in
1345 3343 1463 3448 hunc
1511 3386 1642 3447 usum

169 3527 448 3632 comparatas
484 3519 726 3604 assuentes,
762 3486 809 3586 in
846 3485 1018 3626 oppido
1061 3488 1314 3627 diripiendo
1358 3531 1441 3632 pro
1477 3502 1640 3592 Caesa-

168 3633 302 3734 rianis
353 3674 440 3736 sese
490 3665 738 3773 gesserunt.
788 3640 1004 3770 Ingressus
1053 3636 1298 3737 Adversam
1341 3632 1641 3752 Philibertus,

171 3775 385 3880 militibus
430 3777 561 3878 armis
605 3774 744 3876 exutis
796 3776 872 3874 dat
913 3775 1095 3877 veniam
1137 3815 1182 3878 et
1224 3777 1418 3876 abeundi
1459 3776 1642 3878 liberta-

172 3951 297 4022 tem.
333 3923 416 4024 Sed
452 3919 501 4022 hi
536 3917 626 4021 fere
664 3921 852 4021 domum
890 3922 1113 4022 redeuntes
1165 3961 1190 4018 a
1226 3920 1395 4019 rusticis
1430 3920 1642 4020 invaden-

172 4059 289 4164 tibus
344 4065 500 4166 tunicis
547 4100 591 4164 et
637 4063 855 4164 subuculis
897 4062 1106 4204 spoliati,
1154 4062 1374 4206 multique
1420 4063 1643 4206 peremti;

173 4209 324 4350 itaque
361 4208 567 4351 perpauci
603 4218 838 4328 Romam,
891 4246 980 4345 qua
1024 4206 1104 4306 iter
1153 4242 1272 4327 erat,
1318 4243 1641 4350 pervenerunt.

173 4353 433 4454 Salutiarum
469 4387 576 4453 vero
613 4351 818 4450 Marchio
855 4383 898 4449 et
933 4358 1084 4450 Petrus
1108 4361 1362 4476 Navarrus,
1383 4353 1533 4455 Guido
1561 4366 1644 4454 Ra·

174 4498 332 4638 gonius
369 4483 414 4596 e't
451 4494 805 4596 Florentinorum
842 4495 1028 4636 legatus,
1049 4496 1130 4634 qui
1166 4497 1492 4597 commissarius
1529 4497 1646 4598 dice-

174 4639 333 4762 batur,
354 4641 463 4741 item
500 4649 726 4740 Navarrae
761 4640 964 4779 Princeps
1001 4675 1222 4759 vocatus,
1254 4644 1411 4780 capti,
1441 4675 1484 4740 ct
1519 4647 1643 4742 Nea-

177 4785 350 4925 polim,
394 4822 445 4890 ut
482 4782 549 4888 ibi
583 4783 632 4888 in
669 4819 767 4883 arce
803 4783 1158 4907 custodirentur,
1199 4783 1349 4884 missi.
1389 4783 1471 4886 Sed
1508 4781 1567 4883 hi‘
1591 4823 1645 4882 o·-

1522 4947 1669 5028 mnes*
1755 4985 1759 4992 -
