4298 5980
593 449 672 527 170
939 431 1023 513 DE
1067 428 1266 511 REBUS
1310 423 1541 510 GESTIS

545 594 766 698 veriorum
801 579 985 690 obuiam
1022 583 1286 726 phalangem
1321 578 1552 719 adoritur,
1588 569 1799 723 Hispanis
1844 585 2008 718 jacula-
2104 631 2108 640 ·

547 735 718 840 toribus
751 737 880 837 latera
916 729 1246 848 claudentibus,
1282 759 1415 868 atque
1451 724 1622 826 eminus
1665 761 1761 826 rem
1801 733 2006 875 gnaviter

547 880 834 1027 gerentibusr
880 879 954 977 sed
997 872 1220 994 Heluetii,
1263 870 1628 975 caesarianorum
1672 870 1871 1013 primum
1910 877 2005 982 im-

546 1065 699 1169 petum
734 1021 842 1125 ferre
878 1056 1169 1164 nequeuntes,
1196 1020 1356 1160 pedem
1391 1010 1548 1118 referre
1582 1054 1848 1160 coeperunt,
1872 1058 2001 1124 rnox-

547 1211 634 1311 que
661 1170 870 1272 Germani
895 1166 1073 1287 hostes,
1104 1167 1184 1307 qui
1212 1203 1297 1266 sese
1323 1160 1533 1302 Hispanis
1563 1199 1895 1304 opposuerant,
1917 1206 2000 1309 pat-

546 1353 609 1416 vo
635 1315 819 1458 negorio
843 1310 927 1415 fusi
955 1310 1011 1414 ab
1044 1313 1133 1423 eis,
1161 1345 1296 1452 atque
1330 1303 1473 1452 fugati
1508 1341 1642 1428 sunt,
1677 1341 1728 1410 ut
1764 1343 1887 1414 etant
1919 1311 1999 1418 sci«

546 1457 650 1559 licet
686 1461 919 1561 sociorum·
945 1453 1051 1601 firga
1085 1451 1365 1557 conturbati.

617 1615 834 1707 XXXIV.
911 1604 1082 1704 Eodem
1116 1596 1206 1702 fere
1247 1635 1482 1740 tempore,
1518 1639 1571 1700 ert
1613 1593 1698 1699 alia
1738 1635 1861 1742 parte
1905 1605 1997 1707 An·

547 1748 676 1850 tonio
713 1750 847 1850 Leiva
883 1788 986 1849 cum
1023 1744 1241 1887 praesidio
1276 1775 1565 1885 erumpente,
1600 1735 1709 1886 fuga
1743 1745 1996 1888 undiquea

545 1892 680 1992 Gallis
720 1889 814 1992 fieri
856 1927 1012 2034 coepta
1053 1925 1146 1997 ests
1195 1923 1238 1992 et
1284 1888 1441 1989 nostris
1486 1883 1829 2010 insectantibus,
1871 1890 1997 1996 multi

545 2035 739 2154 concisi,
762 2034 903 2176 plures
928 2037 975 2134 in
1002 2034 1217 2135 Ticinum
1253 2070 1429 2132 amnem
1464 2031 1736 2173 praecipitati
1760 2029 1993 2174 perierunt.

543 2179 728 2278 Carolus
763 2179 883 2281 enim
918 2177 1148 2297 Alansonii
1182 2191 1316 2297 Dux,
1353 2175 1573 2318 quicum
1608 2175 1833 2317 equitibus
1868 2178 1995 2320 quin-

544 2320 685 2462 gentis
727 2324 895 2462 primus
937 2322 1142 2423 omnium
1183 2361 1270 2422 sese
1311 2315 1441 2463 fitgae
1482 2320 1748 2446 mandavit,
1791 2359 1841 2423 ut
1883 2323 1996 2423 inse-

544 2465 694 2567 ctandi
735 2467 802 2566 sui
844 2465 1108 2565 Caesarianis
1152 2461 1405 2565 facultatem
1446 2465 1676 2584 demetet,
1718 2499 1906 2606 pontem
1940 2467 1995 2566 li-

544 2647 735 2748 gneum,
772 2646 866 2748 quo
896 2607 1009 2710 Galli
1043 2607 1258 2710 Ticinum
1293 2606 1426 2750 paulo
1461 2603 1575 2708 infra
1601 2608 1777 2750 Papiam
1811 2610 1996 2712 commi·

543 2786 718 2870 serant,
759 2750 965 2860 rescidit3
1008 2751 1073 2853 ita
1123 2791 1227 2854 cum
1268 2752 1488 2893 plerique,
1524 2745 1690 2854 factum
1724 2753 1993 2894 ignorantes,
2139 2843 2140 2850 a

541 2889 651 3035 fuga
687 2931 762 3036 per
798 2933 982 3038 pontem
1019 2898 1202 2999 salutem
1237 2933 1469 3037 peterent,
1504 2895 1581 2997 alii
1620 2897 1728 2998 alios
1769 2894 1993 3038 impellen-

490 3101 492 3104 ·
542 3072 635 3157 tes,
673 3079 824 3140 omnes
859 3040 1104 3146 indumen
1141 3039 1566 3184 praecipitabantur,
1600 3075 1645 3142 et
1681 3041 1729 3142 vi
1771 3040 1992 3162 fluminis,

540 3220 594 3282 ac
628 3181 790 3284 timore
826 3186 973 3287 obruti
1008 3187 1233 3329 peribant.
1279 3186 1416 3288 Multi
1452 3185 1586 3286 etiam
1623 3184 1671 3287 in
1705 3179 1814 3326 firga
1850 3185 1991 3326 capti,

539 3324 666 3425 etin
703 3323 767 3429 his
801 3338 896 3428 Rex
939 3328 1031 3472 ipse
1077 3330 1359 3452 Franciscus,
1400 3367 1536 3471 quem
1578 3330 1738 3431 amisso
1777 3328 1993 3449 exercitu,

541 3503 643 3568 cum
673 3471 939 3610 paucissimis
975 3472 1195 3616 equitibus
1230 3469 1501 3618 fugientem,
1537 3474 1731 3612 jacobus
1761 3473 1914 3598 Avila,
1952 3507 1992 3572 et

542 3617 741 3748 Joannes
769 3615 953 3718 Urbieta
981 3618 1169 3761 Hispani
1201 3619 1368 3760 equites
1399 3619 1613 3762 paulisper
1644 3617 1843 3718 insectati
1876 3651 1992 3736 sunt,

536 3759 683 3857 donec
717 3761 773 3860 ad
811 3760 1085 3902 ponticulum
1128 3766 1367 3906 quemdam
1404 3761 1607 3865 nonnihil
1643 3760 1894 3866 haerentem
1932 3767 1992 3862 A·

539 3900 628 3999 vila
662 3940 944 4027 consecutus,
982 3945 1149 4051 equum
1186 3909 1383 4050 Regium
1418 3909 1565 4052 gladio
1600 3946 1677 4051 per
1711 3909 1863 4010 locum
1899 3904 1991 4006 neci

537 4079 840 4184 opportunum
876 4039 1033 4155 adacto
1073 4049 1304 4174 confodit,
1341 4094 1434 4195 quo
1471 4055 1685 4175 cadente,
1733 4051 1799 4152 illi
1834 4052 1894 4151 ad
1927 4089 1991 4191 pe·
2135 4109 2136 4112 κ

533 4189 607 4287 des
644 4191 874 4314 desiliunt,
912 4227 954 4296 et
987 4199 1290 4318 Franciscum,
1327 4237 1463 4340 quem
1504 4197 1646 4316 adhuc
1689 4209 1862 4338 Regem
1907 4230 1991 4292 esse

534 4333 813 4460 nesciebant,
849 4381 901 4441 ex
939 4351 1028 4474 ejus
1055 4341 1329 4447 confessione
1364 4343 1629 4488 cognitum,
1664 4382 1716 4440 ex
1752 4337 1962 4482 ephippio
1970 4411 1990 4454 ‚

533 4510 591 4572 ne
638 4481 792 4577 cadens
841 4487 1112 4608 laederetur,
1156 4528 1451 4632 exceperunt3
1499 4489 1572 4591 cui
1614 4483 1810 4622 Jacobus
1857 4479 1987 4582 Avila

529 4617 757 4758 gladium,
800 4632 998 4761 Joannes
1039 4665 1246 4771 torquem
1294 4669 1396 4734 cum
1444 4635 1562 4736 aurei
1607 4630 1776 4734 velleris
1824 4620 1990 4766 insigni

528 4761 579 4867 in
620 4767 923 4877 testimonium
964 4774 1081 4918 capti
1121 4773 1179 4879 ab
1214 4777 1318 4919 ipsis
1360 4781 1493 4922 Regis
1535 4779 1791 4883 ademerunt
1824 4813 1837 4886 3
1881 4805 1993 4931 mox

1911 4951 1992 5016 trr-
