<?xml version="1.0" encoding="UTF-8"?>
<!DOCTYPE html PUBLIC "-//W3C//DTD XHTML 1.0 Transitional//EN"
    "http://www.w3.org/TR/xhtml1/DTD/xhtml1-transitional.dtd">
<html xmlns="http://www.w3.org/1999/xhtml" xml:lang="en" lang="en">
 <head>
  <title>
</title>
<meta http-equiv="Content-Type" content="text/html;charset=utf-8" />
  <meta name='ocr-system' content='tesseract 3.04.00' />
  <meta name='ocr-capabilities' content='ocr_page ocr_carea ocr_par ocr_line ocrx_word'/>
</head>
<body>
  <div class='ocr_page' id='page_1' title='image "./joannisgenesiis02sepgoog_0278.png"; bbox 0 0 4292 5984; ppageno 0'>
   <div class='ocr_carea' id='block_1_1' title="bbox 568 479 1531 594">
    <p class='ocr_par' dir='ltr' id='par_1_1' title="bbox 568 479 1531 594">
     <span class='ocr_line' id='line_1_1' title="bbox 568 479 1531 594; baseline -0.008 -24"><span class='ocrx_word' id='word_1_1' title='bbox 568 501 626 594; x_wconf 76' lang='lat'>34</span> <span class='ocrx_word' id='word_1_2' title='bbox 931 489 1013 571; x_wconf 80' lang='lat' dir='ltr'>uu</span> <span class='ocrx_word' id='word_1_3' title='bbox 1069 486 1266 566; x_wconf 77' lang='lat' dir='ltr'>nunus</span> <span class='ocrx_word' id='word_1_4' title='bbox 1315 479 1531 564; x_wconf 81' lang='lat' dir='ltr'>onsrrs</span> 
     </span>
    </p>
   </div>
   <div class='ocr_carea' id='block_1_2' title="bbox 473 630 2142 4974">
    <p class='ocr_par' dir='ltr' id='par_1_2' title="bbox 473 630 2004 2041">
     <span class='ocr_line' id='line_1_2' title="bbox 529 630 2004 789; baseline -0.006 -42"><span class='ocrx_word' id='word_1_5' title='bbox 529 642 766 789; x_wconf 86' lang='lat' dir='ltr'>praefecit:</span> <span class='ocrx_word' id='word_1_6' title='bbox 805 643 881 786; x_wconf 91' lang='lat' dir='ltr'>qui</span> <span class='ocrx_word' id='word_1_7' title='bbox 915 643 1204 763; x_wconf 89' lang='lat' dir='ltr'>Ranirnirus,</span> <span class='ocrx_word' id='word_1_8' title='bbox 1241 675 1412 782; x_wconf 87' lang='lat' dir='ltr'>patrem</span> <span class='ocrx_word' id='word_1_9' title='bbox 1453 638 1685 756; x_wconf 78' lang='lat' dir='ltr'>imitattu,</span> <span class='ocrx_word' id='word_1_10' title='bbox 1718 630 1872 778; x_wconf 87' lang='lat' dir='ltr'>Regni</span> <span class='ocrx_word' id='word_1_11' title='bbox 1909 634 2004 739; x_wconf 92' lang='lat' dir='ltr'>sibi</span> 
     </span>
     <span class='ocr_line' id='line_1_3' title="bbox 531 782 2002 928; baseline -0.005 -36"><span class='ocrx_word' id='word_1_12' title='bbox 531 792 711 893; x_wconf 87' lang='lat' dir='ltr'>titulum</span> <span class='ocrx_word' id='word_1_13' title='bbox 747 790 929 909; x_wconf 85' lang='lat' dir='ltr'>sumsit,</span> <span class='ocrx_word' id='word_1_14' title='bbox 966 787 1223 928; x_wconf 89' lang='lat' dir='ltr'>primusque</span> <span class='ocrx_word' id='word_1_15' title='bbox 1258 785 1307 885; x_wconf 93' lang='lat' dir='ltr'>in</span> <span class='ocrx_word' id='word_1_16' title='bbox 1342 784 1572 926; x_wconf 83' lang='lat' dir='ltr'>Aragonia</span> <span class='ocrx_word' id='word_1_17' title='bbox 1616 782 1847 923; x_wconf 86' lang='lat' dir='ltr'>regnauit.</span> <span class='ocrx_word' id='word_1_18' title='bbox 1896 793 2002 885; x_wconf 85' lang='lat' dir='ltr'>Fer-</span> 
     </span>
     <span class='ocr_line' id='line_1_4' title="bbox 532 926 2001 1075; baseline -0.005 -38"><span class='ocrx_word' id='word_1_19' title='bbox 532 936 700 1038; x_wconf 90' lang='lat' dir='ltr'>nandus</span> <span class='ocrx_word' id='word_1_20' title='bbox 736 972 902 1075; x_wconf 88' lang='lat' dir='ltr'>porro,</span> <span class='ocrx_word' id='word_1_21' title='bbox 939 933 1070 1032; x_wconf 89' lang='lat' dir='ltr'>ducta</span> <span class='ocrx_word' id='word_1_22' title='bbox 1103 931 1153 1030; x_wconf 90' lang='lat' dir='ltr'>in</span> <span class='ocrx_word' id='word_1_23' title='bbox 1188 928 1524 1031; x_wconf 78' lang='lat' dir='ltr'>matrimonium</span> <span class='ocrx_word' id='word_1_24' title='bbox 1550 926 1719 1030; x_wconf 85' lang='lat' dir='ltr'>Sanctia</span> <span class='ocrx_word' id='word_1_25' title='bbox 1745 935 2001 1030; x_wconf 90' lang='lat' dir='ltr'>Veremun-</span> 
     </span>
     <span class='ocr_line' id='line_1_5' title="bbox 473 1069 2001 1219; baseline -0.005 -38"><span class='ocrx_word' id='word_1_26' title='bbox 473 1157 479 1168; x_wconf 84' lang='lat'>.</span> <span class='ocrx_word' id='word_1_27' title='bbox 534 1078 582 1180; x_wconf 93' lang='lat' dir='ltr'>di</span> <span class='ocrx_word' id='word_1_28' title='bbox 617 1075 903 1219; x_wconf 88' lang='lat' dir='ltr'>Legionensis</span> <span class='ocrx_word' id='word_1_29' title='bbox 939 1077 1076 1218; x_wconf 87' lang='lat' dir='ltr'>Regis</span> <span class='ocrx_word' id='word_1_30' title='bbox 1111 1073 1232 1195; x_wconf 89' lang='lat' dir='ltr'>filia,</span> <span class='ocrx_word' id='word_1_31' title='bbox 1268 1111 1372 1174; x_wconf 91' lang='lat' dir='ltr'>eum</span> <span class='ocrx_word' id='word_1_32' title='bbox 1408 1071 1482 1171; x_wconf 89' lang='lat' dir='ltr'>bic</span> <span class='ocrx_word' id='word_1_33' title='bbox 1517 1071 1681 1212; x_wconf 86' lang='lat' dir='ltr'>absque</span> <span class='ocrx_word' id='word_1_34' title='bbox 1716 1069 1834 1172; x_wconf 88' lang='lat' dir='ltr'>virili</span> <span class='ocrx_word' id='word_1_35' title='bbox 1875 1073 2001 1215; x_wconf 87' lang='lat' dir='ltr'>prole</span> 
     </span>
     <span class='ocr_line' id='line_1_6' title="bbox 532 1213 1999 1362; baseline -0.003 -41"><span class='ocrx_word' id='word_1_36' title='bbox 532 1221 810 1342; x_wconf 85' lang='lat' dir='ltr'>decessisset,</span> <span class='ocrx_word' id='word_1_37' title='bbox 846 1221 1058 1362; x_wconf 84' lang='lat' dir='ltr'>Legionis</span> <span class='ocrx_word' id='word_1_38' title='bbox 1095 1259 1278 1362; x_wconf 92' lang='lat' dir='ltr'>quoque</span> <span class='ocrx_word' id='word_1_39' title='bbox 1310 1227 1519 1360; x_wconf 85' lang='lat' dir='ltr'>Regnum</span> <span class='ocrx_word' id='word_1_40' title='bbox 1562 1213 1722 1316; x_wconf 88' lang='lat' dir='ltr'>uxorio</span> <span class='ocrx_word' id='word_1_41' title='bbox 1757 1225 1852 1348; x_wconf 89' lang='lat' dir='ltr'>jure</span> <span class='ocrx_word' id='word_1_42' title='bbox 1886 1218 1999 1318; x_wconf 88' lang='lat' dir='ltr'>ade-</span> 
     </span>
     <span class='ocr_line' id='line_1_7' title="bbox 531 1358 1998 1507; baseline 0 -43"><span class='ocrx_word' id='word_1_43' title='bbox 531 1401 632 1507; x_wconf 91' lang='lat' dir='ltr'>ptus</span> <span class='ocrx_word' id='word_1_44' title='bbox 676 1401 773 1466; x_wconf 89' lang='lat' dir='ltr'>est:</span> <span class='ocrx_word' id='word_1_45' title='bbox 818 1400 948 1506; x_wconf 88' lang='lat' dir='ltr'>atque</span> <span class='ocrx_word' id='word_1_46' title='bbox 994 1363 1056 1464; x_wconf 90' lang='lat' dir='ltr'>ita</span> <span class='ocrx_word' id='word_1_47' title='bbox 1101 1363 1312 1465; x_wconf 89' lang='lat' dir='ltr'>Castellae</span> <span class='ocrx_word' id='word_1_48' title='bbox 1366 1359 1584 1502; x_wconf 87' lang='lat' dir='ltr'>simulque</span> <span class='ocrx_word' id='word_1_49' title='bbox 1630 1358 1840 1502; x_wconf 87' lang='lat' dir='ltr'>Legionis</span> <span class='ocrx_word' id='word_1_50' title='bbox 1900 1371 1998 1464; x_wconf 84' lang='lat' dir='ltr'>Rex</span> 
     </span>
     <span class='ocr_line' id='line_1_8' title="bbox 535 1503 1997 1651; baseline 0 -43"><span class='ocrx_word' id='word_1_51' title='bbox 535 1506 745 1629; x_wconf 87' lang='lat' dir='ltr'>effectus,</span> <span class='ocrx_word' id='word_1_52' title='bbox 780 1549 805 1609; x_wconf 86' lang='lat' dir='ltr'>a</span> <span class='ocrx_word' id='word_1_53' title='bbox 840 1507 1019 1651; x_wconf 85' lang='lat' dir='ltr'>Pelagio</span> <span class='ocrx_word' id='word_1_54' title='bbox 1054 1509 1293 1651; x_wconf 90' lang='lat' dir='ltr'>vigesimus</span> <span class='ocrx_word' id='word_1_55' title='bbox 1335 1505 1566 1624; x_wconf 90' lang='lat' dir='ltr'>secundus,</span> <span class='ocrx_word' id='word_1_56' title='bbox 1600 1503 1847 1607; x_wconf 82' lang='lat' dir='ltr'>Lusitaniae</span> <span class='ocrx_word' id='word_1_57' title='bbox 1884 1545 1997 1648; x_wconf 92' lang='lat' dir='ltr'>quo-</span> 
     </span>
     <span class='ocr_line' id='line_1_9' title="bbox 533 1648 1995 1795; baseline 0.001 -42"><span class='ocrx_word' id='word_1_58' title='bbox 533 1693 621 1795; x_wconf 93' lang='lat' dir='ltr'>que</span> <span class='ocrx_word' id='word_1_59' title='bbox 658 1649 826 1754; x_wconf 91' lang='lat' dir='ltr'>bonam</span> <span class='ocrx_word' id='word_1_60' title='bbox 863 1685 1033 1795; x_wconf 88' lang='lat' dir='ltr'>partem</span> <span class='ocrx_word' id='word_1_61' title='bbox 1067 1653 1256 1793; x_wconf 87' lang='lat' dir='ltr'>recepit.</span> <span class='ocrx_word' id='word_1_62' title='bbox 1293 1648 1451 1751; x_wconf 90' lang='lat' dir='ltr'>Incidit</span> <span class='ocrx_word' id='word_1_63' title='bbox 1486 1683 1635 1751; x_wconf 86' lang='lat' dir='ltr'>autem</span> <span class='ocrx_word' id='word_1_64' title='bbox 1672 1656 1762 1784; x_wconf 84' lang='lat' dir='ltr'>ejus</span> <span class='ocrx_word' id='word_1_65' title='bbox 1786 1659 1995 1794; x_wconf 89' lang='lat' dir='ltr'>Regnum</span> 
     </span>
     <span class='ocr_line' id='line_1_10' title="bbox 531 1791 1995 1901; baseline 0 -5"><span class='ocrx_word' id='word_1_66' title='bbox 531 1791 583 1896; x_wconf 93' lang='lat' dir='ltr'>in</span> <span class='ocrx_word' id='word_1_67' title='bbox 631 1837 799 1900; x_wconf 88' lang='lat' dir='ltr'>annum</span> <span class='ocrx_word' id='word_1_68' title='bbox 842 1795 1008 1900; x_wconf 77' lang='lat' dir='ltr'>Christi</span> <span class='ocrx_word' id='word_1_69' title='bbox 1051 1795 1221 1901; x_wconf 88' lang='lat' dir='ltr'>circiter</span> <span class='ocrx_word' id='word_1_70' title='bbox 1263 1793 1551 1899; x_wconf 90' lang='lat' dir='ltr'>millesimum</span> <span class='ocrx_word' id='word_1_71' title='bbox 1595 1793 1823 1896; x_wconf 91' lang='lat' dir='ltr'>decimum</span> <span class='ocrx_word' id='word_1_72' title='bbox 1873 1831 1995 1897; x_wconf 87' lang='lat' dir='ltr'>octa-</span> 
     </span>
     <span class='ocr_line' id='line_1_11' title="bbox 531 1935 870 2041; baseline 0.012 -1"><span class='ocrx_word' id='word_1_73' title='bbox 531 1977 652 2041; x_wconf 90' lang='lat' dir='ltr'>vum.</span> <span class='ocrx_word' id='word_1_74' title='bbox 867 1935 870 1940; x_wconf 24' lang='lat'>¹</span> 
     </span>
    </p>

    <p class='ocr_par' dir='ltr' id='par_1_3' title="bbox 517 2083 2142 4974">
     <span class='ocr_line' id='line_1_12' title="bbox 603 2083 1998 2228; baseline -0.003 -38"><span class='ocrx_word' id='word_1_75' title='bbox 603 2093 816 2190; x_wconf 90' lang='lat' dir='ltr'>XXXVI.</span> <span class='ocrx_word' id='word_1_76' title='bbox 889 2093 968 2189; x_wconf 87' lang='lat' dir='ltr'>Per</span> <span class='ocrx_word' id='word_1_77' title='bbox 995 2083 1043 2186; x_wconf 90' lang='lat' dir='ltr'>id</span> <span class='ocrx_word' id='word_1_78' title='bbox 1074 2120 1248 2228; x_wconf 89' lang='lat' dir='ltr'>tempus</span> <span class='ocrx_word' id='word_1_79' title='bbox 1270 2097 1586 2189; x_wconf 89' lang='lat' dir='ltr'>Romanomm</span> <span class='ocrx_word' id='word_1_80' title='bbox 1610 2094 1854 2226; x_wconf 86' lang='lat' dir='ltr'>Imperator</span> <span class='ocrx_word' id='word_1_81' title='bbox 1879 2093 1998 2186; x_wconf 91' lang='lat' dir='ltr'>Hen-</span> 
     </span>
     <span class='ocr_line' id='line_1_13' title="bbox 531 2226 1997 2370; baseline 0.001 -42"><span class='ocrx_word' id='word_1_82' title='bbox 531 2226 641 2330; x_wconf 91' lang='lat' dir='ltr'>ricus</span> <span class='ocrx_word' id='word_1_83' title='bbox 667 2226 931 2370; x_wconf 84' lang='lat' dir='ltr'>Hispaniam</span> <span class='ocrx_word' id='word_1_84' title='bbox 968 2265 1150 2332; x_wconf 89' lang='lat' dir='ltr'>conatus</span> <span class='ocrx_word' id='word_1_85' title='bbox 1189 2268 1252 2331; x_wconf 89' lang='lat' dir='ltr'>est</span> <span class='ocrx_word' id='word_1_86' title='bbox 1288 2231 1337 2332; x_wconf 91' lang='lat' dir='ltr'>in</span> <span class='ocrx_word' id='word_1_87' title='bbox 1370 2266 1568 2330; x_wconf 89' lang='lat' dir='ltr'>veterem</span> <span class='ocrx_word' id='word_1_88' title='bbox 1603 2228 1907 2332; x_wconf 92' lang='lat' dir='ltr'>conditionem</span> <span class='ocrx_word' id='word_1_89' title='bbox 1938 2269 1997 2330; x_wconf 89' lang='lat' dir='ltr'>re·</span> 
     </span>
     <span class='ocr_line' id='line_1_14' title="bbox 530 2370 1995 2515; baseline 0.003 -45"><span class='ocrx_word' id='word_1_90' title='bbox 530 2409 718 2494; x_wconf 84' lang='lat' dir='ltr'>vocare,</span> <span class='ocrx_word' id='word_1_91' title='bbox 763 2409 813 2473; x_wconf 92' lang='lat' dir='ltr'>ut</span> <span class='ocrx_word' id='word_1_92' title='bbox 856 2373 1080 2515; x_wconf 88' lang='lat' dir='ltr'>vectigalis</span> <span class='ocrx_word' id='word_1_93' title='bbox 1113 2386 1426 2477; x_wconf 88' lang='lat' dir='ltr'>Romanorum</span> <span class='ocrx_word' id='word_1_94' title='bbox 1460 2370 1803 2514; x_wconf 87' lang='lat' dir='ltr'>Imperatoribus</span> <span class='ocrx_word' id='word_1_95' title='bbox 1839 2374 1995 2474; x_wconf 83' lang='lat' dir='ltr'>redde-</span> 
     </span>
     <span class='ocr_line' id='line_1_15' title="bbox 530 2516 1996 2661; baseline 0.003 -47"><span class='ocrx_word' id='word_1_96' title='bbox 530 2550 676 2634; x_wconf 84' lang='lat' dir='ltr'>retur,</span> <span class='ocrx_word' id='word_1_97' title='bbox 721 2517 845 2656; x_wconf 93' lang='lat' dir='ltr'>quod</span> <span class='ocrx_word' id='word_1_98' title='bbox 889 2517 950 2614; x_wconf 88' lang='lat' dir='ltr'>ita</span> <span class='ocrx_word' id='word_1_99' title='bbox 994 2517 1122 2617; x_wconf 90' lang='lat' dir='ltr'>missa</span> <span class='ocrx_word' id='word_1_100' title='bbox 1166 2518 1384 2661; x_wconf 88' lang='lat' dir='ltr'>legatione</span> <span class='ocrx_word' id='word_1_101' title='bbox 1428 2517 1695 2659; x_wconf 84' lang='lat' dir='ltr'>postulavit,</span> <span class='ocrx_word' id='word_1_102' title='bbox 1737 2552 1787 2618; x_wconf 90' lang='lat' dir='ltr'>ut</span> <span class='ocrx_word' id='word_1_103' title='bbox 1828 2516 1996 2620; x_wconf 87' lang='lat' dir='ltr'>bellum</span> 
     </span>
     <span class='ocr_line' id='line_1_16' title="bbox 530 2653 1995 2804; baseline 0.002 -47"><span class='ocrx_word' id='word_1_104' title='bbox 530 2659 802 2772; x_wconf 88' lang='lat' dir='ltr'>minaretur,</span> <span class='ocrx_word' id='word_1_105' title='bbox 831 2656 917 2759; x_wconf 90' lang='lat' dir='ltr'>nisi</span> <span class='ocrx_word' id='word_1_106' title='bbox 941 2653 1091 2760; x_wconf 80' lang='lat' dir='ltr'>luisset</span> <span class='ocrx_word' id='word_1_107' title='bbox 1114 2662 1488 2804; x_wconf 86' lang='lat' dir='ltr'>obtemperatum.</span> <span class='ocrx_word' id='word_1_108' title='bbox 1519 2675 1624 2784; x_wconf 92' lang='lat' dir='ltr'>Qua</span> <span class='ocrx_word' id='word_1_109' title='bbox 1651 2663 1706 2762; x_wconf 93' lang='lat' dir='ltr'>de</span> <span class='ocrx_word' id='word_1_110' title='bbox 1737 2701 1784 2762; x_wconf 90' lang='lat' dir='ltr'>re</span> <span class='ocrx_word' id='word_1_111' title='bbox 1809 2673 1995 2764; x_wconf 86' lang='lat' dir='ltr'>Feman-</span> 
     </span>
     <span class='ocr_line' id='line_1_17' title="bbox 532 2802 1993 2943; baseline 0.001 -41"><span class='ocrx_word' id='word_1_112' title='bbox 532 2802 613 2902; x_wconf 93' lang='lat' dir='ltr'>dus</span> <span class='ocrx_word' id='word_1_113' title='bbox 655 2804 711 2901; x_wconf 90' lang='lat' dir='ltr'>ad</span> <span class='ocrx_word' id='word_1_114' title='bbox 756 2841 989 2943; x_wconf 89' lang='lat' dir='ltr'>procerum</span> <span class='ocrx_word' id='word_1_115' title='bbox 1030 2805 1266 2908; x_wconf 90' lang='lat' dir='ltr'>consilium</span> <span class='ocrx_word' id='word_1_116' title='bbox 1313 2846 1418 2908; x_wconf 90' lang='lat' dir='ltr'>cum</span> <span class='ocrx_word' id='word_1_117' title='bbox 1458 2806 1700 2926; x_wconf 87' lang='lat' dir='ltr'>retulisset,</span> <span class='ocrx_word' id='word_1_118' title='bbox 1743 2805 1893 2906; x_wconf 89' lang='lat' dir='ltr'>ceteris</span> <span class='ocrx_word' id='word_1_119' title='bbox 1938 2805 1993 2904; x_wconf 90' lang='lat' dir='ltr'>ad</span> 
     </span>
     <span class='ocr_line' id='line_1_18' title="bbox 531 2946 1994 3094; baseline 0.003 -50"><span class='ocrx_word' id='word_1_120' title='bbox 531 2984 685 3086; x_wconf 90' lang='lat' dir='ltr'>pacem</span> <span class='ocrx_word' id='word_1_121' title='bbox 727 2946 1037 3051; x_wconf 89' lang='lat' dir='ltr'>inclinantibus</span> <span class='ocrx_word' id='word_1_122' title='bbox 1079 2988 1261 3094; x_wconf 89' lang='lat' dir='ltr'>propter</span> <span class='ocrx_word' id='word_1_123' title='bbox 1305 2965 1538 3053; x_wconf 88' lang='lat' dir='ltr'>Saracenos</span> <span class='ocrx_word' id='word_1_124' title='bbox 1580 2946 1776 3052; x_wconf 87' lang='lat' dir='ltr'>libertati</span> <span class='ocrx_word' id='word_1_125' title='bbox 1826 2985 1870 3050; x_wconf 89' lang='lat' dir='ltr'>et</span> <span class='ocrx_word' id='word_1_126' title='bbox 1905 2959 1994 3049; x_wconf 93' lang='lat' dir='ltr'>Im-</span> 
     </span>
     <span class='ocr_line' id='line_1_19' title="bbox 529 3088 1994 3230; baseline 0.002 -41"><span class='ocrx_word' id='word_1_127' title='bbox 529 3090 651 3230; x_wconf 89' lang='lat' dir='ltr'>perio</span> <span class='ocrx_word' id='word_1_128' title='bbox 686 3088 1043 3195; x_wconf 86' lang='lat' dir='ltr'>Christianorum</span> <span class='ocrx_word' id='word_1_129' title='bbox 1077 3096 1382 3217; x_wconf 88' lang='lat' dir='ltr'>imminentes,</span> <span class='ocrx_word' id='word_1_130' title='bbox 1418 3095 1665 3199; x_wconf 88' lang='lat' dir='ltr'>Rodericus</span> <span class='ocrx_word' id='word_1_131' title='bbox 1691 3095 1829 3197; x_wconf 90' lang='lat' dir='ltr'>Cidus</span> <span class='ocrx_word' id='word_1_132' title='bbox 1864 3090 1994 3196; x_wconf 87' lang='lat' dir='ltr'>vehe-</span> 
     </span>
     <span class='ocr_line' id='line_1_20' title="bbox 531 3233 2142 3382; baseline 0.002 -47"><span class='ocrx_word' id='word_1_133' title='bbox 531 3269 701 3335; x_wconf 89' lang='lat' dir='ltr'>menter</span> <span class='ocrx_word' id='word_1_134' title='bbox 745 3233 949 3358; x_wconf 90' lang='lat' dir='ltr'>obstitit,</span> <span class='ocrx_word' id='word_1_135' title='bbox 998 3236 1068 3339; x_wconf 88' lang='lat' dir='ltr'>vir</span> <span class='ocrx_word' id='word_1_136' title='bbox 1113 3280 1310 3342; x_wconf 89' lang='lat' dir='ltr'>summus</span> <span class='ocrx_word' id='word_1_137' title='bbox 1353 3276 1398 3341; x_wconf 89' lang='lat' dir='ltr'>et</span> <span class='ocrx_word' id='word_1_138' title='bbox 1434 3239 1589 3341; x_wconf 89' lang='lat' dir='ltr'>bellica</span> <span class='ocrx_word' id='word_1_139' title='bbox 1624 3237 1766 3382; x_wconf 85' lang='lat' dir='ltr'>gloria</span> <span class='ocrx_word' id='word_1_140' title='bbox 1801 3238 1993 3379; x_wconf 89' lang='lat' dir='ltr'>praeela-</span> <span class='ocrx_word' id='word_1_141' title='bbox 2141 3277 2142 3314; x_wconf 66' lang='lat'>÷</span> 
     </span>
     <span class='ocr_line' id='line_1_21' title="bbox 531 3384 1993 3524; baseline 0.006 -49"><span class='ocrx_word' id='word_1_142' title='bbox 531 3413 634 3499; x_wconf 91' lang='lat' dir='ltr'>rus,</span> <span class='ocrx_word' id='word_1_143' title='bbox 675 3388 797 3513; x_wconf 88' lang='lat' dir='ltr'>cujus</span> <span class='ocrx_word' id='word_1_144' title='bbox 841 3417 1071 3524; x_wconf 88' lang='lat' dir='ltr'>tantopere</span> <span class='ocrx_word' id='word_1_145' title='bbox 1112 3386 1249 3487; x_wconf 86' lang='lat' dir='ltr'>valuit</span> <span class='ocrx_word' id='word_1_146' title='bbox 1291 3384 1505 3487; x_wconf 88' lang='lat' dir='ltr'>sententia</span> <span class='ocrx_word' id='word_1_147' title='bbox 1546 3419 1591 3485; x_wconf 92' lang='lat' dir='ltr'>et</span> <span class='ocrx_word' id='word_1_148' title='bbox 1633 3384 1904 3505; x_wconf 89' lang='lat' dir='ltr'>auctoritas,</span> <span class='ocrx_word' id='word_1_149' title='bbox 1944 3419 1993 3484; x_wconf 93' lang='lat' dir='ltr'>ut</span> 
     </span>
     <span class='ocr_line' id='line_1_22' title="bbox 529 3515 1993 3672; baseline 0.005 -52"><span class='ocrx_word' id='word_1_150' title='bbox 529 3515 694 3624; x_wconf 93' lang='lat' dir='ltr'>bellum</span> <span class='ocrx_word' id='word_1_151' title='bbox 729 3521 817 3626; x_wconf 91' lang='lat' dir='ltr'>hoc</span> <span class='ocrx_word' id='word_1_152' title='bbox 853 3563 1028 3629; x_wconf 89' lang='lat' dir='ltr'>auctore</span> <span class='ocrx_word' id='word_1_153' title='bbox 1065 3529 1373 3672; x_wconf 76' lang='lat' dir='ltr'>suscipereturs</span> <span class='ocrx_word' id='word_1_154' title='bbox 1410 3570 1491 3631; x_wconf 91' lang='lat' dir='ltr'>nec</span> <span class='ocrx_word' id='word_1_155' title='bbox 1527 3564 1849 3672; x_wconf 86' lang='lat' dir='ltr'>exspectatum,</span> <span class='ocrx_word' id='word_1_156' title='bbox 1886 3527 1993 3628; x_wconf 91' lang='lat' dir='ltr'>dum</span> 
     </span>
     <span class='ocr_line' id='line_1_23' title="bbox 529 3660 1992 3814; baseline 0.006 -50"><span class='ocrx_word' id='word_1_157' title='bbox 529 3660 708 3788; x_wconf 86' lang='lat' dir='ltr'>hostes,</span> <span class='ocrx_word' id='word_1_158' title='bbox 754 3709 949 3812; x_wconf 90' lang='lat' dir='ltr'>quorum</span> <span class='ocrx_word' id='word_1_159' title='bbox 991 3709 1133 3814; x_wconf 87' lang='lat' dir='ltr'>partes</span> <span class='ocrx_word' id='word_1_160' title='bbox 1180 3673 1295 3778; x_wconf 89' lang='lat' dir='ltr'>Galli</span> <span class='ocrx_word' id='word_1_161' title='bbox 1341 3669 1588 3794; x_wconf 88' lang='lat' dir='ltr'>fovebant,</span> <span class='ocrx_word' id='word_1_162' title='bbox 1635 3673 1683 3776; x_wconf 92' lang='lat' dir='ltr'>in</span> <span class='ocrx_word' id='word_1_163' title='bbox 1728 3671 1992 3812; x_wconf 85' lang='lat' dir='ltr'>Hispaniam</span> 
     </span>
     <span class='ocr_line' id='line_1_24' title="bbox 528 3813 1992 3954; baseline 0.005 -45"><span class='ocrx_word' id='word_1_164' title='bbox 528 3813 919 3954; x_wconf 73' lang='lat' dir='ltr'>progrederenturs</span> <span class='ocrx_word' id='word_1_165' title='bbox 961 3819 1036 3920; x_wconf 89' lang='lat' dir='ltr'>sed</span> <span class='ocrx_word' id='word_1_166' title='bbox 1077 3819 1193 3919; x_wconf 88' lang='lat' dir='ltr'>itum</span> <span class='ocrx_word' id='word_1_167' title='bbox 1237 3856 1300 3921; x_wconf 90' lang='lat' dir='ltr'>est</span> <span class='ocrx_word' id='word_1_168' title='bbox 1340 3816 1617 3921; x_wconf 88' lang='lat' dir='ltr'>venientibus</span> <span class='ocrx_word' id='word_1_169' title='bbox 1656 3815 1841 3920; x_wconf 91' lang='lat' dir='ltr'>obviam</span> <span class='ocrx_word' id='word_1_170' title='bbox 1883 3816 1992 3918; x_wconf 90' lang='lat' dir='ltr'>ultra</span> 
     </span>
     <span class='ocr_line' id='line_1_25' title="bbox 525 3953 2140 4107; baseline 0 -48"><span class='ocrx_word' id='word_1_171' title='bbox 525 3954 688 4058; x_wconf 87' lang='lat' dir='ltr'>saltum</span> <span class='ocrx_word' id='word_1_172' title='bbox 728 3968 1029 4096; x_wconf 89' lang='lat' dir='ltr'>Pyrenaeum,</span> <span class='ocrx_word' id='word_1_173' title='bbox 1070 3996 1406 4107; x_wconf 89' lang='lat' dir='ltr'>pugnatumque</span> <span class='ocrx_word' id='word_1_174' title='bbox 1454 3964 1503 4064; x_wconf 94' lang='lat' dir='ltr'>in</span> <span class='ocrx_word' id='word_1_175' title='bbox 1546 3960 1715 4069; x_wconf 74' lang='lat' dir='ltr'>Gallias</span> <span class='ocrx_word' id='word_1_176' title='bbox 1756 3997 1800 4060; x_wconf 90' lang='lat' dir='ltr'>et</span> <span class='ocrx_word' id='word_1_177' title='bbox 1836 3960 1990 4102; x_wconf 89' lang='lat' dir='ltr'>copiae</span> <span class='ocrx_word' id='word_1_178' title='bbox 2139 3953 2140 4010; x_wconf 61' lang='lat' dir='ltr'>l</span> 
     </span>
     <span class='ocr_line' id='line_1_26' title="bbox 525 4091 1989 4250; baseline 0.003 -55"><span class='ocrx_word' id='word_1_179' title='bbox 525 4091 734 4219; x_wconf 87' lang='lat' dir='ltr'>hostiles,</span> <span class='ocrx_word' id='word_1_180' title='bbox 779 4143 892 4244; x_wconf 89' lang='lat' dir='ltr'>quae</span> <span class='ocrx_word' id='word_1_181' title='bbox 940 4147 993 4207; x_wconf 87' lang='lat' dir='ltr'>ex</span> <span class='ocrx_word' id='word_1_182' title='bbox 1034 4108 1263 4210; x_wconf 82' lang='lat' dir='ltr'>Germanis</span> <span class='ocrx_word' id='word_1_183' title='bbox 1313 4107 1539 4250; x_wconf 90' lang='lat' dir='ltr'>Gallisque</span> <span class='ocrx_word' id='word_1_184' title='bbox 1590 4101 1881 4223; x_wconf 86' lang='lat' dir='ltr'>constabant,</span> <span class='ocrx_word' id='word_1_185' title='bbox 1930 4101 1989 4205; x_wconf 90' lang='lat' dir='ltr'>bis</span> 
     </span>
     <span class='ocr_line' id='line_1_27' title="bbox 523 4239 1988 4396; baseline 0.003 -57"><span class='ocrx_word' id='word_1_186' title='bbox 523 4243 687 4381; x_wconf 88' lang='lat' dir='ltr'>praelio</span> <span class='ocrx_word' id='word_1_187' title='bbox 712 4239 830 4348; x_wconf 87' lang='lat' dir='ltr'>fusae</span> <span class='ocrx_word' id='word_1_188' title='bbox 856 4287 868 4356; x_wconf 77' lang='lat'><em>3</em></span> <span class='ocrx_word' id='word_1_189' title='bbox 898 4251 1177 4356; x_wconf 88' lang='lat' dir='ltr'>Raimundus</span> <span class='ocrx_word' id='word_1_190' title='bbox 1207 4291 1389 4396; x_wconf 91' lang='lat' dir='ltr'>quoque</span> <span class='ocrx_word' id='word_1_191' title='bbox 1417 4251 1656 4355; x_wconf 87' lang='lat' dir='ltr'>Sabaudiae</span> <span class='ocrx_word' id='word_1_192' title='bbox 1686 4263 1888 4368; x_wconf 90' lang='lat' dir='ltr'>Comes,</span> <span class='ocrx_word' id='word_1_193' title='bbox 1918 4243 1988 4344; x_wconf 89' lang='lat' dir='ltr'>cui</span> 
     </span>
     <span class='ocr_line' id='line_1_28' title="bbox 521 4388 1988 4539; baseline 0.003 -57"><span class='ocrx_word' id='word_1_194' title='bbox 521 4388 732 4524; x_wconf 90' lang='lat' dir='ltr'>permissa</span> <span class='ocrx_word' id='word_1_195' title='bbox 760 4426 852 4492; x_wconf 88' lang='lat' dir='ltr'>erat</span> <span class='ocrx_word' id='word_1_196' title='bbox 868 4392 1046 4536; x_wconf 89' lang='lat' dir='ltr'>imperii</span> <span class='ocrx_word' id='word_1_197' title='bbox 1070 4437 1273 4519; x_wconf 89' lang='lat' dir='ltr'>summa,</span> <span class='ocrx_word' id='word_1_198' title='bbox 1298 4434 1451 4539; x_wconf 88' lang='lat' dir='ltr'>captus</span> <span class='ocrx_word' id='word_1_199' title='bbox 1471 4433 1551 4500; x_wconf 89' lang='lat' dir='ltr'>est.</span> <span class='ocrx_word' id='word_1_200' title='bbox 1577 4392 1754 4517; x_wconf 88' lang='lat' dir='ltr'>Quibus</span> <span class='ocrx_word' id='word_1_201' title='bbox 1780 4392 1830 4492; x_wconf 91' lang='lat' dir='ltr'>in</span> <span class='ocrx_word' id='word_1_202' title='bbox 1858 4427 1988 4531; x_wconf 89' lang='lat' dir='ltr'>prae-</span> 
     </span>
     <span class='ocr_line' id='line_1_29' title="bbox 522 4526 2138 4682; baseline 0.006 -56"><span class='ocrx_word' id='word_1_203' title='bbox 522 4526 591 4630; x_wconf 87' lang='lat' dir='ltr'>liis</span> <span class='ocrx_word' id='word_1_204' title='bbox 615 4531 827 4633; x_wconf 90' lang='lat' dir='ltr'>Roderici</span> <span class='ocrx_word' id='word_1_205' title='bbox 852 4536 989 4636; x_wconf 85' lang='lat' dir='ltr'>virtus</span> <span class='ocrx_word' id='word_1_206' title='bbox 1013 4542 1257 4678; x_wconf 90' lang='lat' dir='ltr'>plurimum</span> <span class='ocrx_word' id='word_1_207' title='bbox 1282 4544 1462 4641; x_wconf 88' lang='lat' dir='ltr'>enituit.</span> <span class='ocrx_word' id='word_1_208' title='bbox 1495 4553 1646 4682; x_wconf 87' lang='lat' dir='ltr'>Itaque</span> <span class='ocrx_word' id='word_1_209' title='bbox 1684 4534 1852 4641; x_wconf 88' lang='lat' dir='ltr'>duabus</span> <span class='ocrx_word' id='word_1_210' title='bbox 1889 4571 1992 4635; x_wconf 65' lang='lat' dir='ltr'>ma⁴</span> <span class='ocrx_word' id='word_1_211' title='bbox 2137 4630 2138 4670; x_wconf 67' lang='lat'>,</span> 
     </span>
     <span class='ocr_line' id='line_1_30' title="bbox 521 4671 2138 4824; baseline 0.006 -56"><span class='ocrx_word' id='word_1_212' title='bbox 521 4671 620 4811; x_wconf 88' lang='lat' dir='ltr'>gnis</span> <span class='ocrx_word' id='word_1_213' title='bbox 670 4671 865 4778; x_wconf 88' lang='lat' dir='ltr'>cladibus</span> <span class='ocrx_word' id='word_1_214' title='bbox 907 4681 1094 4822; x_wconf 86' lang='lat' dir='ltr'>acceptis</span> <span class='ocrx_word' id='word_1_215' title='bbox 1131 4683 1345 4785; x_wconf 88' lang='lat' dir='ltr'>Henticus</span> <span class='ocrx_word' id='word_1_216' title='bbox 1394 4685 1708 4824; x_wconf 87' lang='lat' dir='ltr'>Gallorumque</span> <span class='ocrx_word' id='word_1_217' title='bbox 1760 4694 1856 4785; x_wconf 87' lang='lat' dir='ltr'>Rex</span> <span class='ocrx_word' id='word_1_218' title='bbox 1904 4676 1990 4779; x_wconf 93' lang='lat' dir='ltr'>suis</span> <span class='ocrx_word' id='word_1_219' title='bbox 2137 4679 2138 4709; x_wconf 57' lang='lat'>¹</span> 
     </span>
     <span class='ocr_line' id='line_1_31' title="bbox 517 4817 1989 4974; baseline 0.003 -58"><span class='ocrx_word' id='word_1_220' title='bbox 517 4817 646 4920; x_wconf 90' lang='lat' dir='ltr'>rebus</span> <span class='ocrx_word' id='word_1_221' title='bbox 691 4857 967 4947; x_wconf 90' lang='lat' dir='ltr'>metuentes,</span> <span class='ocrx_word' id='word_1_222' title='bbox 1017 4827 1234 4932; x_wconf 88' lang='lat' dir='ltr'>Pontifice</span> <span class='ocrx_word' id='word_1_223' title='bbox 1276 4867 1459 4974; x_wconf 88' lang='lat' dir='ltr'>quoque</span> <span class='ocrx_word' id='word_1_224' title='bbox 1496 4831 1700 4930; x_wconf 87' lang='lat' dir='ltr'>Maximo</span> <span class='ocrx_word' id='word_1_225' title='bbox 1745 4828 1989 4942; x_wconf 88' lang='lat' dir='ltr'>suadente,</span> 
     </span>
    </p>
   </div>
   <div class='ocr_carea' id='block_1_3' title="bbox 1899 5006 1987 5109">
    <p class='ocr_par' dir='ltr' id='par_1_4' title="bbox 1899 5006 1987 5109">
     <span class='ocr_line' id='line_1_32' title="bbox 1899 5006 1987 5109; baseline 0 -67"><span class='ocrx_word' id='word_1_226' title='bbox 1899 5006 1987 5109; x_wconf 66' lang='lat' dir='ltr'>P,</span> 
     </span>
    </p>
   </div>
   <div class='ocr_carea' id='block_1_4' title="bbox 0 0 2150 5984">
    <p class='ocr_par' dir='ltr' id='par_1_5' title="bbox 0 0 2150 5984">
     <span class='ocr_line' id='line_1_33' title="bbox 0 0 2150 5984; baseline 0 4"><span class='ocrx_word' id='word_1_227' title='bbox 0 0 2150 5984; x_wconf 95' lang='lat' dir='ltr'> </span> 
     </span>
    </p>
   </div>
  </div>
 </body>
</html>
