4326 5986
565 481 650 590 446
819 501 821 506 ¹
942 493 1045 574 on
1091 493 1294 574 nunus
1343 493 1564 576 onsrrs

512 649 570 766 cis
607 641 887 769 muneribus,
925 687 1037 788 quae
1076 648 1175 750 solis
1211 646 1434 750 nobilibus
1472 646 1854 788 parebant,unde
1886 695 1969 760 sm.

513 798 636 899 dium
674 833 817 895 rerum
862 831 1079 892 novarum
1113 833 1163 892 ac
1198 793 1484 895 dissensiones
1521 794 1813 922 oriebantur,
1853 843 1965 904 com-

509 941 709 1084 pluribus
762 937 1087 1040 communieata
1159 976 1315 1040 omnes
1376 937 1442 1036 in'
1477 932 1632 1037 officio
1683 942 1970 1069 continerent,

510 1086 678 1224 placuit
715 1125 764 1183 ac
801 1085 896 1224 lege'
933 1081 1251 1201 confirmatur,
1282 1119 1332 1180 ut
1369 1076 1559 1181 familiae
1596 1086 1810 1222 quaedam
1835 1129 1971 1230 popu-

513 1231 651 1347 lares,
673 1263 932 1328 auctoritate
969 1268 1020 1328 ac
1054 1225 1214 1368 opibus
1250 1227 1364 1326 inter
1400 1259 1558 1325 ceteras
1593 1266 1857 1342 eminentes,
1892 1275 1991 1336 no·-

511 1371 681 1473 bilitate
717 1375 1008 1478 donarenturr
1047 1407 1263 1511 praeterea
1299 1370 1384 1469 viri
1413 1369 1774 1512 singulares,qui
1812 1375 1969 1478 divitiis

487 1521 642 1658 ¹atque
682 1517 935 1658 prudentiae
972 1515 1187 1657 opinione
1222 1513 1522 1657 praestabant,
1558 1553 1747 1615 numero
1784 1518 1840 1617 ad
1868 1561 1966 1662 qua-

511 1699 615 1763 tuor
650 1662 793 1774 ·millia
837 1655 1014 1802 perinde
1050 1659 1220 1760 nobiles
1260 1655 1574 1760 efficerentur:
1613 1657 1667 1758 hi
1685 1697 1883 1784 tamen,
1913 1705 1967 1765 ne

414 1838 417 1846 ’
508 1808 811 1910 multitudine
842 1801 1110 1904 familiarum
1162 1801 1370 1926 nobilitas,
1400 1803 1674 1922 silesceret,
1719 1843 1966 1947 cognomen

508 1946 595 2050 sibi
632 1949 819 2089 quisque
859 1989 912 2046 ex
947 1945 1087 2046 nobili
1127 1946 1339 2086 quapiam
1382 1939 1550 2046 familia
1591 1984 1834 2048 sumerent.
1879 1958 1959 2050 At-

507 2131 598 2233 que
641 2131 689 2195 ea
723 2091 892 2192 ratione
933 2099 1116 2191 Genuae
1154 2087 1297 2188 civilis
1344 2089 1663 2192 administratio
1710 2109 1778 2192 ex‘
1808 2132 1967 2234 pauco-

506 2273 606 2340 rum
643 2234 878 2337 dominatu
912 2269 1046 2375 atque
1087 2233 1324 2368 tyrannide
1356 2233 1408 2333 in
1444 2271 1543 2334 eam
1578 2228 1773 2338 formam
1812 2239 1963 2338 transi-

504 2382 616 2508 qit,
663 2418 779 2520 quae
820 2377 1056 2480 communi
1093 2374 1318 2478 vocabulo
1369 2376 1637 2518 Respublica
1684 2381 1960 2491 nominatum

505 2525 581 2624 sed
617 2524 680 2624 ita
715 2559 766 2623 ut
802 2523 995 2623 Andreas
1034 2519 1207 2637 Doria,
1242 2519 1323 2661 qui
1358 2517 1487 2648 hujus
1528 2517 1700 2623 formae
1734 2565 1788 2624 ac
1830 2525 1955 2626 liber-

504 2665 605 2766 tatis
640 2695 790 2782 auctor
825 2657 998 2782 fuerat,
1036 2659 1362 2804 plurimum-in
1397 2700 1447 2762 ea
1481 2703 1626 2806 posset
1662 2703 1762 2768 tum
1797 2667 1959 2810 gratia,

503 2845 604 2920 tum
636 2843 776 2916 ‚ettam
811 2841 1102 2908 auctoritate.

575 2963 676 3064 IV.
726 2964 847 3052 Cum
882 2949 1017 3090 igitur
1042 2947 1234 3050 Carolus
1270 2943 1458 3050 civitatis
1490 2950 1741 3092 patrocinio
1766 2989 1958 3095 suscepto

500 3092 750 3210 'Genuenses
784 3091 869 3194 suis
906 3090 1074 3232 legibus
1109 3091 1178 3190 uti
1215 3093 1511 3230 permitteret,
1552 3131 1597 3196 et
1632 3097 1810 3237 largiter
1844 3093 1960 3196 fave·

503 3276 572 3339 ret
607 3241 805 3380 ipsorum
832 3233 1056 3340 libertatis
1094 3274 1247 3334 omnes
1270 3235 1507 3374 diligenter
1540 3239 1697 3338 Caroli
1725 3239 1852 3340 rebus
1876 3277 1957 3341 stu·

505 3378 703 3500 debant,
744 3377 1080 3518 huncquoque
1126 3374 1346 3478 bonorem
1381 3377 1448 3476 illi
1484 3414 1527 3479 et
1573 3383 1882 3483 auctoritatem
1916 3383 1961 3482 in

503 3567 580 3638 sua
619 3525 803 3626 civitate
852 3520 1128 3638 tribuentes,
1169 3555 1221 3620 ut
1242 3530 1355 3652 ‘ejus
1398 3521 1592 3661 legatum
1637 3525 1824 3664 publicis
1875 3521 1963 3624 fere

502 3660 899 3770 consultationibus
936 3663 1220 3765 adhiberent.
1263 3675 1415 3804 Itaque
1452 3706 1531 3807 per
1571 3667 1619 3767 id
1656 3705 1829 3812 tempus
1873 3682 1965 3769 Ca-

502 3814 640 3935 rolo,
678 3849 978 3952 quascumque
1020 3840 1262 3949 poterant,
1302 3810 1642 3910 commoditates
1693 3814 1748 3910 ad
1798 3810 1967 3913 bellum

503 3952 725 4057 Gallicum
760 3949 1076 4094 suggerebant.
1129 3951 1269 4065 Quod
1304 3950 1650 4054 animadvertens
1693 3966 1787 4054 Rex
1839 3964 1969 4054 Fran-

504 4101 668 4218 ciscus,
703 4097 870 4236 nequid
906 4095 1171 4198 intentatum
1206 4093 1499 4235 relinqueret,
1526 4135 1737 4237 magnam
1766 4095 1863 4198 vim
1898 4138 1970 4238 pe-

504 4245 733 4344 cuniarum
770 4241 826 4340 ad
843 4238 1048 4340 ‘militem
1081 4240 1433 4340 conducendum
1455 4240 1656 4340 Gnidoni
1690 4242 1969 4382 Rangonio,

504 4421 549 4486 et
582 4383 807 4525 Cagninio
842 4395 1105 4525 Gonzagae,
1142 4421 1192 4481 ac
1228 4383 1403 4482 Caesari
1444 4395 1633 4525 Fregoso
1668 4384 1845 4502 mittit,
1885 4384 1968 4526 qui

504 4527 691 4627 dimissis
752 4565 1087 4667 quoquoversus
1140 4523 1563 4666 conquisitoribus,
1608 4566 1702 4669 per-
1736 4536 1962 4644 Venetos,

503 4669 907 4812 Ecclesiasticosque
957 4668 1060 4776 fines
1107 4670 1283 4770 occulto
1332 4708 1382 4790 ac
1433 4670 1525 4770 sino
1574 4671 1755 4812 strepitu
1800 4672 1963 4770 milites

503 4816 823 4926 conducendos¹
845 4850 1073 4922 curarunt.
1112 4813 1248 4938 Paulo
1284 4813 1493 4915 Pontific'e
1528 4817 1760 4960 Mariano,⁴
1794 4855 1845 4915 ac
1867 4821 1963 4950 Ye-

1873 4993 1958 5053 ne-
