4294 5984
547 455 784 534 canott
827 456 880 538 v.
929 460 1048 538 Lm.
1091 425 1172 538 tu.¹
1474 475 1555 561 135

141 651 232 726 rett
268 617 341 718 sed
378 613 608 714 tormentis
645 613 897 756 dispositis,
933 650 976 714 et
1013 610 1139 716 rebus
1175 615 1382 722 omnibus
1418 625 1476 723 ad
1517 663 1601 766 op-

144 762 466 906 pugnationem
513 759 810 898 comparatis,
853 759 1054 862 Marchio
1103 760 1232 862 simul
1279 800 1603 873 tormentorum

145 908 236 1010 telis
274 941 454 1006 murum
489 902 666 1003 concuti
711 912 872 1036 jubet,
924 905 1054 1007 simul
1097 909 1430 1012 caduceatorem
1471 918 1605 1058 oppi-

141 1052 264 1154 danis
301 1048 609 1152 denuntiatum
646 1048 813 1170 mittit,
848 1083 898 1148 ut
934 1048 1017 1153 nisi
1059 1053 1218 1152 vellent
1260 1051 1437 1155 hostilia
1480 1061 1605 1198 pati,

139 1206 285 1330 ejecto
323 1193 493 1296 Gallico
537 1192 786 1336 praesidio,
828 1195 1134 1296 Antoniotum
1170 1199 1489 1301 Adornumin
1531 1244 1607 1304 ur-

137 1341 243 1443 bem
288 1379 370 1482 pro
406 1351 531 1440 Duce
566 1337 808 1477 reciperent
850 1339 945 1471 (sic
987 1341 1106 1440 enim
1148 1352 1397 1444 Genuenses
1437 1343 1606 1489 praefe*

138 1522 262 1587 ctum
309 1522 621 1624 summumque
666 1482 972 1625 magistratum
1019 1485 1323 1626 appellabant)
1369 1529 1420 1590 ac
1468 1490 1605 1595 fidem

137 1667 180 1734 tt
223 1629 466 1734 amicitiam
514 1627 664 1730 Caroli
704 1626 899 1736 Caesaris
948 1667 1275 1769 sequerentur,
1323 1636 1602 1739 conditiones

137 1816 325 1916 aequas,
363 1811 406 1874 et
440 1814 553 1914 quae
595 1773 784 1874 civitatis
826 1771 1014 1874 libertati
1054 1813 1148 1874 non
1191 1772 1438 1900 officerent,
1481 1823 1604 1882 acce-

137 1921 287 2060 ptuti.
331 1930 455 2018 Haec
493 1916 769 2016 denuntiatio
804 1916 1020 2055 plerisque
1064 1919 1417 2059 oppidanorum,
1464 1927 1601 2028 validi

136 2101 180 2162 et
217 2063 396 2164 victoris
434 2060 640 2161 exercitus
675 2095 798 2160 metu
833 2059 1094 2199 perterritis,
1125 2061 1242 2162 haud
1278 2073 1601 2172 contemnenda

133 2205 403 2326 videbatur,
440 2207 514 2306 sed
549 2242 599 2306 ut
632 2204 785 2306 omnia
821 2241 1060 2345 paucorum
1096 2244 1149 2303 ex
1190 2211 1378 2348 Fregosis
1419 2211 1601 2314 arbitrio

135 2349 426 2490 gerebantur,
461 2349 626 2490 legatus
661 2347 717 2449 ab
754 2347 814 2447 eis
849 2349 897 2449 in
933 2382 1066 2446 castra
1101 2348 1283 2450 nomine
1319 2353 1504 2452 civitatis
1530 2369 1603 2455 Be-

135 2493 339 2592 nedictus
389 2491 602 2592 Vivaldus
643 2492 834 2592 mittitur
846 2568 862 2612 ,
909 2528 958 2592 ut
1004 2494 1059 2592 de
1106 2492 1225 2630 pacis
1273 2495 1600 2598 conditionibus

134 2675 244 2737 cum
281 2633 542 2736 Marchione
578 2638 859 2779 transigeret,
896 2636 1119 2774 quidum
1155 2672 1327 2774 tempus
1369 2638 1417 2737 in
1458 2641 1603 2742 castris

133 2779 400 2918 paciscendo
444 2780 578 2899 terit,
620 2817 849 2879 conscensa
889 2780 1078 2920 Hispani
1120 2815 1416 2920 occupataque
1459 2783 1603 2905 turri,

132 2961 277 3062 quam
312 2963 476 3067 magna
513 2966 565 3025 ex
601 2959 719 3065 parte
754 2923 981 3022 tormentis
1016 2917 1187 3024 fuerant
1222 2924 1452 3043 demoliti,
1492 2922 1603 3026 fora·

131 3103 279 3208 toque
321 3069 527 3208 proximo
569 3107 728 3189 mutu,
771 3066 853 3208 qui
893 3103 935 3166 et
976 3067 1067 3208 ipse
1108 3071 1339 3168 concussus
1377 3065 1602 3168 dilabeba-

131 3243 201 3311 tur
215 3290 238 3331 ,
275 3213 445 3313 aditum
479 3211 564 3313 sibi
600 3213 649 3312 in
684 3213 839 3315 urbem
874 3248 1170 3352 aperuerunt,
1213 3245 1256 3310 et
1300 3204 1600 3313 defensoribus

131 3355 413 3498 negligenter
456 3355 726 3499 agentibus,
768 3396 849 3457 nec
891 3355 1135 3458 admodum
1181 3353 1600 3499 propugnantibus,

131 3535 379 3640 irrumpere
415 3535 678 3641 coeperunt.

208 3652 369 3746 XLVI.
444 3653 550 3743 Hoc
586 3641 666 3744 ubi
700 3644 987 3764 nuntiatum,
1023 3643 1262 3778 Marchio,
1299 3645 1480 3746 dimisso
1516 3641 1601 3743 col-

131 3785 318 3928 loquio,
348 3787 396 3889 in
422 3827 524 3889 eum
557 3787 733 3909 locum,
771 3829 864 3932 quo
899 3799 989 3920 jam
1025 3790 1225 3931 undique
1256 3825 1489 3889 concursus
1525 3784 1599 3887 fio

130 3926 250 4046 bat,
282 3932 560 4073 properavit,
585 3970 628 4035 et
653 3933 780 4033 latius
808 3935 932 4033 aditu
967 3929 1216 4072 patefacto,
1252 3931 1493 4072 primisque
1523 3928 1602 4028 mi·

127 4069 291 4171 litibus
336 4075 556 4175 subsistere
606 4078 756 4205 jussis,
783 4081 937 4216 ¹atque
985 4077 1091 4176 aliis·
1116 4075 1402 4195 intromissis,
1444 4111 1600 4174 omnes

129 4215 325 4333 ordine,
361 4218 726 4359 pedetentimque
755 4221 1019 4361 procedere,
1057 4217 1318 4360 hostemque
1355 4217 1598 4361 propellere

129 4359 361 4500 imperat,
399 4363 540 4460 donec
578 4363 799 4460 resistente
837 4361 1015 4460 nemine
1059 4399 1213 4503 portae
1254 4363 1440 4462 reclusae
1475 4394 1601 4478 sunt,

129 4502 405 4644 admissique
434 4504 665 4607 Germani.
696 4513 829 4606 Tunc
856 4545 965 4605 vero
996 4508 1211 4609 militibus
1238 4509 1443 4650 permissa
1479 4541 1604 4645 prae-

128 4651 228 4767 da,
266 4648 425 4788 passim
452 4648 713 4788 dissipantur
733 4639 750 4766 ,
780 4647 1024 4788 urbemque
1051 4652 1297 4796 diripiunt,
1334 4653 1394 4749 sic
1433 4683 1608 4767 tamen,

127 4828 183 4892 ut
231 4794 369 4896 Ducis
397 4792 647 4897 Columnae
681 4792 904 4936 imperio,
941 4795 1178 4936 edictoque
1220 4835 1245 4892 a
1273 4792 1494 4936 capiendis
1528 4791 1606 4892 ci-

1535 4970 1607 5033 vr-
