4368 5984
479 545 598 672 DE
630 542 846 676 VITA
880 543 988 674 ΕΤ
1021 537 1386 674 SCRIPTIS

257 814 338 937 70.
380 814 689 902 Genesis
725 813 1176 958 susurrabis
1209 813 1599 901 curbuliensis

611 1021 1245 1116 commentaturus.

285 1296 487 1484 INTER
516 1393 616 1482 viros
649 1390 941 1500 celeberrimos,
959 1393 1026 1510 qui
1062 1387 1210 1478 saeculo
1240 1389 1348 1476 XVI.
1373 1417 1556 1507 magnum
1581 1393 1646 1482 sibi

184 1510 296 1624 apud
322 1515 516 1630 Hispanos
556 1511 596 1596 in
621 1509 748 1599 litteris
775 1541 919 1600 nomen
948 1541 1147 1626 peperere,
1176 1537 1266 1598 sane
1284 1538 1364 1594 non
1389 1509 1565 1597 ultimum
1580 1543 1646 1600 oc·

182 1652 304 1745 cupat
331 1630 460 1718 locum
490 1633 527 1746 J.
553 1637 607 1716 G.
634 1631 888 1746 Sepulveda,
922 1629 1028 1745 cujus
1052 1630 1171 1718 vitam
1205 1653 1244 1714 et
1278 1628 1317 1712 in
1350 1626 1480 1714 litteris
1512 1632 1643 1732 merita

185 1769 269 1832 tum
299 1751 481 1866 exipsius
510 1750 671 1836 auctoris
708 1750 1058 1857 lucubrationibus,
1091 1773 1176 1836 tum
1200 1776 1246 1832 ex
1286 1745 1362 1832 aliis
1387 1751 1641 1838 monumentis

181 1862 362 1952 iilustrare
384 1898 524 1987 operae
549 1868 711 1984 pretium
734 1867 920 1956 duximus.

270 1990 398 2072 Natus
428 2013 485 2076 est
513 1986 625 2103 igitur
652 1988 865 2103 Sepulveda
885 1989 924 2074 in
941 1987 1087 2104 oppido
1119 1987 1232 2071 Puteo
1262 1983 1371 2090 albo,
1402 1986 1512 2102 quod
1536 1988 1640 2102 apud

178 2127 369 2190 nostrates
392 2106 491 2192 Poto
508 2109 638 2190 blanco
664 2131 935 2224 nuncupatur,
959 2131 998 2192 et
1021 2132 1137 2221 caput
1152 2129 1208 2192 est
1238 2105 1548 2210 Petrocciarum,
1582 2107 1636 2192 si·

160 2251 231 2308 ‘ve
257 2246 398 2310 tractus
429 2224 548 2331 illius,
576 2223 648 2340 qui
660 2224 861 2312 vernacule
878 2225 984 2312 audit
1002 2229 1057 2310 los
1073 2225 1313 2329 Pedroches,
1338 2245 1470 2336 estque
1497 2225 1568 2308 sub
1583 2225 1640 2310 di-

181 2338 289 2425 tione
316 2341 472 2430 civitatis
493 2342 781 2455 Cordubensis,
803 2368 903 2462 quae
925 2373 1037 2430 causa
1062 2341 1134 2430 fuit
1154 2405 1167 2450 ,
1189 2369 1257 2428 cur
1289 2371 1328 2426 se
1361 2342 1638 2428 Cordubensent

177 2457 394 2572 sepuveda
410 2461 576 2578 pluribus
599 2462 638 2546 in
665 2461 754 2548 locis
783 2461 1088 2580 nuncupaverit.

268 2581 365 2676 Quo
380 2605 510 2668 autem
535 2609 639 2667 anno
652 2605 759 2668 ortus
774 2581 848 2689 sit,
880 2582 1033 2668 minime
1048 2580 1230 2668 convenit
1254 2578 1357 2696 apud
1373 2606 1517 2667 omnes.
1550 2585 1638 2668 Au·

178 2713 296 2779 ctot¹
334 2697 436 2786 vitae
462 2699 726 2816 Sepulvedae,
757 2729 857 2816 quae
885 2701 1061 2818 operibus
1085 2699 1163 2812 ejus
1191 2698 1379 2784 Coloniae
1406 2699 1637 2816 Agrippinae

178 2807 336 2922 junctim
352 2817 460 2905 editis
487 2819 526 2904 in
553 2813 702 2906 officina
720 2814 1006 2906 birckmannica
1022 2847 1126 2906 anno
1159 2821 1282 2904 1602.
1311 2817 1350 2902 in
1382 2811 1425 2922 4⁰
1454 2819 1638 2932 praemit·

176 2927 271 3016 titur
309 2997 322 3042 ,
361 2959 558 3055 quamque
586 2937 756 3027 Andreas
792 2939 971 3030 Schottus
1005 3001 1017 3047 ,
1046 2941 1150 3054 cujus
1190 2933 1352 3021 eruditio
1378 2953 1424 3032 a‘c
1462 2936 1560 3022 bene
1584 2936 1634 3024 de

178 3047 359 3164 Hispanis
386 3055 624 3171 scriptoribus
645 3057 814 3144 merendi
838 3059 1006 3146 studium
1022 3054 1172 3142 'nemini
1198 3078 1334 3141 notum
1353 3081 1433 3140 non
1461 3080 1541 3159 est,
1573 3079 1633 3140 to·

171 3164 298 3254 tidem
332 3173 458 3262 verbis
492 3176 533 3261 in
569 3205 675 3262 suam
709 3176 980 3263 Bibliothecam
1006 3177 1221 3286 Hispaniae
1262 3172 1377 3260 tribus
1408 3199 1493 3286 post
1525 3174 1631 3260 annis

171 3287 413 3378 Francofisrti
433 3294 505 3378 sub
535 3298 586 3381 A.
603 3293 791 3410 Peregrini
821 3297 975 3383 nomine
1000 3295 1105 3411 prelo
1130 3292 1365 3380 commissam
1394 3291 1629 3406 transcripsit,

170 3428 311 3492 natum
335 3408 440 3498 illum
464 3437 651 3501 asseverat
677 3441 781 3499 anno
824 3443 949 3527 1491.
989 3413 1146 3529 Propius
1177 3413 1227 3498 ad
1257 3411 1452 3498 veritatem
1485 3411 1629 3498 accedit

172 3520 289 3612 elatis.
323 3527 428 3615 vir²
465 3529 647 3618 Nicolaus
676 3532 896 3642 Antonius,
923 3531 990 3651 qui
1015 3533 1055 3619 in
1077 3561 1144 3618 sua
1173 3531 1406 3618 Bibliotheca
1438 3531 1493 3611 N.
1530 3528 1627 3615 circa

170 3666 265 3728 ann.
290 3673 414 3759 1490.
440 3649 586 3738 editum
610 3650 774 3766 conjicit.
809 3658 895 3739 Nos
910 3682 1004 3740 vero
1031 3651 1108 3738 hoc
1139 3649 1273 3736 ultimo
1305 3673 1437 3734 natum
1468 3645 1626 3732 arbitra-

174 3787 259 3847 mur
274 3761 380 3852 luud
394 3766 539 3856 levibus
555 3769 659 3856 ducti
680 3770 914 3886 conjecturis.
947 3772 1070 3857 Prima
1086 3768 1291 3857 desumitur
1316 3796 1363 3853 ex
1382 3765 1537 3880 epistola
1558 3791 1624 3872 90·

173 3879 345 3969 editionis
369 3885 694 3996 Salmantieensis,
720 3919 821 4007 quae
845 3916 901 3978 est
925 3899 994 3993 87.
1026 3888 1199 3976 editionis
1226 3883 1493 3987 Coloniensis,
1529 3882 1625 3996 prid.

173 3999 281 4084 Non.
307 4005 429 4092 Mart.
445 4037 534 4093 ann.
550 4007 691 4094 Christ.
715 4036 838 4120 1555.
858 4034 1027 4114 exarata,
1053 4007 1193 4122 inqua
1218 4000 1455 4090 ferdinando
1484 3999 1625 4088 Valde·

165 4115 229 4200 -sio
244 4121 413 4209 Antistiti
437 4125 646 4242 Hispalensi
660 4155 706 4212 ac
730 4155 907 4243 supremo
921 4127 1021 4213 Fidei
1034 4131 1230 4210 Exetastae
1251 4149 1290 4206 se
1312 4143 1488 4225 excusat,
1512 4119 1624 4235 quod

160 4233 265 4320 nibil
286 4237 360 4349 jam
386 4243 530 4358 pridem
546 4244 597 4330 ad
621 4275 709 4331 eum
725 4245 930 4332 litterarum
947 4241 1091 4329 dederit
1108 4301 1121 4346 ,
1146 4264 1343 4356 propterea
1358 4237 1467 4354 quod
1484 4259 1624 4322 aestate

171 4355 362 4469 superiore
377 4347 595 4478 gravissimo
611 4392 656 4449 ac
684 4363 892 4476 periculoso
910 4359 1049 4446 morbo
1065 4421 1078 4466 ,
1095 4357 1244 4444 medicis
1260 4357 1334 4470 jam
1349 4355 1397 4441 de
1412 4355 1489 4469 ejus
1505 4353 1624 4440 salute

170 4469 476 4594 desperantibus,
503 4510 699 4597 oppressus
715 4479 963 4585 decubuerit,
985 4505 1054 4565 nee
1078 4478 1174 4567 vires
1203 4476 1329 4562 adhuc
1352 4473 1436 4571 satis
1460 4474 1623 4588 recipere

167 4590 361 4790 quigerit,
383 4625 474 4684 eum
497 4597 572 4712 jam
587 4600 637 4686 ab
660 4598 767 4686 initio
793 4599 922 4687 morbi·
941 4626 1067 4684 nonus
1090 4593 1223 4680 mensis
1238 4616 1434 4712 ageretur:
1469 4591 1624 4706 subjun-

266 4715 413 4800 om.I.¹
975 4717 1018 4800 A
1311 4739 1314 4746 ’
1553 4708 1625 4825 git·
