4292 5984
555 423 610 516 na
939 452 1024 534 ou
1073 449 1274 532 nunus
1325 449 1549 535 Gusrts

343 643 346 651 ‘
513 616 633 714 armis
670 610 861 724 extulit,
896 637 939 708 uc
971 640 1041 746 pm
1076 615 1377 744 quinquennium
1414 605 1613 740 dijudicari
1658 639 1732 704 nun
1768 609 1978 743 potuerit,

510 758 742 890 Hispanis,
785 754 1016 878 immunisnc
1057 760 1099 853 in
1141 759 1255 853 armis
1292 756 1379 886 plus
1428 779 1525 849 essct
1567 751 1754 867 roboris,
1803 777 1844 844 et
1892 780 1980 854 utet

507 903 669 1039 populus
696 903 811 998 alteri
832 903 1032 1032 puniturus
1044 899 1186 1035 soret.
1225 894 1319 996 Has
1348 900 1474 1033 igitur
1506 894 1738 996 Prouincu'us
1773 920 1856 993 tam
1894 896 1982 1027 dif-

503 1048 659 1182 suasus,
695 1071 777 1141 tum
801 1043 1063 1178 frequentes,
1105 1073 1182 1144 tum
1205 1038 1323 1171 ferm
1366 1043 1415 1140 ud
1457 1077 1536 1143 eam
1575 1075 1704 1180 pacem
1744 1041 1880 1141 abhinc
1917 1079 1982 1144 un·

514 1229 581 1287 nm
605 1186 739 1324 ferme
785 1193 1062 1325 quinquaginta
1104 1190 1294 1326 produxit
1338 1189 1472 1285 Caesar
1518 1193 1760 1322 Augustus,
1805 1214 1849 1284 ut
1885 1225 1980 1321 quac

446 1447 448 1453 Ι
512 1337 697 1436 maximis
747 1333 860 1430 bellis
904 1372 1110 1468 numquam
1159 1356 1425 1449 nutaverunt,
1461 1333 1530 1430 sub
1582 1327 1671 1464 ano
1717 1335 1886 1450 Aisuio,
1936 1369 1981 1430 ac

480 1478 652 1578 'deinde
687 1477 831 1576 Publio
868 1481 972 1577 Silio
1009 1485 1209 1615 Legum,
1248 1480 1456 1611 cererisque
1488 1505 1620 1610 postea
1668 1481 1783 1576 etiam
1820 1479 1981 1574 lucraci-

519 1626 597 1720 m'u's
632 1645 843 1724 nucarum.
888 1630 1115 1724 Hactenus
1150 1619 1355 1756 Vellejtis.
1391 1620 1472 1726 Sed
1514 1619 1646 1721 redeo
1691 1621 1747 1720 ad
1790 1614 1982 1762 Augusti

517 1799 830 1905 princtpatum.

591 1919 698 2012 XX.
771 1917 823 2012 In
858 1905 987 2044 hujus
1024 1907 1235 2053 Principis
1272 1907 1460 2052 gratiam
1505 1905 1726 2052 Hispani,
1774 1946 1868 2009 non
1910 1948 1983 2008 so-

519 2051 613 2152 lum
643 2051 801 2154 multas
842 2052 969 2156 urbes
1014 2058 1071 2159 ab
1113 2056 1211 2196 ipso
1258 2054 1568 2176 nominarunt,
1614 2090 1663 2156 ut
1686 2066 1983 2194 ‘Caesaraugu-

521 2233 664 2316 stam,
700 2198 1114 2342 Augustobrigam,
1150 2199 1389 2304 Emeritam
1437 2207 1710 2342 Augustam,
1747 2233 1790 2299 et
1826 2207 1984 2297 Pacem

500 2346 797 2480 Augustam,
834 2343 909 2441 sed
947 2345 1083 2444 etiam
1118 2378 1374 2484 temporum
1413 2339 1668 2462 rationem,
1703 2379 1753 2445 ut
1788 2340 1984 2446 Romani

521 2483 578 2584 ab
615 2477 723 2582 urbe
758 2484 963 2603 condita,
1002 2487 1061 2584 sic
1096 2486 1180 2625 ipsi
1216 2487 1274 2586 ab
1310 2487 1503 2629 Augusti
1537 2487 1727 2590 Caesaris
1762 2486 1986 2624 Principa-
2132 2617 2133 2626 Ν

523 2661 575 2724 tu
612 2657 801 2764 repetere
838 2627 1190 2750 constituerunt,
1225 2631 1476 2772 mansitque
1521 2672 1572 2731 ea
1616 2633 1888 2732 consuetudo
1933 2627 1987 2726 ad
2132 2669 2133 2736 ἱ

524 2806 691 2868 annum
725 2808 864 2912 usque
893 2771 1059 2875 Christi
1091 2774 1184 2875 nati
1228 2773 1512 2877 millesimum
1547 2773 1896 2879 trecentesimum
1938 2809 1987 2870 o-·
2132 2885 2133 2890 Ν

503 2912 820 3054 ‘ctogesimum
857 2918 1055 3020 tertium:
1087 2953 1194 3019 tunc
1222 2919 1344 3020 enim
1374 2919 1470 3066 lege
1497 2957 1682 3024 cautum
1718 2954 1781 3023 est
1809 2921 1987 3053 aJ0an-
2132 2961 2133 2984 Ν

526 3095 613 3176 ne,
650 3059 731 3198 qui
767 3057 936 3200 primus
972 3062 1101 3197 hujus
1132 3063 1326 3168 nominis
1355 3066 1564 3176 Castellae
1594 3076 1804 3211 Regnum
1832 3060 1987 3180 tenuit,

526 3235 578 3300 ut
613 3202 773 3304 deinde
809 3205 912 3306 amri
949 3242 992 3309 et
1027 3245 1231 3351 tempora
1266 3249 1292 3308 a
1321 3209 1487 3312 Christi
1521 3210 1693 3312 Natalis
1731 3210 1835 3328 die,
1872 3206 1989 3307 velut
2132 3315 2133 3322 Ν

526 3347 727 3487 acepite
760 3349 1071 3456 deducerentur
1081 3431 1096 3476 ‚
1134 3354 1295 3456 omissa
1322 3361 1489 3458 AERA
1514 3354 1736 3465 Caesarist
1773 3355 1835 3455 sic
1871 3351 1990 3454 entim

527 3521 780 3632 temporum
816 3491 930 3597 hanc
965 3498 1213 3619 rationem,
1257 3499 1381 3642 quasi
1425 3540 1519 3601 uno
1564 3499 1826 3616 vocabud0,
1864 3529 1987 3638 post·
2132 3599 2133 3608 Ν

527 3671 666 3771 quam
693 3637 759 3736 vis
786 3635 946 3742 harum
970 3643 1212 3746 litterarum
1241 3644 1440 3788 ignorari
1468 3643 1641 3787 coepit,
1676 3640 1985 3745 nominabants
2132 3745 2133 3780 q

526 3777 584 3874 de
620 3789 743 3914 cujus
777 3783 910 3885 initio
947 3824 991 3889 et
1036 3792 1220 3892 nomine
1263 3789 1404 3892 multa
1440 3831 1466 3890 a
1502 3789 1652 3892 multis
1688 3825 1786 3889 tum
1829 3781 1986 3887 veteri·

530 3914 640 4040 bus,
674 3961 770 4027 tum
799 3933 1111 4036 recentioribus
1142 3930 1250 4037 falso
1278 3935 1437 4037 tradita
1468 3970 1592 4046 suntt
1614 3973 1695 4035 nec
1733 3931 1984 4074 quisquam,

530 4099 668 4222 <quem
697 4072 882 4210 quidem
909 4077 980 4182 vel
1018 4077 1228 4223 legerim,
1264 4080 1336 4180 vel
1366 4081 1609 4200 audierim,
1647 4076 1899 4221 quaestioni
1929 4111 1984 4171 sa·
2132 4175 2133 4208 ᾗ

529 4203 709 4313 ttsfecit.
747 4219 910 4318 Errotis
947 4224 1017 4325 ori
1050 4267 1079 4326 o
1114 4221 1230 4347 finit,
1265 4228 1390 4367 quod
1426 4223 1532 4328 haec
1568 4259 1821 4364 temporum
1858 4216 1988 4333 ratio,

493 4362 634 4453 mu
668 4395 948 4505 nuncupata,
986 4267 1153 4472 Citristi
1188 4371 1342 4474 Natali
1378 4370 1559 4514 triginta
1602 4405 1705 4471 otto
1752 4363 1874 4467 annis
1909 4399 1990 4460 an-

529 4497 711 4602 tecedit.
750 4509 812 4604 At
847 4504 936 4609 hoc
974 4513 1176 4614 incidisse
1212 4550 1382 4614 constat
1416 4515 1462 4613 in
1500 4513 1886 4654 quadragesimum
1923 4543 1992 4602 se·
2132 4557 2133 4560 Ν

528 4642 722 4748 cundum
759 4687 927 4752 annum
963 4654 1155 4796 Augusti
1191 4655 1482 4799 principatus,
1520 4665 1641 4789 cujus
1677 4655 1855 4755 initium
1893 4648 1994 4751 scti-

528 4816 712 4926 ptotum
739 4797 1011 4902 consuetudo
1049 4797 1169 4904 idem
1178 4878 1195 4926 ,
1232 4800 1356 4946 quod
1394 4801 1692 4910 triumviratus
1725 4793 1854 4901 facit.
1894 4805 1991 4896 Hu-

1924 4975 1991 5074 qus
