4326 5986
586 445 667 538 390
970 435 1056 516 nu
1101 435 1305 516 nunus
1351 431 1581 514 cnsrrs

529 601 639 743 quin
674 600 728 702 de
762 628 1012 697 nostrorum
1047 591 1234 692 victoria
1270 591 1539 730 desperarem
1580 629 1659 692 nec
1684 584 1979 703 dubitabatur,

528 740 743 882 siquid
707 778 767 840 ers
802 737 1053 856 accidisset,
1087 733 1194 873 quin
1230 731 1425 833 hostium
1474 732 1636 832 vitibus
1676 767 1718 833 et
1761 731 1973 871 spiritibus

529 885 690 1002 auctis,
725 921 773 981 ac
817 878 1008 978 vicissim
1043 875 1446 978 Christianorum
1434 874 1677 976 imminutis
1720 909 1857 1014 atque
1896 873 1974 976 fra

530 1026 608 1125 ctis
651 1037 797 1125 Roma
832 1018 1038 1159 bonaque
1078 1018 1225 1119 Italiae
1261 1056 1354 1158 pars
1392 1056 1607 1160 magnum
1648 1015 1976 1118 discriments·

531 1202 594 1265 set
629 1167 821 1281 aditura,
856 1195 897 1265 et
932 1155 1172 1278 frumenti,
1203 1201 1254 1260 ac
1288 1195 1526 1260 ceteramm
1561 1197 1734 1275 rerum,
1761 1197 1875 1298 quae
1901 1199 1980 1259 ma·

434 1415 437 1420 ,
531 1309 571 1408 ri
590 1330 972 1464 comportantur,
1006 1341 1224 1402 summam
1260 1302 1460 1442 inopiam
1496 1337 1770 1440 perpessura

611 1459 660 1548 11.
748 1459 815 1548 Ut
857 1446 991 1584 igitur
1032 1441 1287 1544 Christianis
1330 1441 1568 1560 omnibus,
1609 1471 1809 1581 praeter
1824 1477 1977 1580 paucos
2116 1475 2117 1562 Τ

531 1589 735 1690 inimicos
770 1586 1033 1725 invidosque
1069 1585 1248 1745 Caroli3
1284 1619 1554 1724 expugnatae
1590 1583 1773 1683 Goletae
1808 1584 1977 1684 nuntius

529 1732 832 1890 gratissimus
828 1721 947 1844 fuit,
979 1729 1039 1826 sic
1075 1725 1324 1866 gravissime
1360 1727 1463 1826 tulit
1498 1762 1595 1825 eam
1622 1734 1836 1856 jacturam
1866 1723 1977 1824 Cha·

530 1871 733 2031 radinuss
770 1869 962 2010 primum
999 1900 1174 2008 propter
1209 1867 1296 1967 loci
1332 1868 1739 2028 opportunitatem,
1773 1905 1860 2005 qua
1895 1871 1976 1966 Tu·

529 2013 640 2113 netis
675 2011 954 2114 obsidionem
990 2011 1178 2112 multum
1214 2009 1430 2148 impedire
1458 2049 1581 2149 posse
1573 2005 1883 2170 confidebant
1908 2008 1976 2110 de·

528 2154 631 2254 inde
667 2156 728 2255 ob
765 2149 896 2253 simul
932 2151 1136 2252 amissam
1171 2149 1430 2270 classem,
1418 2190 1465 2251 ιιι
1501 2191 1590 2292 qua
1626 2150 1816 2250 maxime
1852 2150 1979 2288 ipsius

527 2296 759 2396 auctoritas
795 2329 836 2394 et
874 2293 1072 2433 potentia
1108 2289 1411 2400 consistebam
1456 2329 1553 2392 tum
1588 2293 1657 2391 vel
1697 2292 1890 2392 maxime
1923 2291 1979 2390 ob

528 2476 626 2538 eam
660 2476 861 2554 causam,
901 2436 1052 2573 quod
1060 2473 1162 2534 cum
1204 2471 1357 2534 omnes
1391 2440 1695 2552 Tunetenses,
1733 2470 1777 2533 et
1811 2434 1978 2573 ipsein

527 2580 680 2739 primis
715 2579 939 2708 judicasset
974 2577 1178 2676 Goletam
1215 2575 1341 2674 novis
1376 2573 1579 2732 operibus
1614 2610 1832 2715 tantoque
1870 2612 1972 2713 prae·

528 2719 643 2818 sidio
680 2719 873 2818 militum
915 2751 1046 2856 atque
1088 2752 1413 2818 tormentorum
1456 2717 1751 2856 permunitam
1793 2718 1978 2856 inexpu

529 2856 753 3021 gnabilem
788 2899 874 2960 esse
909 2853 1090 2976 factam,
1128 2855 1285 2956 hac
1243 2893 1406 2958 virtute
1441 2896 1691 2959 nostrorum
1734 2893 1979 2999 expugmta
2117 2877 2118 2880 ‘

528 3001 682 3142 ingens
718 3002 853 3101 timor
888 3000 1206 3100 Tunetensium
1241 2998 1413 3102 animos
1448 3000 1693 3118 invaserat,
1734 3001 1833 3140 ipso
1871 3039 1982 3141 quo-

530 3181 618 3283 que
654 3140 906 3244 Charadino
941 3181 1036 3240 non
1070 3141 1349 3241 mediocriter
1385 3177 1634 3260 metuente,
1662 3179 1716 3240 ne
1751 3143 1983 3282 tantisper

532 3324 577 3383 se
625 3283 782 3386 animis
823 3320 941 3384 nova
986 3318 1203 3443 praeterea
1243 3283 1428 3383 victoria
1473 3218 1649 3384 sublatis
1691 3281 1848 3384 obsisti
1899 3319 1983 3382 nou

533 3464 737 3566 posset,
735 3425 803 3523 si
854 3424 947 3566 pari
999 3425 1284 3530 contentione
1333 3425 1518 3524 Tunetis
1573 3426 1987 3567 oppugnationem,

533 3567 765 3708 oppidanis
801 3601 925 3666 tanto
962 3565 1117 3665 timore
1129 3567 1388 3728 perculsis,
1421 3570 1772 3708 aggrederentur.

606 3719 675 3808 ΠΙ.
748 3707 888 3808 Sed
876 3745 923 3806 m
965 3745 1014 3806 ea
1056 3705 1240 3808 civitatis
1284 3708 1575 3848 trepidatione
1618 3708 1727 3810 haec
1768 3705 1989 3809 Charadi-

536 3871 645 3950 num'
681 3887 773 3989 spes
809 3886 1074 3990 magnopere
1110 3847 1356 3968 solabatur,
1394 3852 1538 3990 quod
1553 3853 1815 3952 Nomadum
1843 3889 1970 3952 acce

537 4025 730 4092 terorum
765 3989 957 4092 subsidio
991 3992 1140 4092 venire
1173 4032 1265 4092 non
1305 3992 1604 4094 desistentium
1642 3995 1862 4094 maximus
1909 4033 1993 4096 nu·

538 4172 680 4234 merus
711 4167 1021 4252 convenerat,
1060 4130 1219 4274 quibus
1262 4134 1345 4235 sibi
1392 4135 1605 4265 adjunctis
1653 4131 1779 4234 facile
1827 4132 1989 4235 urbem

539 4271 715 4376 defendi
751 4313 872 4414 posse
905 4273 1201 4394 confidebat,
1229 4277 1344 4376 dum
1379 4275 1594 4438 oppidani
1631 4278 1856 4378 modom
1893 4273 1991 4376 offi

538 4414 619 4514 cio
646 4455 696 4516 ac
731 4415 849 4516 fide
850 4450 1118 4556 perstarents
1159 4456 1263 4518 nam
1298 4417 1411 4516 his
1399 4419 1578 4518 mritis
1591 4419 1714 4520 nihil.
1739 4421 1988 4519 conandum

540 4595 627 4656 esse
661 4555 906 4684 statuebat;
942 4597 1134 4696 quorum
1177 4594 1257 4658 ut
1252 4558 1568 4660 adhortarentr
1629 4562 1758 4662 simul
1807 4599 1854 4660 et
1895 4597 1987 4656 ten-

540 4733 648 4800 taret
681 4699 884 4827 animos,
923 4699 1138 4806 concione
1181 4737 1424 4806 convocata
1460 4702 1721 4809 confirmare
1768 4700 1993 4858 deterritos

1920 4839 1994 4940 ni·
