4284 5982
560 421 562 427 ,
604 370 609 382 “
661 360 784 432 vrrn'
803 361 868 432 ET
887 359 1106 433 SCRIPTA.
1438 367 1556 440 XCV.

137 485 273 576 ruriam
298 510 378 574 esse
400 480 732 602 diumr'rltumqoe
751 485 1026 572 eornmor'anrs.
1054 483 1251 581 Quoniam
1274 511 1401 576 autem
1426 517 1581 580 omnem

110 663 112 666 -
143 608 193 694 de
207 607 353 720 Regno
377 601 668 718 disputationem
700 630 788 686 cum
812 627 1024 688 ceterorum
1043 604 1145 722 ro'p
1172 631 1354 720 generum
1378 636 1577 695 commen·-

149 721 295 808 tatione
327 721 570 832 coniunctam
585 747 679 804 esse
699 720 879 806 videret:
907 719 1031 835 aliqua
1065 747 1147 806 rum
1177 721 1347 808 universe
1381 723 1430 808 de
1460 731 1581 840 Repu·

140 839 254 945 blica,
289 862 373 923 tum
406 838 456 926 de
477 837 630 954 singulis
651 835 728 946 ejus
751 837 945 952 generibus
969 836 1068 952 prius
1092 837 1157 922 sibi
1172 866 1248 923 esse
1263 838 1470 927 disserenda
1499 847 1572 929 exi-

138 955 305 1044 stimavit
320 1015 336 1060 ,
352 953 592 1040 Aristotelem
617 951 777 1038 maxime
797 977 954 1038 secutus
982 954 1089 1039 lnitio
1114 955 1224 1074 igitur
1248 957 1363 1068 paulo
1391 957 1497 1043 altius
1526 991 1582 1047 re·

139 1073 262 1178 petito
289 1107 317 1176 ,·
333 1071 543 1185 imperandi
569 1070 1042 1186 petendiquerationem,
1074 1099 1192 1188 quam
1217 1098 1352 1156 natura
1382 1073 1580 1162 adrerum

141 1189 303 1276 salutern
328 1187 462 1274 molita
484 1212 572 1293 est‘,
597 1211 679 1276 tam
705 1185 926 1302 latepatete
946 1189 1003 1273 ait
1029 1250 1044 1294 ,
1072 1213 1115 1274 ut
1141 1189 1231 1274 nihil
1259 1217 1378 1274 unum
1410 1217 1448 1276 et
1479 1223 1582 1280 com·

92 1321 94 1326 ’
138 1336 258 1392 mune
281 1307 332 1405 sit
357 1305 604 1391 consotunrm
619 1365 635 1410 ,
649 1303 740 1419 quin
754 1303 802 1388 sit
825 1305 864 1389 io
885 1334 933 1390 eo
959 1304 1105 1421 aliquid
1125 1306 1234 1422 quod
1260 1302 1444 1424 imperet,
1470 1305 1584 1425 quid-

141 1423 233 1510 dam
257 1425 407 1530 etiam,
434 1423 543 1536 quod
573 1420 728 1538 imperio
752 1423 830 1531 iure
858 1446 1017 1507 naturae
1043 1449 1181 1536 pateat.
1210 1421 1356 1510 Omnes
1374 1449 1497 1518 autem
1514 1429 1583 1514 im·

139 1540 299 1652 perandi
327 1538 464 1624 modos
489 1539 529 1622 io
550 1539 631 1624 duo
644 1566 783 1654 genera
799 1537 979 1652 dispertit,
992 1538 1097 1625 civile
1113 1600 1127 1642 ‚
1141 1567 1183 1625 et
1197 1540 1322 1631 herile.
1350 1541 1457 1648 lllud,
1471 1549 1582 1659 quod

141 1659 181 1741 in
205 1658 341 1746 liberos
367 1653 540 1765 homines
566 1656 618 1740 ad
642 1656 808 1768 ipsorum
838 1656 1032 1740 utilitatem
1060 1683 1284 1766 exeroetur3
1312 1659 1388 1744 ltoc
1411 1685 1548 1747 autem
1565 1719 1586 1770 ,a

142 1774 251 1889 quod
278 1775 318 1858 in
343 1801 474 1859 servos
501 1772 553 1857 ad
581 1770 891 1865 commoditatem
920 1772 1142 1887 imperantis.
1160 1775 1276 1889 'Justa
1302 1775 1506 1890 imperandi
1522 1807 1586 1896 pa.

142 1893 325 2008 tendique
344 1889 448 1976 :ratio
479 1911 525 1976 et
545 1889 656 1976 tebu's
676 1887 820 2005 ubique
843 1888 1003 1975 sabrtem
1027 1888 1163 1996 affert,
1187 1915 1228 1978 et
1254 1894 1430 2008 gentibus
1455 1896 1583 1983 civita·

141 2007 319 2124 tibiasque
342 2035 551 2120 earumque
582 2006 747 2121 parribus
778 2029 833 2092 est
865 2008 1023 2092 maxime
1040 2007 1204 2092 salutaris
1221 2039 1231 2093 ε
1247 2039 1369 2096 rursus
1400 2009 1578 2123 injustum

143 2123 342 2238 inperium
370 2124 618 2240 pentieiosum
648 2149 702 2208 est
729 2146 768 2206 et
793 2123 947 2208 exitiale.
978 2127 1080 2208 Cum
1105 2149 1231 2210 autern
1254 2125 1443 2242 multiplex
1461 2130 1506 2218 sit
1521 2134 1583 2218 ad·

148 2241 383 2336 ministrandi
408 2269 447 2326 et
469 2241 623 2354 parendi
647 2241 760 2343 tatio,
776 2242 826 2326 rle
855 2240 968 2354 ipsius
994 2242 1190 2357 genetibus
1217 2241 1367 2327 disserit.
1398 2244 1581 2364 Cumque

147 2385 310 2470 gauses
336 2357 460 2448 ovito
488 2355 549 2443 vel
575 2356 684 2442 unius
698 2417 714 2460 ‚
727 2357 790 2442 vel
813 2383 1050 2470 paucorum,
1071 2359 1135 2442 vel
1149 2358 1354 2444 multotum
1379 2359 1579 2448 hominum

141 2473 304 2588 imperio
329 2503 552 2590 summaque
578 2498 763 2590 potestate
789 2475 1050 2590 gubernetur,
1075 2473 1220 2560 necmse
1242 2474 1288 2560 sit
1305 2503 1325 2577 3·
1343 2471 1522 2584 efficitur,
1538 2505 1583 2566 ut

142 2591 216 2680 sint
234 2592 344 2681 uaria
375 2591 492 2678 etiam
515 2619 653 2709 genem
675 2589 1075 2705 Rerrunpoblicarum‚
1106 2621 1192 2678 curn
1221 2617 1437 2696 rectarum,
1470 2595 1498 2678 si
1522 2599 1579 2683 ad

144 2708 336 2822 puniens
362 2710 615 2810 subiectorum
630 2709 800 2812 bonum,
819 2733 901 2793 tum
917 2735 1155 2821 pravararum
1173 2768 1186 2814 ,
1203 2709 1230 2793 si
1245 2709 1296 2798 ad
1319 2709 1581 2822 imperantium

144 2825 340 2912 mmmmm
366 2850 407 2912 et
434 2825 624 2912 libifflnem
653 2823 774 2911 omnir
795 2823 1067 2910 administratio
1091 2823 1284 2912 referatur.
1310 2826 1400 2909 Tria
1424 2857 1499 2914 esse
1525 2859 1581 2914 re·
1666 2859 1667 2862 ‘

143 2965 287 3036 statum
302 2941 672 3048 Retumpublicarum
685 2943 968 3056 generastrrm
983 2970 996 3046 ‘s
1013 2947 1196 3056 Regnum
1213 2999 1228 3047 ,
1252 2967 1389 3028 statum
1419 2947 1581 3058 optima·

145 3081 227 3146 tum
250 3119 265 3164 ,
298 3083 337 3144 er
361 3087 461 3174 quae
473 3055 691 3174 Respublica
709 3057 902 3154 conmuni
924 3060 1112 3148 vocabulo
1134 3059 1348 3148 nominatur
1364 3091 1384 3166 :¹
1401 3065 1579 3149 totidem·

145 3203 221 3288 que
254 3203 395 3287 genera
420 3176 736 3289 depravatorum
761 3169 1026 3289 tyrannidem,
1048 3205 1254 3288 paucorum
1276 3177 1511 3290 potentiam,
1539 3205 1578 3266 et

146 3292 381 3406 popularem.
408 3290 512 3380 Hinc
536 3293 585 3378 sle
604 3291 749 3408 Regis,
773 3317 811 3377 rt
835 3293 984 3406 tyranni
1009 3291 1213 3378 differentia
1236 3321 1404 3378 accurare
1428 3297 1580 3403 disserit,

146 3409 208 3498 ubi
237 3407 330 3521 quid
358 3409 405 3494 sit
419 3411 535 3508 Rex,
564 3408 658 3521 quid
678 3435 889 3518 tyrenum,
911 3410 1047 3524 quibus
1070 3410 1109 3494 in
1134 3413 1243 3494 rebus
1266 3409 1357 3495 alter
1386 3417 1435 3498 ab
1463 3414 1581 3502 altero

120 3627 123 3634 Δ
145 3524 400 3633 diuet-natur,
432 3524 524 3638 quid
541 3527 623 3610 Rex
637 3525 676 3612 in
690 3525 1074 3640 tepadministraoda
1093 3525 1162 3611 sibi
1183 3555 1395 3642 proponere
1419 3529 1583 3636 debeat,

144 3667 394 3756 qtronaosque
405 3639 528 3728 modo
543 3669 584 3728 se
597 3667 778 3756 tyrannus
793 3671 922 3758 gerere·
943 3643 1086 3746 soleat,
1100 3644 1182 3729 satis
1198 3645 1311 3760 longa
1327 3646 1480 3757 explicat
1499 3675 1582 3732 ora·

147 3757 262 3847 tium
298 3759 448 3850 Deinde
475 3755 526 3845 de
541 3767 639 3845 aratu
657 3757 881 3864 optimatum
899 3817 913 3864 ,
929 3785 971 3846 et
997 3789 1202 3874 pauconsm
1228 3762 1424 3867 potentia,
1454 3761 1502 3846 de
1529 3791 1583 3872 re·

148 3874 339 3985 wisilat,
373 3899 411 3960 et
438 3874 489 3962 de
516 3899 616 3962 statu
647 3875 832 3989 populari.
847 3877 936 3994 agit.
963 3882 1162 3968 Postremo
1183 3879 1231 3964 de
1255 3878 1398 3994 legibus
1431 3878 1583 3964 disserit.

148 3995 296 4105 Iegtun
317 3989 407 4078 aliar
430 4019 506 4080 esse
522 3991 573 4078 ait
587 3993 771 4080 naturales
787 4023 911 4108 ,quas
927 3995 1033 4082 Deus
1049 4019 1087 4078 et
1111 4017 1245 4078 natura
1260 3993 1437 4078 cordibus
1463 3995 1581 4082 horni-

149 4134 240 4195 num
280 4107 489 4220 impressit3
520 4107 607 4194 alia's
640 4107 797 4212 civiles,
819 4113 955 4224 quibus
980 4139 1155 4224 quaeque
1176 4109 1301 4195 civitas
1331 4112 1598 4226 gubernatum

152 4223 526 4336 Utriurque‘bonrm
545 4251 662 4337 rentp.
678 4225 818 4312 sicesse
834 4227 1014 4312 munitam
1030 4249 1207 4340 oportet,¹
1230 4253 1273 4312 ut
1306 4227 1410 4312 nulla
1436 4255 1581 4314 natura-

150 4337 450 4442 borelsdrtorr
476 4338 599 4428 uiriles
625 4370 716 4430 vero
735 4341 808 4427 sint
827 4344 932 4428 bono
955 4341 1106 4456 publico
1121 4345 1169 4428 ad
1186 4370 1306 4428 rectae
1321 4345 1472 4429 rationis
1489 4373 1582 4432 nor·

152 4485 252 4575 uturp
271 4455 556 4548 accomodare.
581 4455 814 4573 ltaqueillud
829 4459 1061 4574 propositum
1077 4487 1154 4546 esre
1180 4459 1292 4548 debet
1315 4461 1441 4575 legum
1458 4463 1579 4571 latori,

152 4597 193 4660 ut
219 4602 311 4664 unna
335 4570 473 4666 sirium
496 4573 765 4688 linguosum,
792 4585 876 4674 stutt'
898 4576 1056 4691 eivitatis
1092 4578 1284 4664 universae
1320 4577 1482 4665 felicitati
1520 4613 1587 4696 per

153 4691 309 4801 optimas
334 4691 431 4806 leges
458 4691 628 4774 consulat
643 4721 673 4794 3.
691 4693 963 4809 provideatque
991 4753 1005 4796 ‚
1032 4695 1313 4808 quaeratione,
1344 4696 1480 4810 quibus
1512 4717 1586 4785 stu·

153 4803 218 4898 dib
255 4830 295 4896 tt
316 4803 849 4919 nemorumnemorum
879 4813 932 4900 ad
960 4812 1144 4930 vlnptum
1171 4811 1315 4898 olom
1353 4843 1431 4900 oon
1467 4818 1586 4902 modo

158 4970 178 5014 r.
1501 4961 1582 5016 mo
