4368 5984
542 406 683 478 xxxn.
928 401 1518 494 tonussemsnnutvtonc

515 536 627 634 silio,
652 551 726 636 quo
749 523 845 611 nihil
872 539 962 632 est,
987 535 1045 612 uti
1071 532 1183 630 scis,
1211 523 1510 638 &praecipimur
1536 592 1548 637 ‚
1574 534 1646 616 sed
1662 559 1763 620 more
1789 540 1983 650 majorum.

515 651 619 734 Nam
634 647 806 756 Regibus
833 645 1048 754 Hispaniae
1065 652 1269 755 legitimum
1294 662 1352 729 est
1376 705 1390 751 ,
1411 652 1537 734 doctos
1563 653 1726 736 homines
1740 657 1901 768 hahere,
1918 665 1988 768 qui

516 793 668 852 suorum
688 780 891 873 temporum
907 767 1107 848 historiam
1125 768 1328 872 diligenter
1347 764 1570 864 acfideliter
1578 788 1859 880 persequantur
1877 836 1985 863 .....

520 885 613 970 Cum
642 886 752 993 hujus
784 891 842 968 rei
871 895 1004 992 gratia
1034 910 1083 966 est
1108 883 1198 966 urbe
1221 879 1494 992 proficiscerer
1522 945 1537 992 ,
1561 881 1684 994 jussit
1713 919 1771 976 me
1798 909 1987 1003 patronus

514 1031 617 1091 meus
633 1002 800 1086 Sanctae
831 1000 969 1085 Crucis
999 1000 1251 1107 cardinalis,
1286 1016 1328 1084 ut
1354 1003 1474 1087 obiter
1499 1013 1690 1115 collegium
1720 1011 1983 1122 Hispanorum
2063 1071 2067 1078 .
2143 1113 2147 1122 Ι

516 1123 744 1208 Bomniense
779 1117 1008 1230 ipsiusfidei
1030 1127 1316 1229 patrocinioque
1340 1125 1556 1228 creditum,
1597 1130 1770 1235 maujos
1797 1158 1853 1213 me
1868 1131 1985 1237 fiais·

517 1268 558 1325 se
591 1248 776 1324 alumnum
802 1244 968 1346 gloriari
992 1245 1118 1342 soleo,
1141 1245 1375 1343 reviserem,
1410 1263 1450 1326 et
1465 1267 1547 1324 cum
1574 1249 1614 1324 in
1637 1253 1760 1330 vitam
1793 1275 1987 1358 maresque

517 1367 745 1468 singulorum
778 1361 959 1441 sodalium
989 1413 1004 1462 ,
1035 1373 1077 1440 ut
1095 1353 1192 1456 fieri
1223 1364 1417 1442 consueuit
1451 1419 1463 1464 ‚
1496 1366 1780 1467 inquisivisscm
1818 1426 1832 1472 ,
1864 1395 1988 1454 censo-

516 1505 628 1582 rem,
658 1485 755 1561 acsi
780 1502 844 1561 res
870 1490 1073 1585 posceret,
1093 1483 1208 1560 etiam
1237 1482 1356 1585 legum
1387 1482 1544 1563 latorem
1575 1507 1752 1591 agerem,
1783 1484 1986 1586 Pontifioia

516 1601 724 1701 videlicet,
748 1621 814 1678 seu
837 1603 959 1704 magis
976 1595 1234 1703 Apostolicam
1259 1621 1399 1682 meare
1417 1613 1595 1706 oportet,
1630 1612 1856 1689 auctoritate
1871 1603 1986 1711 etfa-

515 1721 656 1800 cultate
687 1715 780 1799 mihi
790 1710 1058 1822 proficiscenti
1073 1719 1244 1824 tradita,
1261 1738 1329 1822 quo
1348 1741 1495 1801 munere
1507 1737 1606 1826 prae
1612 1725 1746 1806 stando
1760 1783 1773 1828 ‚
1797 1749 1879 1808 cum
1895 1725 1987 1810 haec

515 1835 749 1942 scriberem,
788 1857 892 1916 eram
916 1847 1139 1943 occupatus.
1273 1835 1381 1918 Huic
1411 1860 1478 1945 ego
1504 1847 1646 1923 muneri
1673 1866 1755 1926 cum
1786 1840 1986 1946 satlsfiece·

516 1983 585 2060 ro,
612 1981 668 2039 mc
684 1964 724 2038 in
753 1967 890 2038 castro
917 1955 1048 2038 Caroli
1071 1951 1252 2038 Caesaris
1271 1951 1445 2061 conferre
1460 1958 1700 2066 cogitabam,
1741 1975 1785 2043 ut
1799 1968 1983 2068 experiar

518 2089 657 2184 quanta
668 2074 960 2187 philosophandi
990 2079 1043 2156 sit
1060 2079 1205 2157 occasio
1238 2078 1338 2155 inter
1369 2086 1628 2160 tormentorum
1649 2083 1817 2162 tonitrua
1836 2084 1986 2188 clango-

518 2219 650 2300 rcsque
682 2194 855 2277 tubarum
875 2249 978 2277 .....
1008 2191 1076 2272 Me
1103 2203 1230 2274 tamen
1263 2196 1303 2272 in
1332 2193 1589 2276 castrensibus
1630 2201 1810 2284 molestiis
1841 2201 1986 2281 andic-

520 2337 672 2418 rumpue
692 2315 876 2418 jactura,
910 2316 978 2393 illa
1019 2315 1198 2417 cogitatio
1241 2309 1403 2393 nonnihil
1442 2311 1628 2398 solabitur
1659 2329 1770 2421 atque
1803 2315 1980 2422 juvabit,

518 2435 615 2537 qnod
629 2455 722 2537 quae
755 2435 950 2516 memoriae
971 2433 1215 2536 posteritatis
1232 2429 1418 2513 tradenda
1434 2436 1613 2537 suscepi,
1641 2432 1734 2515 hoec
1765 2458 1806 2516 eo
1830 2460 1984 2518 camma·

519 2554 635 2654 dius,
665 2564 801 2632 etcum
834 2549 974 2654 majore
983 2544 1067 2644 fide
1088 2547 1313 2654 proditurus
1340 2570 1421 2628 esse
1451 2549 1603 2653 videor,
1632 2556 1670 2630 si
1685 2575 1741 2632 me
1750 2560 1900 2658 posteri
1916 2577 1982 2638 re-

520 2697 605 2755 rum
617 2683 811 2779 gestarum
827 2689 895 2751 nan
911 2668 1141 2772 scriptorem
1175 2677 1351 2770 tantum,
1377 2666 1446 2748 sed
1466 2678 1596 2750 testem
1609 2673 1722 2754 etiam
1731 2666 1864 2775 fuisse
1891 2697 1982 2781 cog-

520 2795 709 2875 noverint.

608 2905 820 3022 Sepulveda
852 2929 896 2991 ut
926 2904 1144 3024 gravissimo
1172 2903 1239 2993 sibi
1274 2904 1382 2993 oneri
1417 2906 1650 2996 demandato
1681 2937 1753 3025 pro
1768 2908 1861 2999 virili
1875 2909 1983 2996 satis-

520 3022 683 3128 faceret,
716 3053 836 3113 novas
852 3023 950 3142 leges
962 3025 1134 3111 condidit
1148 3086 1160 3130 ,
1176 3054 1278 3141 quae
1300 3026 1338 3109 in
1356 3027 1584 3113 Bononiensi
1601 3027 1761 3145 collegio
1778 3026 1981 3114 maximam

521 3167 666 3258 partem
690 3143 882 3258 hodieque
905 3139 1107 3248 obtinent,
1130 3167 1445 3257 asservanturque
1472 3147 1735 3262 autographae
1752 3146 1791 3244 ip
1818 3146 1909 3256 ejus.
1924 3172 1981 3232 ta·

470 3369 473 3376 ,
523 3263 695 3369 bulatio,
729 3262 783 3347 uti
809 3261 979 3348 discimus
1003 3291 1048 3348 ex
1075 3260 1228 3348 laudata
1248 3289 1329 3347 non
1359 3262 1471 3348 semel
1503 3263 1688 3349 sodalium
1722 3262 1912 3377 epistola,
1939 3265 1981 3348 in

525 3411 605 3496 qua
622 3382 734 3470 etiam
764 3407 938 3472 notatum
956 3410 995 3471 te
1022 3381 1158 3472 erimus
1187 3405 1382 3474 auctorem
1413 3405 1583 3474 nostrum
1601 3381 1815 3474 Bononiam
1830 3381 1976 3501 ingres·-

522 3530 606 3584 sum
622 3503 688 3584 IX.
722 3499 809 3584 Kal.
841 3413 1074 3607 Quinctiles,
1102 3497 1188 3583 inde
1221 3503 1401 3584 Genuam
1430 3518 1445 3557 ¹
1485 3499 1680 3614 perrexisse
1712 3499 1829 3616 pridie
1860 3503 1973 3610 Non,

523 3620 713 3736 Augusti,
749 3617 853 3706 unde
871 3617 1055 3706 Carolum
1085 3617 1285 3707 comitatus
1302 3615 1501 3706 Decembri
1526 3621 1676 3730 mense,

761 3853 852 3944 Post
869 3865 1004 3944 varios
1028 3883 1165 3964 casus,
1180 3871 1270 3969 post
1285 3869 1341 3942 tot
1359 3857 1580 3942 discrimina
1591 3884 1731 3963 rernm,

522 4120 623 4211 quae
647 4091 721 4180 late
743 4078 1062 4211 prosequiturlib}
1077 4096 1168 4182 XV.
1185 4095 1230 4179 de
1250 4096 1361 4182 rebus
1377 4093 1505 4182 Caroli
1517 4097 1564 4182 V.
1583 4095 1807 4214 Hispaniam
1822 4091 1980 4210 appulit,

1773 4267 1777 4276 ·
1937 4238 1978 4300 et

568 4409 582 4450 t
626 4392 748 4452 Genuae
769 4405 832 4452 toto
845 4393 900 4452 hoc
922 4395 1060 4470 temporIs
1077 4396 1233 4457 intervallo
1255 4410 1382 4458 moratus
1393 4407 1437 4458 est
1453 4395 1615 4474 Sepulveda
1625 4436 1635 4470 ‚
1647 4413 1731 4471 quam
1745 4395 1844 4455 urbem
1872 4393 1903 4448 in
1918 4394 1982 4465 epi-

524 4475 600 4530 stola
614 4475 661 4530 26.
677 4477 712 4531 ad
735 4473 920 4533 Franciscum
944 4475 1081 4534 Toletum
1095 4477 1150 4535 1v.
1171 4479 1243 4536 Idib.
1264 4481 1408 4538 Novemb.
1429 4479 1556 4554 ejusdem
1573 4479 1641 4534 anni
1656 4479 1696 4535 ibi
1714 4491 1852 4545 exarata,
1882 4474 1982 4528 omni-

526 4569 604 4624 um,
629 4571 697 4626 quas
719 4555 823 4613 viderit
842 4570 893 4612 aut
915 4557 1019 4631 legerit
1045 4559 1198 4631 ,macione
1220 4557 1422 4632 inhospitalem
1447 4567 1535 4615 uacat
1558 4595 1570 4628 ,
1602 4567 1633 4616 et
1660 4557 1696 4615 ab
1713 4557 1789 4616 amni
1805 4567 1915 4633 genere
1942 4567 1979 4609 ac

526 4633 622 4689 studia
641 4633 810 4692 litterarum
826 4635 1047 4712 abhorrentem,
1062 4647 1092 4696 et
1105 4654 1177 4712 quae
1189 4635 1252 4694 sola
1274 4637 1414 4696 initalia
1430 4647 1587 4694 extremum
1606 4635 1681 4696 belli
1692 4635 1852 4692 discrimen
1866 4632 1976 4688 odivit.

525 4711 634 4770 Narrat
655 4714 757 4772 deinde
778 4716 890 4772 hostem
907 4715 1055 4785 (Gallum
1075 4717 1194 4791 nempe)
1213 4717 1249 4772 ab
1268 4715 1394 4792 ejusdem
1420 4717 1497 4773 urbis
1523 4716 1739 4794 oppugnatIone
1761 4711 1878 4769 fortiter
1892 4729 1908 4766 a
1923 4727 1982 4767 no·-

524 4792 591 4852 stris
605 4791 693 4852 fuisse
713 4795 849 4870 rejectum
864 4836 874 4870 ‚
889 4797 1054 4854 amilitibus
1074 4797 1187 4869 quidem
1208 4813 1294 4852 manu
1311 4811 1341 4854 et
1357 4797 1446 4868 telis,
1466 4813 1527 4854 ase
1552 4817 1620 4856 vero
1639 4791 1738 4866 suique
1753 4794 1861 4849 ordinis
1875 4791 1977 4848 homi-

526 4873 632 4947 nibus,
649 4877 668 4932 i.
682 4894 707 4933 e.
729 4877 896 4951 Ecclesiae,
915 4879 1050 4952 lacrymis
1070 4891 1100 4933 et
1127 4877 1325 4934 orationibus.
1349 4877 1395 4934 Ex
1412 4877 1466 4934 hac
1479 4880 1569 4936 etiarn
1589 4873 1915 4951 epistolaSepulvedam
1941 4873 1974 4932 iu

527 4955 600 5012 mari
618 4955 767 5034 Ligustico
779 4956 900 5016 adversa
922 4969 1094 5031 tempestate
1115 4953 1204 5017 fuisse
1223 4955 1363 5034 jactatum
1386 4959 1552 5020 innotescit.
1659 4959 1664 4970 '
