4298 5980
621 457 872 540 canotr
915 459 968 540 v.
1009 463 1122 542 tm.
1176 461 1256 544 vr.
1566 461 1648 571 189

229 651 332 732 tus,
367 649 419 716 ut
450 607 709 731 bominem,
746 611 782 710 si
809 607 933 710 'forte
968 647 1119 712 nactus
1162 649 1306 736 esset,
1350 619 1696 760 comprehende-

229 794 322 878 ret,
358 793 435 857 aut
471 756 526 854 de
563 754 715 855 medio
753 754 997 854 tollendum
1033 794 1227 860 curaret.
1277 763 1349 860 Ad
1393 799 1568 903 portam
1611 807 1695 868 no-

229 939 338 1005 vam
372 937 646 1042 progressus,
691 900 801 999 dum
849 898 987 1001 oculis
1031 938 1187 1004 cuncta
1232 898 1464 1025 lustraret,
1508 907 1556 1007 in
1595 950 1696 1012 rna-

229 1085 322 1188 gna
363 1042 643 1185 popularium
685 1039 812 1144 turba
859 1040 1092 1144 hominem
1141 1046 1415 1188 conspicatus
1456 1054 1696 1191 agnoscit,

228 1222 278 1288 et
315 1189 370 1287 ad
407 1228 451 1286 se
485 1185 635 1288 vocati
682 1185 838 1318 jubett
880 1184 953 1285 ille
988 1186 1146 1288 tImore
1192 1225 1237 1289 et
1281 1190 1549 1294 conscientia
1576 1235 1697 1334 per·

228 1330 438 1451 territus,
477 1332 587 1430 dum
630 1333 684 1429 se'
719 1328 882 1428 auxilio
925 1331 1144 1470 popularis
1189 1333 1484 1434 multitudinis
1527 1338 1698 1478 pericu·-

228 1471 324 1574 lum
361 1471 552 1614 effugere
588 1511 714 1613 posse
754 1505 879 1612 putat
892 1548 906 1591 ,
941 1474 1089 1574 venire
1124 1476 1295 1584 renuit3
1314 1517 1522 1620 cumque
1557 1480 1607 1580 in
1641 1521 1698 1582 eo

229 1654 470 1757 perstaret,
506 1625 625 1752 jussu
662 1614 854 1718 Antonii
890 1654 915 1714 a
950 1615 1167 1718 militibus
1204 1619 1477 1723 interficitur.

238 1829 242 1836 ·
317 1771 478 1862 XXIII.
567 1771 635 1860 Eo
678 1753 801 1858 facto
845 1757 1010 1858 conciti
1049 1761 1437 1885 Mediolanenses,
1482 1799 1532 1868 ut
1574 1805 1699 1869 erant
1759 1823 1762 1826 ·

229 1911 322 2035 jam
360 1904 546 2046 pessIme
581 1902 797 2017 animati,
834 1899 1052 2000 tollendos
1089 1945 1178 2004 esse
1214 1907 1270 2005 de
1307 1910 1458 2008 medio
1484 1913 1695 2010 Caesaria-

228 2082 317 2145 nos·
355 2046 637 2145 inclamantes
681 2041 738 2140 ad
778 2076 902 2140 arma
942 2041 1217 2143 discurrunt.
1260 2058 1366 2148 Hoc
1411 2050 1693 2153 animadver·

228 2228 306 2307 so,
332 2185 585 2307 Antonius,
613 2218 677 2305 et,
714 2183 795 2325 qui
830 2221 874 2282 se
898 2181 976 2289 ,illi
1008 2193 1317 2316 conjunxerat,
1341 2196 1466 2292 Vasti
1491 2194 1697 2294 Marchio

229 2367 424 2470 propere
457 2331 671 2448 domum,
692 2363 741 2427 ut
776 2325 1010 2430 necessaria
1046 2328 1101 2425 ad
1139 2321 1443 2434 defensionem
1468 2373 1697 2474 compara·-

229 2508 361 2590 rent,
399 2507 701 2572 revertuntur.
738 2469 905 2570 Milites
948 2502 1098 2570 autem
1140 2471 1429 2599 jaculatores,
1465 2475 1697 2617 scloppetis

232 2614 398 2716 scilicet
436 2615 622 2735 armati,
659 2651 763 2714 cum
799 2621 968 2714 Ferrera
1005 2605 1223 2752 praefecto
1260 2614 1321 2714 sit
1363 2619 1697 2755 procedebant,

230 2791 281 2856 ut
315 2756 390 2857 alii
428 2758 512 2858 tela
547 2757 600 2858 in·
629 2753 851 2890 objectam
888 2793 965 2893 per
1001 2754 1093 2856 vias
1131 2753 1339 2878 turbam,
1376 2760 1454 2859 alii
1486 2760 1536 2860 in
1570 2756 1695 2861 fene-

229 2937 373 3020 stras,
415 2939 473 3000 ne
522 2938 704 3042 superne
749 2898 1057 3020 laederentur,
1099 2899 1402 3005 intenderent.
1455 2911 1695 3042 Postquam
1837 3035 1841 3044 1

232 3083 289 3144 eo
325 3080 507 3145 ventum
544 3080 630 3164 est,
666 3039 746 3143 ubi
782 3043 1032 3158 Antonius,
1067 3076 1111 3142 et
1147 3043 1274 3143 Vasti
1309 3043 1514 3145 Marchio
1550 3048 1695 3146 dlver-

229 3184 437 3289 sabantur
454 3267 473 3306 ,
507 3226 635 3330 quae.
653 3186 813 3287 domus
850 3222 971 3286 erant
1007 3185 1063 3286 ad
1099 3221 1274 3323 portam
1302 3199 1571 3310 Comanam,
1601 3229 1695 3290 cara

230 3331 323 3451 tis,
359 3331 603 3472 cuppisque
640 3330 822 3460 objectis
867 3330 1053 3470 reIIquas
1095 3329 1221 3447 vias,
1267 3330 1412 3470 paucis
1455 3334 1511 3433 ad
1554 3333 1695 3474 singu-

233 3472 294 3574 las
331 3473 549 3614 dispositis
591 3469 932 3606 jaculatoribus,
976 3469 1281 3580 obsederunt3
1323 3514 1436 3616 quae
1481 3514 1586 3579 veto
1627 3478 1693 3574 Ia*

229 3615 397 3718 tissime
434 3617 642 3719 omnium
666 3612 888 3754 patebat,
923 3616 972 3716 in
1007 3614 1087 3714 hac
1124 3651 1344 3717 tormenta
1379 3619 1470 3719 duo
1507 3619 1693 3718 colloca-⁴

229 3797 370 3883 runt,
408 3771 615 3901 juxtaque
651 3758 903 3878 Antonius,
946 3788 989 3857 et
1027 3755 1268 3879 Marchio,
1312 3796 1356 3859 et
1396 3761 1556 3860 milites
1597 3759 1690 3859 Hi-

231 3905 383 4040 spani,
422 3905 501 4045 qui
539 3907 594 4006 ad
629 3902 787 4006 urbem
822 3935 941 4001 crant
975 3941 1161 4005 numero
1197 3941 1348 4002 omnes
1390 3901 1556 4001 circiter
1591 3940 1691 4004 cen-

233 4080 369 4169 tum,
421 4047 742 4155 constiterunt3
792 4047 1009 4187 oppidani
1049 4046 1105 4143 ad
1149 4081 1402 4182 campanae,
1437 4041 1688 4165 bombum,

231 4221 325 4326 quo
363 4191 549 4329 populus
575 4191 631 4290 ad
655 4228 773 4288 arma
805 4189 954 4288 vocari
988 4184 1250 4305 consuevit,
1284 4185 1456 4318 nullam¹
1486 4181 1573 4288 fere
1608 4225 1690 4287 no⁴

230 4331 312 4429 ctis
346 4343 438 4466 ejus
505 4367 637 4431 artem
672 4331 972 4430 intermissum
984 4405 1000 4448 ,
1034 4327 1231 4469 undique
1268 4329 1397 4430 exciti
1431 4325 1689 4470 frequentis-

230 4473 361 4594 simi,
393 4373 620 4616 probeque
651 4472 809 4574 armati
835 4507 1164 4593 convenerunt,
1190 4506 1236 4571 et
1260 4509 1413 4612 quarta
1437 4473 1588 4616 vigilia
1610 4513 1689 4615 per

203 4617 383 4733 xstiam,
421 4621 476 4718 de
512 4655 617 4757 qua·
635 4616 858 4735 dixImus,
894 4615 1143 4716 latissimam
1178 4653 1344 4756 magno
1378 4618 1546 4758 impetu
1581 4618 1689 4720 ado·

232 4759 389 4866 tientes
430 4762 659 4904 Hispanos·
696 4797 949 4901 oppugnare
993 4759 1326 4898 aggrediuntur.
1372 4761 1439 4862 Illi
1473 4799 1615 4882 vero,
1652 4761 1688 4859 i-

1602 4943 1687 5044 gne
