4294 5972
577 477 663 568 330
971 467 1053 546 DE
1098 462 1294 544 REBUS
1336 458 1552 540 GESTIS

543 617 778 728 silvania
767 659 815 720 rn
861 615 1075 724 Fetnandi
1111 617 1247 778 Regis
1284 633 1543 757 potestatem
1578 610 1731 736 cessit,
1767 613 1860 757 ipse
1890 659 1995 782 pue

545 806 643 873 turn
680 766 727 868 in
762 801 883 864 suam
918 761 1051 862 fidem
1088 760 1444 903 recepit,e1que
1479 759 1527 860 in
1567 759 1731 860 Islesiae
1774 763 1996 906 Principa-

511 913 594 1014 ‘tu
630 945 913 1010 nummorum
949 944 1211 1024 aureorum,
1260 943 1373 1044 quos
1409 909 1581 1005 Florinos
1610 941 1822 1067 vocant,
1859 909 1993 1010 millia

545 1051 884 1195 quadraginta
872 1090 919 1152 333
956 1089 1092 1151 annos
1128 1057 1221 1179 jure
1246 1083 1458 1187 perpetuo
1483 1046 1742 1167 constituit,
1768 1043 1990 1191 filiamque

545 1196 805 1336 despondit.
844 1205 910 1293 Ita
945 1192 1186 1294 Fetnandus
1221 1191 1524 1290 Transilvania
1560 1191 1728 1331 potitus
1763 1227 1856 1311 est,
1892 1231 1993 1294 nam

543 1339 796 1480 Hungariae
832 1337 1045 1477 reliquam
1081 1370 1251 1475 partem
1284 1334 1537 1468 solymanus
1573 1371 1709 1472 paene
1742 1367 1887 1434 totam
1915 1376 1994 1438 oc-

543 1517 802 1623 cupavetats
836 1479 1050 1582 Bohemia
1076 1478 1193 1578 enim
1230 1515 1322 1615 quo
1348 1476 1523 1616 longius
1559 1475 1742 1590 aberat,
1766 1473 1855 1578 hoc
1878 1483 1993 1579 Tur

543 1664 692 1726 carum
728 1625 893 1754 injuriis
929 1624 1073 1724 minus
1110 1616 1317 1761 patebat,
1352 1654 1396 1719 et
1431 1658 1534 1720 cum
1570 1615 1631 1718 ob
1666 1657 1766 1747 earn
1798 1659 1991 1740 causam,

542 1801 639 1870 tum
676 1767 780 1907 quia
815 1763 998 1868 Bohemi
1041 1801 1220 1903 propter
1255 1760 1434 1899 Imperii
1479 1759 1748 1862 vicinitatem
1781 1763 1991 1864 Carolurn

543 1921 774 2010 Caesarem
807 1904 1123 2046 respiciebant,
1160 1898 1374 2003 facilius
1363 1902 1494 2004 rnitio
1530 1945 1556 2002 a
1597 1905 1811 2004 Fetnando
1853 1901 1992 2006 fratre

542 2087 714 2189 recepta
750 2083 812 2150 333
847 2061 891 2147 et
927 2082 1076 2188 postea
1120 2045 1292 2174 minore
1334 2046 1519 2185 negorio
1561 2081 1752 2166 retenta,
1801 2083 1989 2186 praeser-

542 2191 626 2292 tim
674 2228 825 2330 pacata
866 2189 1135 2307 Germania,
1189 2223 1233 2288 et
1277 2191 1455 2322 Joanne
1502 2188 1707 2292 Pederico
1752 2189 1960 2293 Saxoniae
1970 2265 1986 2310 ,

542 2330 755 2434 finitimae
790 2332 980 2472 regionis
1015 2343 1169 2451 Duce,
1205 2366 1369 2472 capto·

612 2485 798 2576 XXVII.
875 2474 956 2574 Sed
993 2513 1262 2614 quamquam
1304 2474 1479 2576 volente
1514 2509 1559 2574 et
1592 2507 1750 2616 agente
1793 2471 1983 2616 Georgio

541 2613 886 2715 Transilvania
874 2652 922 2716 333
956 2618 1166 2717 Fetnandi
1201 2650 1460 2757 potestatem
1495 2653 1698 2738 venerat,
1728 2652 1981 2718 tamennon

540 2757 684 2856 multo
722 2794 821 2896 post
865 2758 1078 2924 Georgius
1125 2759 1246 2860 idem
1280 2760 1500 2860 Fetnando
1534 2761 1650 2902 Regi
1691 2760 1740 2862 in
1775 2759 1983 2900 suspicio-

540 2935 647 3002 nem
682 2899 802 3000 venit
837 2939 900 3000 res
935 2938 1071 3001 novas
1106 2941 1209 3002 eum
1243 2902 1467 3003 molirier
1502 2903 1682 3050 consilia
1718 2939 1795 3064 pet
1825 2903 1982 3004 litteras

541 3077 585 3141 et
621 3043 807 3142 occultas
842 3043 1078 3206 legationes
1119 3083 1222 3144 cum
1255 3044 1494 3180 Solymano
1514 3043 1886 3150 communicare.-
1882 3056 1982 3146 ·-Ea

540 3221 628 3322 que
664 3225 710 3285 re
746 3186 816 3285 vel
862 3185 1082 3305 indicata,
1120 3189 1195 3288 vel
1224 3187 1325 3290 alias
1368 3223 1625 3350 comperta,
1664 3193 1858 3324 Joannes
1896 3201 1978 3288 Ba-

537 3326 665 3488 ptista
700 3327 952 3447 Castaldus,
988 3329 1167 3430 natione
1201 3329 1425 3448 Italus,
1385 3369 1451 3431 vrr
1472 3371 1657 3473 magnae
1693 3331 1862 3430 virtutis
1891 3367 1981 3428 ma·

537 3468 706 3631 gnique
742 3511 839 3572 usus
881 3471 945 3570 rei
986 3471 1221 3594 militaris,
1258 3510 1393 3613 quem
1436 3509 1536 3616 post
1576 3472 1752 3577 obitum
1795 3472 1983 3576 salmani

537 3611 727 3713 Comitis
762 3626 859 3716 Rex
893 3612 976 3714 suis
1012 3615 1151 3752 copiis
1186 3611 1477 3755 praefecerat,
1513 3615 1852 3758 quinqueviris
1888 3613 1984 3716 for·

535 3750 747 3873 tissimis,
787 3753 929 3856 tribus
979 3756 1135 3857 Italicis
1177 3794 1220 3858 et
1268 3757 1442 3859 duobus
1489 3759 1736 3898 Hispanis,
1786 3796 1985 3897 quorum

535 3897 738 3996 omnium
772 3899 1020 4039 principem
1064 3899 1213 4001 locum
1254 3899 1430 4001 tenebat
1472 3896 1628 4002 Sfortia
1678 3899 1984 4022 Palavicinus,

532 4039 761 4180 negotium
803 4043 879 4142 dat
922 4043 1163 4184 Georgium
1206 4045 1261 4144 de
1302 4044 1454 4146 medio
1497 4043 1717 4162 tollendi,
1760 4042 1840 4184 qui
1877 4085 1982 4147 eum

530 4179 658 4289 domi
707 4222 806 4285 suae
850 4182 1115 4323 imparatum
1158 4219 1202 4286 et
1249 4182 1359 4284 nihil
1402 4185 1483 4286 tale
1525 4222 1788 4290 metuentem
1832 4187 1981 4288 adorti

529 4323 678 4424 multis
729 4322 856 4426 illatis
915 4326 1163 4428 vulneribus
1215 4323 1548 4430 interfecerunt.
1607 4341 1713 4430 Erat
1761 4329 1977 4471 Georgius

527 4462 708 4563 natione
742 4467 973 4589 Dalmata,
1015 4506 1115 4570 ante
1152 4505 1196 4572 et
1232 4506 1330 4610 post
1365 4507 1611 4612 susceptum
1654 4467 1976 4573 Monachatum
2124 4503 2125 4540 ¹

523 4599 571 4704 in
607 4607 745 4710 domo
779 4591 966 4744 Joannis
999 4613 1161 4749 Sepusii
1197 4617 1397 4714 educatus
1432 4647 1475 4712 et
1521 4614 1795 4754 indulgenter
1839 4609 1975 4712 habi-

521 4780 622 4871 tus,
649 4753 715 4854 vir
745 4789 934 4896 magnae
970 4751 1141 4858 virtutis
1177 4790 1222 4858 et
1257 4755 1476 4874 consilii,
1490 4791 1623 4896 arque
1659 4757 1762 4856 ideo
1800 4751 1977 4892 Joanni

1932 4894 1980 4994 in
