4298 5980
580 447 668 580 ²4⁶.
992 459 1076 541 on
1119 455 1323 538 ussus
1370 431 1628 538 essars

326 605 2011 768 ffimmmfflmfflmwmfflm

534 768 667 914 signis
731 758 992 867 militaribus
1053 791 1299 901 ceperunt,
1343 754 1614 899 perpaucis,
1668 795 1864 900 quonam
1917 757 2012 871 fuit

532 923 730 1055 Joannes
765 907 858 1046 ipse
895 900 1125 1040 Jacobus,
1164 900 1358 1044 periculo
1397 939 1474 1041 per
1509 894 1667 1044 lugam
1702 905 1891 1045 ereptis.

603 1065 662 1158 V.
737 1059 841 1151 Hoc
877 1048 1038 1190 praelio
1073 1043 1224 1167 facto,
1260 1043 1379 1146 nulla
1420 1044 1679 1186 interposita
1714 1085 1876 1172 mora,
1914 1061 2007 1152 Me·

533 1199 784 1316 diolanum,
821 1194 946 1337 quod
981 1194 1070 1294 sine
1113 1189 1332 1335 praesidio
1378 1188 1672 1332 reliquerant,
1713 1191 1871 1298 itinere
1914 1233 2005 1300 non

533 1340 778 1449 intermisso
813 1374 1120 1457 revertuntur,
1154 1334 1235 1438 ubi
1272 1333 1533 1459 Antonine,
1570 1332 1804 1477 superioris
1841 1374 2006 1484 tempo·

535 1491 591 1592 ris
626 1483 958 1604 consuetudine,
984 1483 1151 1585 civium
1186 1475 1463 1580 facultatibus
1502 1480 1744 1582 exercitum
1780 1484 1895 1585 alere
1931 1521 2004 1626 per

538 1633 743 1773 inopiam
787 1628 1067 1772 cogebatur,
1110 1661 1214 1727 cunr
1256 1621 1437 1724 interim
1487 1624 1650 1724 Veneti
1705 1620 2003 1770 Sfortianique

534 1778 591 1878 ad
628 1777 935 1914 Melignanum
983 1806 1121 1870 totam
1163 1799 1343 1869 noctem
1388 1799 1696 1910 stratagemate
1745 1771 1921 1890 delusi,
1959 1771 2006 1870 in

535 1918 665 2019 armis
699 1914 884 2017 Antonii
919 1916 1158 2015 adventum
1194 1943 1504 2053 exspectantes,
1534 1907 1845 2014 constitissent.
1877 1921 2006 2016 Nam

534 2059 829 2178 Theodonrs,
865 2061 920 2158 de
957 2096 1048 2198 quo
1085 2093 1212 2198 supra
1249 2056 1605 2158 demonstratum
1643 2089 1705 2156 est
1718 2131 1734 2176 ,
1771 2093 1880 2157 curn
1896 2132 1900 2138 -
1917 2054 2002 2156 lro⁴

539 2203 626 2304 stili
670 2197 874 2344 equitatu
912 2202 1105 2304 nimium
1145 2200 1306 2344 impari
1346 2235 1553 2302 numero·
1580 2237 1851 2342 congressus·
1882 2195 2004 2300 facile

538 2389 565 2449 a
609 2346 896 2448 multitudine
939 2345 1262 2448 circumventus
1310 2381 1550 2485 captusque
1594 2341 1774 2466 fuerat,
1815 2379 1860 2446 et
1903 2385 1999 2448 cum

538 2534 609 2593 sex
649 2485 872 2631 equitibus
909 2487 957 2586 in
993 2525 1130 2588 eastra
1166 2490 1412 2596 deductus3
1452 2486 1487 2588 is
1531 2486 1716 2589 ducibus
1758 2490 1823 2589 do
1859 2495 2001 2590 Anto·

538 2634 602 2735 nii
637 2636 828 2733 adventu
865 2629 1246 2772 percontantibus,
1275 2669 1382 2731 mox
1406 2631 1555 2770 ipsum
1587 2671 1690 2734 cum
1724 2631 1851 2733 omni
1880 2668 1999 2772 prae-

539 2777 692 2896 sidio,
734 2810 785 2874 ut
819 2811 1079 2916 persuasum
1126 2769 1352 2893 habebat,
1393 2771 1632 2878 affutttrurn
1684 2775 1998 2894 confirmavit,

539 2959 628 3061 qua
664 2917 865 3019 oratione
899 2956 1004 3020 curn
1040 2917 1388 3062 exploratoribus
1424 2955 1714 3062 congruente,
1745 2959 1881 3021 nemo
1917 2913 1997 3020 fuit

539 3063 746 3166 omnium
781 3064 945 3164 ducum
962 3111 982 3183 ,·
1013 3065 1094 3208 qui
1128 3063 1183 3163 de
1219 3064 1581 3166 Caesarianorum
1626 3067 1819 3166 adventu
1861 3061 1999 3164 dubi-

540 3242 680 3314 tarets
714 3207 863 3348 itaque
897 3244 1092 3345 primum
1127 3245 1283 3309 eorum
1320 3207 1577 3351 impetum,
1613 3208 1782 3314 deinde
1825 3205 2003 3308 insidias
2136 3289 2137 3296 a

543 3383 783 3452 metuentes
830 3350 932 3449 loco
975 3389 1019 3450 se
1060 3387 1213 3452 omnes
1249 3386 1610 3472 continuerunt,
1634 3387 1679 3452 et
1728 3385 1907 3454 noctem
1952 3349 1999 3452 in

544 3495 675 3596 armis
711 3494 964 3595 insomnem
1010 3515 1331 3638 transegerunt.
1381 3507 1590 3600 Ceterum
1633 3495 1741 3595 dolo
1790 3492 2004 3598 Antonii-

578 3679 633 3738 ue
669 3637 852 3740 victoria
887 3638 1091 3780 cognita,
1127 3677 1359 3762 conatum,
1387 3641 1423 3740 si
1458 3636 1740 3742 obsidionem
1776 3669 2004 3781 urgerent,

541 3679 694 3883 dusera
729 3777 824 3882 fore
858 3782 1186 3902 existimantes,
1223 3784 1405 3887 Gallicas
1442 3781 1591 3928 copias
1626 3817 1871 3925 exspectare
1908 3821 2005 3884 con·

545 3923 756 4027 stituunt.
795 3933 903 4066 Jam
941 3928 1063 4030 enim
1093 3936 1330 4029 ‘Lautrecus
1377 3928 1513 4068 Alpes
1549 3962 1651 4029 curn
1685 3965 1853 4070 magno
1891 3961 2005 4028 exer-

544 4069 635 4170 citu
671 4108 915 4208 superasse,
953 4110 996 4173 et
1031 4073 1291 4193 adventare,
1325 4105 1369 4172 et
1403 4071 1714 4174 Alexandriam
1749 4108 1827 4212 per
1863 4103 2004 4173 custo·

546 4212 654 4312 dum
688 4225 1011 4317 Germanorum
1046 4215 1324 4318 deditionem
1358 4217 1569 4355 recepisse
1611 4215 1833 4318 nuntiatus
1878 4251 2004 4316 etat.

546 4353 732 4454 Horum
763 4359 884 4458 eninr
919 4354 1039 4460 bona
1074 4396 1196 4502 parte
1233 4363 1289 4461 ad
1324 4357 1545 4464 Boscbum
1582 4359 1866 4462 Alexandrini
1911 4354 2005 4500 agri

547 4498 796 4618 castellum,
834 4541 926 4639 quo
962 4505 1060 4606 irati
1096 4503 1157 4606 ob
1193 4536 1285 4607 non
1321 4507 1514 4650 solutum
1557 4505 1822 4646 stipendium
1865 4534 2007 4600 seces--¹

546 4679 717 4766 serant,
753 4663 986 4786 oppressa,
1027 4643 1151 4748 facile
1193 4685 1356 4750 ceteros
1400 4651 1460 4751 ob
1509 4648 1804 4789 paucitatem,
1838 4677 1887 4745 ut
1922 4679 2010 4742 ur-
2134 4677 2135 4710 ¹

545 4782 650 4890 bern
682 4789 942 4912 dederent,
977 4801 1202 4898 Lauttecus
1246 4791 1420 4936 coegit,
1454 4796 1710 4936 ¹Astamque
1757 4823 2010 4936 progressus

1890 4929 2010 5037 mul·
