4294 5972
573 443 661 534 μα
970 423 1057 508 osa
1091 423 1296 508 annus
1338 419 1562 508 ensrrs

526 604 658 706 Nam
695 593 867 693 Turcae
914 621 1224 756 commeatus,
1269 626 1319 686 ac
1355 581 1444 688 fere
1484 581 1805 756 impedimenta
1849 593 2005 702 omnia

531 779 576 848 et
610 777 829 845 tormenta
865 734 1053 879 navigiis
1104 725 1391 836 fluviatilibus
1429 737 1632 870 (nazarus
1668 737 1814 879 patrio
1866 778 2002 846 voca

532 888 641 991 bulo
684 884 961 1016 nominant)
1008 880 1191 981 adverso
1234 877 1448 981 Danubio
1488 880 1871 1052 comportabapt3
1919 885 1999 991 hae

529 1071 679 1136 autem
717 1071 805 1132 csse
843 1024 964 1129 mille
1001 1065 1186 1129 numero
1233 1024 1611 1130 confirmabantur
1648 1030 1823 1133 tricenis
1865 1035 1998 1136 remi-

529 1178 692 1324 gibus,
714 1176 792 1319 qui
828 1214 876 1276 re
913 1211 1119 1316 poscente
1150 1174 1280 1275 armis
1319 1173 1651 1318 depugnarent,
1678 1175 1851 1320 singula
1884 1218 1998 1284 corn

519 1322 823 1468 pellentibus,
859 1357 903 1425 et
930 1321 1123 1484 singulis
1162 1319 1528 1464 gubernatoribus
1565 1320 1883 1464 dirigentibuS,
1922 1325 1998 1466 qui

530 1467 845 1633 gubernatores
884 1465 1018 1566 etiam
1056 1500 1422 1588 tormentorum,
1459 1508 1574 1609 quae
1609 1466 1782 1612 singula
1818 1467 1997 1612 singulis

530 1653 756 1776 navtgns
757 1614 816 1714 ad
857 1650 1054 1755 pugnam
1096 1648 1220 1713 etant
1261 1545 1509 1777 attribtita,
1555 1649 1708 1712 curam
1751 1610 1994 1755 gerebant.

530 1760 618 1860 His
655 1756 846 1900 navigiis
883 1757 1100 1900 praesidio
1140 1791 1259 1858 erant
1288 1759 1490 1899 equitum
1516 1757 1572 1856 ad
1607 1756 1861 1897 quindecim
1893 1759 1996 1858 mil·

482 1949 486 1956 ·
530 1903 589 2005 lia
605 1979 620 2024 ,
657 1940 738 2044 qut
766 1939 843 2044 per
871 1936 1033 2012 terram
1074 1901 1305 2045 ripamque
1342 1899 1542 2002 Danubii
1575 1902 1773 2004 eamdem
1812 1902 1998 2003 classem

532 2043 891 2166 assectabantur,
939 2046 1119 2187 utrique
1162 2043 1521 2287 populabundil
1515 2081 1559 2145 et
1605 2042 1741 2147 obvia
1793 2085 1994 2188 quaeque

530 2228 629 2295 tum
666 2231 743 2333 pet
779 2190 1118 2314 continentem,
1154 2226 1252 2292 tum
1289 2229 1366 2332 per
1409 2189 1521 2292 insul
1522 2231 1566 2332 as
1608 2187 1813 2295 Danubii
1861 2193 1992 2294 deva

629 2373 735 2437 ant.

531 2337 735 2583 saiwi·
801 2495 1012 2579 Ceterum
1037 2473 1225 2580 Bohemi
1258 2477 1575 2620 Alemanique,
1595 2514 1645 2578 ut
1679 2473 1862 2578 transitu
1882 2483 1991 2580 Tur·-

528 2666 598 2726 cas
642 2620 955 2763 prohiberent,
992 2620 1149 2740 missi,
1187 2616 1269 2720 ubi
1310 2624 1511 2722 nondum
1548 2617 1742 2762 perfecto
1787 2621 1896 2722 vallo
1932 2626 1985 2724 de

528 2766 728 2868 hostium
764 2767 956 2866 adventu
989 2800 1033 2864 et
1053 2802 1238 2865 numero
1267 2801 1601 2908 cognoverant,
1623 2765 1834 2886 insulam,
1856 2807 1990 2906 quam

528 2906 706 3011 defendi
734 2948 858 3049 posse
882 2906 1194 3051 desperabant,
1211 2911 1492 3074 deserentes,
1501 2911 1811 3012 Possidonium
1838 2951 1990 3013 omncs

526 3094 615 3156 sese
650 3089 928 3193 receperunt.
968 3065 1073 3153 Hoc
1110 3053 1333 3156 Viennam
1370 3055 1603 3172 nuntiato,
1641 3096 1734 3197 quo
1769 3065 1860 3189 jam
1901 3069 1988 3158 Re·

527 3197 595 3341 gii
636 3196 888 3300 Consiliarii
924 3235 976 3296 ex
1012 3194 1274 3299 Poseidonio
1311 3199 1638 3362 migraverant,
1665 3236 1709 3300 et
1744 3213 1986 3301 Germano·-

524 3379 625 3442 rum
659 3343 815 3444 decem
851 3340 1020 3459 millia,
1057 3341 1408 3484 Hispanique
1372 3343 1544 3443 circiter
1580 3343 1702 3444 mille
1738 3385 1842 3445 cum
1866 3381 1990 3506 prae·

524 3481 641 3587 fecto
686 3486 920 3586 Ludovico
964 3496 1118 3587 Cueva
1165 3485 1371 3628 praesidii
1414 3488 1549 3630 gratia
1590 3528 1616 3587 a
1658 3488 1824 3589 Catolo
1869 3487 1990 3589 missi

523 3664 849 3784 conuenerant,
895 3631 1146 3730 convocatis
1183 3631 1231 3730 in
1277 3629 1519 3733 concilium
1569 3631 1817 3794 primorum
1863 3633 1992 3732 ordi-

523 3817 633 3878 num
690 3769 963 3918 praefectis,
1018 3775 1248 3916 permagni
1308 3774 1509 3919 publicae
1571 3776 1797 3876 salutis
1785 3810 1990 3878 iuteresse

523 3921 816 4026 constitutum
852 3954 943 4038 est,
979 3953 1029 4018 ut
1065 3959 1118 4018 ex
1153 3918 1417 4020 Possidonio
1439 3920 1711 4062 ,insulaque
1742 3925 1991 4021 Turcarum

521 4063 702 4208 navigia
736 4063 913 4165 ulterius
950 4063 1157 4206 progredi
1194 3998 1563 4206 prohibereritut.
1601 4078 1834 4188 Quaeres
1874 4061 1992 4166 diffi-

522 4210 684 4310 cilis
653 4250 746 4311 stne
782 4247 948 4352 magno
992 4210 1206 4349 praesidio
1242 4247 1288 4312 et
1323 4211 1449 4353 plena
1493 4209 1675 4353 periculi
1710 4248 1812 4310 cum
1861 4210 1990 4311 vidc-

521 4392 666 4473 retur‚
705 4364 853 4456 Petrus
886 4389 1035 4455 tamen
1079 4361 1276 4497 Zapara,
1316 4358 1372 4457 de
1410 4393 1503 4500 quo
1541 4393 1669 4508 supra
1711 4355 1984 4455 mentionem
2131 4471 2133 4500 ,

519 4434 737 4619 fecimus,
784 4497 868 4598 sibi
907 4502 1140 4642 negotium
1185 4501 1415 4641 deposcit,
1459 4539 1628 4662 sperans
1684 4496 1906 4600 Bohernos
1939 4533 1985 4596 et

520 4642 792 4762 Alemanos,
836 4642 917 4784 qui
961 4683 1004 4742 se
1048 4680 1189 4786 nuper
1238 4644 1391 4744 Caroli
1433 4641 1625 4747 Caesaris
1669 4643 1883 4787 legatione
1923 4641 1986 4742 ad
2132 4637 2133 4644 Ν

519 4787 832 4893 possidonium
884 4787 1159 4933 inSuiamque
1203 4783 1464 4936 fungentem
1507 4825 1867 4932 COssSpeXlSsesst,
1910 4825 1990 4888 sua

1910 4971 1988 5034 au·
2132 4981 2133 4988 ’
