4294 5984
574 523 811 610 ennom
847 522 901 606 V.
945 526 1066 606 LIB.
1107 527 1188 607 1v.
1475 538 1561 622 ³¹23

150 725 322 794 menter
357 723 644 809 commotus,
678 695 848 822 majore
891 681 1020 787 classe
1060 725 1283 828 reparata,
1328 687 1607 836 exercituque

149 838 355 979 peditum
389 833 541 940 decem
578 869 621 934 et
658 866 763 933 octo
798 830 992 932 millium
1004 909 1021 952 ,
1056 830 1526 977 cataphractorumque
1561 880 1609 938 e-

149 984 329 1122 quitum
366 980 745 1126 septingentorum
786 969 1028 1096 confecto,
1069 979 1183 1079 mari
1222 1013 1423 1120 terraque
1464 985 1607 1086 subsi-

146 1127 278 1228 dium
319 1123 498 1227 obsessis
548 1120 851 1226 Fonterabiam
900 1119 1073 1230 mittits
1119 1123 1242 1265 quod
1283 1126 1607 1264 opportunissi-

144 1305 228 1370 mo
266 1303 461 1410 ternpore
496 1266 723 1412 pervenit,
761 1266 919 1398 eodem
953 1267 1116 1370 scilicet
1158 1268 1230 1369 die
1243 1344 1259 1388 ,
1301 1308 1394 1409 quo
1438 1263 1607 1408 praefe-

145 1449 244 1513 ctus
281 1454 333 1514 ex
368 1414 506 1554 pactis
541 1448 645 1513 curn
678 1407 910 1530 Beltrano,
945 1411 1026 1554 qui
1061 1409 1343 1514 obsidionem
1379 1409 1607 1517 vehemen-

142 1589 211 1659 ter
246 1557 456 1702 urgebat,
487 1556 572 1658 nisi
608 1552 877 1658 subventum
912 1552 954 1653 ei
988 1549 1166 1677 fixisset,
1197 1556 1352 1659 urbem
1382 1557 1607 1662 dediturus

144 1738 268 1804 etat.
316 1713 406 1821 Ita,
445 1742 550 1804 cum
592 1733 738 1802 tantae
774 1695 1051 1801 multitudini
1088 1701 1249 1821 nostri,
1289 1702 1367 1844 qui
1403 1702 1609 1843 peditum

144 1845 347 1987 quinque
381 1843 575 1947 millium
619 1881 662 1946 et
706 1843 1090 1985 septingentorum
1133 1843 1336 1986 equiturn
1371 1884 1607 1950 numerum
1715 1911 1723 1918 ·

144 2026 239 2088 non
274 1988 539 2129 explebant,
574 2026 696 2128 pares
733 2025 821 2084 esse
858 2023 949 2086 non
993 2021 1199 2125 possent,
1242 1987 1463 2088 Beltranus
1511 2029 1606 2090 suas

142 2133 292 2274 copias
340 2131 432 2232 sine
472 2141 636 2263 jactura
648 2206 664 2251 ,
708 2127 861 2230 ordine
902 2162 1106 2250 servato,
1145 2143 1351 2232 Sanctum
1390 2129 1607 2234 Sebastia-

140 2312 254 2376 num
289 2275 484 2376 reduxit.

236 2427 405 2520 XXIX.
490 2418 664 2520 Eodem
711 2454 862 2536 annO,
911 2413 992 2558 qul
1030 2409 1119 2516 fuit
1153 2411 1316 2517 Christi
1349 2413 1602 2522 millesimus
1615 2443 1717 2516 Auno
1732 2463 1888 2520 murro

141 2557 524 2702 quingentesimus
561 2559 797 2704 vigesimus
834 2559 1030 2701 primus,
1058 2561 1167 2660 dum
1198 2559 1412 2700 Hispania
1447 2566 1602 2666 tumul-
1950 2573 1952 2578 ’

140 2702 477 2825 matur,1talia
518 2743 699 2847 quoque
740 2703 855 2806 bello
896 2743 1102 2806 concussa
1145 2737 1235 2824 est,
1272 2738 1316 2804 et
1356 2706 1600 2810 Franciscus

142 2858 242 2951 Rex
287 2847 557 2973 Gallorum,
598 2847 670 2950 cui
709 2845 874 2952 Veneti
914 2849 1032 2950 socia
1083 2885 1203 2948 arma
1249 2856 1597 2980 conjunxerant,

98 3036 101 3044 ¹
142 2991 305 3092 Leonis
337 2988 559 3093 Pontificis
594 2989 779 3094 maximi
811 3030 852 3092 et
875 2991 1026 3093 Caroli
1060 2989 1254 3093 Caesaris
1289 2993 1601 3098 communibus

139 3135 272 3236 armis
308 3135 563 3269 Principatu
598 3135 928 3237 Mediolanensi
963 3136 1190 3273 dejectus,
1226 3173 1358 3277 quem
1393 3172 1494 3237 ante
1531 3177 1602 3239 sex

139 3318 303 3402 annos,
334 3279 541 3420 superatis
577 3314 755 3381 cruenta
791 3277 978 3381 victoria
1015 3281 1071 3379 ad
1098 3277 1406 3421 Melignanum
1432 3282 1603 3382 Helve-

137 3421 233 3542 tiis,
264 3459 584 3564 occupaverats
620 3465 672 3524 ex
708 3422 775 3522 his
811 3423 932 3524 enim
957 3420 1255 3523 Maximiliani
1290 3417 1473 3525 Sfortiae
1510 3435 1601 3526 Me-

139 3564 404 3667 diolanensis
456 3567 578 3669 du'tis
622 3567 830 3668 exercitus
879 3562 1144 3686 constabat,
1188 3601 1231 3668 et
1273 3567 1599 3668 Maximilianus

120 3706 264 3849 ipse,
300 3711 536 3852 desperatis
564 3708 719 3830 rebus,
749 3709 1126 3814 Mediolanensem
1162 3749 1340 3831 arcem,
1411 3751 1466 3810 ua
1501 3749 1600 3808 con-

136 3852 383 3974 tinebatur,
432 3894 565 3995 seque
608 3853 740 3957 Gallis
783 3854 1037 3975 dediderat,
1080 3891 1122 3956 et
1168 3855 1225 3956 ab
1275 3853 1326 3951 iis
1368 3751 1509 3951 literar
1550 3852 1599 3952 in

136 3995 325 4095 Galliam
361 4001 556 4140 captivus
592 4000 777 4119 ductus,
814 4035 858 4100 et
894 3997 1156 4102 retinebatur
1203 3994 1337 4094 etiam
1378 4034 1495 4096 nunc
1539 4005 1598 4125 ju.

135 4175 182 4236 re
220 4142 539 4283 quodcumque
574 4141 623 4241 in
658 4144 1037 4254 Mediolanensem
1062 4137 1363 4280 Principatum
1398 4136 1598 4257 haberet,

137 4281 375 4400 decedere,
411 4321 455 4382 et
490 4285 608 4424 Regi
650 4288 873 4386 Francisco
907 4286 1071 4383 tradere
1107 4319 1311 4384 coactus.
1354 4291 1453 4382 Nec
1489 4320 1595 4380 veto

139 4425 282 4526 solum
317 4422 565 4525 Insubrium
602 4425 707 4526 fines
747 4439 844 4528 Rex
885 4427 1157 4546 Franciscus,
1197 4462 1242 4526 et
1287 4426 1452 4568 oppida
1496 4433 1598 4525 Me-

139 4567 397 4672 diolanensis
435 4568 614 4670 ditionis
649 4605 967 4712 occupaverat,
1003 4573 1077 4671 sed
1113 4569 1378 4671 Placentiam
1414 4608 1597 4710 quoque

138 4745 179 4808 et
217 4719 451 4831 Parmam,
488 4715 736 4854 quaelicet
771 4717 1009 4857 antiquitus
1046 4751 1184 4814 essent
1219 4713 1398 4813 ditionis
1424 4713 1595 4813 Medio

137 4851 353 4977 lanensis,
388 4893 675 4974 tunctamen
696 4869 902 4962 Romano
929 4855 1134 4957 Pontifici
1159 4854 1399 4996 patebant,
1435 4898 1460 4956 a
1481 4865 1595 4954 Leo·

1158 5013 1252 5117 Qa
1542 5035 1595 5097 ne
