4292 5984
548 467 644 538 XVI.
1001 455 1505 534 SUMMARIUM.

517 617 649 677 mento
685 586 848 707 repulsi.
895 623 901 636 ·
1274 607 1367 668 nanc
1400 582 1539 698 praelio
1570 577 1769 670 commisso
1800 576 1884 674 duo
1923 584 1997 676 mi-

573 714 712 796 XVIII.
771 711 1015 822 Quapropter
1042 705 1124 789 Rex
1155 703 1219 787 Tr·
1273 700 1352 786 lites
1386 702 1581 815 pecuniam
1622 729 1907 817 comportantes
1934 736 1996 792 ce-

512 829 641 913 cinum
663 825 849 932 fluvium,
871 823 936 941 qui
951 823 1219 939 Papiam,qua
1250 917 1253 926 ‚
1274 820 1446 904 dentibus
1465 820 1702 935 Papiensibus
1726 850 1802 908 sese
1833 824 1993 936 conjun-

513 977 642 1031 murus
669 943 866 1050 infirmus,
899 941 1026 1047 alluit,
1052 965 1220 1026 avertere
1274 962 1398 1054 gunt,
1420 962 1459 1024 et
1482 938 1531 1022 sic
1559 937 1762 1024 incolumes
1784 939 1835 1026 ad
1859 947 1989 1030 Anto

512 1055 657 1166 tentat3
687 1092 821 1152 verum
859 1061 1002 1178 magnis
1044 1057 1220 1141 imbribus
1274 1055 1379 1140 nium
1415 1054 1611 1169 pecuniam
1638 1081 1678 1142 et
1708 1057 1841 1145 Lanoii
1884 1091 1989 1149 man-

512 1181 716 1266 consecutis
739 1178 876 1267 fluvius
888 1203 1017 1263 auctus
1038 1205 1134 1289 opus
1150 1175 1219 1260 dis-
1277 1173 1364 1258 data
1398 1171 1612 1287 perfenmt.

510 1298 584 1411 iicit
613 1299 818 1412 diruitque.
857 1301 939 1381 Rex
962 1295 1073 1412 igitur
1094 1292 1220 1406 inopia
1334 1293 1472 1376 XXIII.
1530 1291 1740 1378 Caesariani
1768 1295 1882 1408 copiis
1917 1325 1987 1382 au-

511 1417 641 1502 saltem
656 1439 937 1501 commeatuum
960 1412 1127 1497 obsessos
1142 1439 1221 1524 pre·
1275 1408 1342 1492 ctis
1382 1410 1533 1495 recreati
1569 1414 1715 1528 Regem
1760 1412 1900 1527 praelio
1931 1415 1985 1500 la-

513 1563 614 1620 mere
629 1533 936 1620 statuit.Partem
951 1555 1220 1644 quoqueexer-
1277 1555 1414 1614 cessere
1448 1529 1648 1642 cupiunt,
1692 1529 1758 1614 sed
1798 1531 1985 1646 stipendio

512 1653 606 1737 citus
633 1683 721 1737 cum
746 1653 894 1763 Joanne
910 1653 1025 1734 Scoto
1039 1646 1221 1732 Albaniae
1274 1673 1355 1729 non
1382 1644 1508 1731 soluto
1534 1646 1583 1732 de
1614 1644 1771 1730 militum
1808 1649 1984 1737 volunta.

514 1775 623 1856 Duce
645 1770 846 1884 Neapolim
873 1767 1012 1872 nictit,
1049 1764 1115 1880 qui
1146 1768 1220 1848 Re·
1275 1786 1313 1846 te
1344 1763 1543 1848 dubitant.
1575 1762 1751 1850 Piscariae
1807 1769 1982 1856 Marchio

513 1918 634 2006 gnum
666 1889 837 2002 recipiat.
1274 1881 1376 1994 apud
1406 1882 1596 1996 Hispanos
1618 1881 1887 1968 concionatur.

588 2009 695 2088 XIX.
775 2003 984 2088 Caesariani
1039 1998 1220 2085 Albaniae
1347 2000 1494 2084 XXIV.
1567 1997 1746 2108 Ejusdem
1777 2002 1900 2088 oratio
1930 2001 1982 2090 ad

511 2125 659 2208 Ducem
682 2124 933 2226 insectantur,
956 2119 1022 2204 sed
1035 2118 1084 2203 de
1108 2116 1221 2233 Regis
1273 2115 1403 2202 milites
1430 2115 1748 2232 eloquentissima,
1779 2145 1858 2233 qua
1887 2121 1980 2234 ipso

510 2241 665 2326 consilio
710 2239 912 2326 invadendi
956 2235 1079 2353 Regni
1118 2240 1219 2318 Nea-
1272 2263 1358 2320 tum
1397 2235 1542 2320 animos
1574 2235 1625 2321 ad
1656 2234 1835 2348 praelium
1865 2239 1981 2352 majo-

508 2359 663 2474 politani
692 2358 864 2443 certiores
900 2351 986 2440 facti
1017 2352 1219 2439 exercitum
1271 2381 1354 2438 rum
1377 2349 1599 2439 facinoribus
1630 2351 1874 2470 laudibusque
1895 2386 1982 2472 pro-

509 2475 550 2561 in
574 2497 691 2561 castra
713 2475 918 2560 reducunt.
1269 2469 1395 2584 positis
1410 2472 1593 2558 incendit.

569 2595 659 2678 XX.
719 2590 882 2702 Lanojus
925 2617 971 2672 ex
997 2589 1134 2679 Leivae
1163 2587 1218 2675 lit·
1330 2591 1459 2675 XXV.
1521 2589 1708 2704 Copiisin
1740 2620 1862 2678 unum
1891 2621 1977 2682 coa·

509 2711 593 2796 teris
624 2735 855 2825 cognoscens
890 2711 1130 2812 Germanos,
1162 2708 1216 2792 ni·
1268 2705 1335 2792 ctis
1350 2711 1529 2794 Sanctum
1545 2707 1736 2826 Angelum
1751 2737 1976 2830 oppugnant

510 2827 539 2911 si
569 2826 792 2942 stipendium
825 2824 905 2942 ipsis
943 2823 1138 2928 solvanu,
1159 2854 1215 2909 ur·
1267 2821 1476 2911 Caesariani
1515 2851 1837 2943 expugnantque,
1870 2833 1974 2915 Mar-

508 2946 596 3031 bem
636 2943 836 3031 tradimros
869 2939 1063 3048 minitari,
1107 2971 1215 3057 pecu-
1265 2941 1407 3029 chionis
1438 2945 1614 3032 Piscariae
1645 2945 1783 3031 virtute
1810 2975 1974 3034 commo

509 3063 610 3148 niam
640 3091 705 3178 per
737 3063 834 3148 duos
870 3059 1057 3173 Hispanos
1083 3059 1213 3148 milites
1264 3059 1320 3166 ti,
1349 3063 1415 3176 qui
1446 3062 1628 3148 secundus
1658 3085 1744 3176 post
1762 3062 1972 3178 Hispanum

508 3208 615 3269 novo
645 3203 902 3297 strategemate
915 3177 969 3261 'in
997 3179 1131 3264 urbem
1157 3179 1211 3263 in-
1264 3180 1522 3266 centurionem
1542 3208 1694 3265 murum
1714 3182 1940 3268 conscendit.

509 3300 646 3387 ducere
685 3324 822 3384 tentat.
865 3294 1040 3382 Clemens
1085 3297 1213 3384 Ponti·
1322 3299 1467 3384 XXVI.
1526 3297 1736 3385 Alexander
1781 3300 1972 3388 bentivol-

508 3414 588 3522 fex,
605 3417 761 3522 Veneti,
798 3413 998 3501 Florentini
1024 3477 1037 3521 ,
1062 3443 1106 3498 ac
1136 3413 1212 3500 fere
1262 3411 1319 3498 lus
1358 3416 1409 3500 ad
1445 3415 1577 3500 Casale
1618 3415 1736 3526 majus
1785 3419 1973 3530 Joannem¹

506 3534 669 3649 reliquae
696 3535 830 3620 liberae
860 3531 1025 3618 civitates
1054 3528 1213 3619 foederis
1262 3533 1501 3620 Ludovicum
1547 3533 1798 3620 Palavicinum
1844 3537 1971 3652 capit,

505 3653 782 3740 conditionibus
808 3679 888 3735 non
918 3646 1152 3737 satisfaciunt.
1263 3649 1415 3768 ejsuque
1453 3650 1578 3766 copias
1627 3648 1778 3738 fundit.
1825 3659 1972 3770 Gaspar

565 3775 672 3856 XXI.
731 3776 824 3856 Duo
852 3769 962 3885 igitur
987 3768 1117 3855 milites
1141 3799 1211 3884 pro
1263 3797 1418 3885 quoque
1451 3770 1604 3855 Mainus
1643 3769 1855 3857 Italicorum
1893 3774 1972 3859 duo

506 3885 701 4006 transfugis
761 3889 811 3974 ad
863 3887 1061 3971 cohortem
1114 3888 1211 3972 Petri
1264 3887 1402 3992 mim,
1447 3888 1484 3972 in
1509 3887 1620 4004 Regis
1651 3913 1768 3973 castra
1809 3915 1972 3976 conten·

506 4009 706 4091 Guevarae
740 4003 1060 4120 perveniunt,qui
1090 4006 1212 4119 gradu
1265 4004 1415 4110 dentes,
1443 4005 1551 4090 armis
1590 4030 1722 4091 exutos
1750 4006 1914 4092 dimittit.

507 4152 574 4238 pet
608 4122 776 4235 iniuriam
817 4121 978 4233 dejectus
1016 4121 1212 4234 impetrata
1322 4125 1483 4208 XXVII.
1543 4122 1789 4209 Rhaetiorum
1827 4123 1971 4211 eGal·

508 4241 687 4329 aCarolo
716 4237 890 4324 facultate
906 4241 956 4326 ad
979 4239 1122 4326 Galliae
1138 4245 1210 4326 Re·
1263 4238 1386 4326 lorum
1405 4241 1528 4326 castris
1551 4241 1749 4328 discessus.
1836 4241 1840 4250 '

508 4388 595 4474 gem
618 4388 656 4444 se
681 4355 912 4446 contulerat.
1337 4363 1515 4446 XXVIII.
1593 4358 1803 4444 Caesariani
1851 4360 1972 4444 minus

567 4479 687 4560 XXII.
747 4477 939 4590 Papienses
975 4476 1149 4563 custodes
1173 4509 1210 4562 e·
1264 4477 1360 4564 mille
1389 4508 1563 4592 passuum
1591 4507 1616 4558 a
1639 4477 1752 4593 Regis
1780 4477 1901 4560 castris
1917 4477 1972 4560 in-

506 4618 687 4709 rumpunt
708 4617 745 4678 et
780 4591 914 4678 Gallos
952 4591 1025 4677 levi
1073 4594 1210 4706 praelio
1263 4593 1419 4680 tervallo
1450 4617 1567 4677 castra
1597 4618 1775 4706 ponunt,
1805 4593 1972 4679 hostem-

506 4710 708 4816 lacessunt3
739 4710 793 4796 his
823 4715 1000 4796 Guevara
1028 4711 1212 4825 Hispano·
1264 4739 1339 4826 que
1364 4710 1501 4796 diumis
1525 4711 1791 4834 nocnunisque
1810 4712 1973 4830 eruptio

507 4859 666 4947 rumque
706 4829 841 4916 cohors
886 4857 962 4913 sese
1006 4827 1209 4941 objiciunt:
1264 4828 1370 4915 nibus
1394 4826 1585 4918 mutant.

1903 4946 1973 5034 Pis·
