<?xml version="1.0" encoding="UTF-8"?>
<!DOCTYPE html PUBLIC "-//W3C//DTD XHTML 1.0 Transitional//EN"
    "http://www.w3.org/TR/xhtml1/DTD/xhtml1-transitional.dtd">
<html xmlns="http://www.w3.org/1999/xhtml" xml:lang="en" lang="en">
 <head>
  <title>
</title>
<meta http-equiv="Content-Type" content="text/html;charset=utf-8" />
  <meta name='ocr-system' content='tesseract 3.04.00' />
  <meta name='ocr-capabilities' content='ocr_page ocr_carea ocr_par ocr_line ocrx_word'/>
</head>
<body>
  <div class='ocr_page' id='page_1' title='image "./joannisgenesiis02sepgoog_0068.png"; bbox 0 0 4368 5984; ppageno 0'>
   <div class='ocr_carea' id='block_1_1' title="bbox 578 448 1583 548">
    <p class='ocr_par' dir='ltr' id='par_1_1' title="bbox 578 448 1583 548">
     <span class='ocr_line' id='line_1_1' title="bbox 578 448 1583 548; baseline -0.01 -18"><span class='ocrx_word' id='word_1_1' title='bbox 578 461 619 530; x_wconf 81' lang='lat' dir='ltr'><em>a.</em></span> <span class='ocrx_word' id='word_1_2' title='bbox 964 453 1100 548; x_wconf 77' lang='lat' dir='ltr'><em>Josn.</em></span> <span class='ocrx_word' id='word_1_3' title='bbox 1133 453 1246 528; x_wconf 80' lang='lat' dir='ltr'><em>ann.</em></span> <span class='ocrx_word' id='word_1_4' title='bbox 1274 448 1583 524; x_wconf 78' lang='lat' dir='ltr'><em>sanunvnunn</em></span> 
     </span>
    </p>
   </div>
   <div class='ocr_carea' id='block_1_2' title="bbox 450 572 2023 4822">
    <p class='ocr_par' dir='ltr' id='par_1_2' title="bbox 556 572 2002 1404">
     <span class='ocr_line' id='line_1_2' title="bbox 556 572 1998 697; baseline -0.001 -29"><span class='ocrx_word' id='word_1_5' title='bbox 556 581 653 668; x_wconf 90' lang='lat' dir='ltr'><em>odus</em></span> <span class='ocrx_word' id='word_1_6' title='bbox 685 582 879 686; x_wconf 70' lang='lat' dir='ltr'><em>stanteis,</em></span> <span class='ocrx_word' id='word_1_7' title='bbox 906 572 1137 689; x_wconf 84' lang='lat' dir='ltr'><em>¹definiendi,</em></span> <span class='ocrx_word' id='word_1_8' title='bbox 1162 605 1229 667; x_wconf 82' lang='lat' dir='ltr'><em>aut</em></span> <span class='ocrx_word' id='word_1_9' title='bbox 1249 582 1329 697; x_wconf 88' lang='lat' dir='ltr'><em>ipsa</em></span> <span class='ocrx_word' id='word_1_10' title='bbox 1356 609 1422 697; x_wconf 88' lang='lat' dir='ltr'><em>pet</em></span> <span class='ocrx_word' id='word_1_11' title='bbox 1439 609 1477 666; x_wconf 90' lang='lat' dir='ltr'><em>se</em></span> <span class='ocrx_word' id='word_1_12' title='bbox 1506 578 1619 666; x_wconf 86' lang='lat' dir='ltr'><em>etiarn</em></span> <span class='ocrx_word' id='word_1_13' title='bbox 1649 603 1781 674; x_wconf 80' lang='lat' dir='ltr'><em>cantra</em></span> <span class='ocrx_word' id='word_1_14' title='bbox 1810 573 1998 667; x_wconf 87' lang='lat' dir='ltr'><em>voiunta-</em></span> 
     </span>
     <span class='ocr_line' id='line_1_3' title="bbox 558 700 1997 816; baseline -0.001 -29"><span class='ocrx_word' id='word_1_15' title='bbox 558 727 635 787; x_wconf 89' lang='lat' dir='ltr'><em>tem</em></span> <span class='ocrx_word' id='word_1_16' title='bbox 650 700 838 788; x_wconf 85' lang='lat' dir='ltr'><em>Pontificis</em></span> <span class='ocrx_word' id='word_1_17' title='bbox 862 701 1073 814; x_wconf 83' lang='lat' dir='ltr'>quidquam</span> <span class='ocrx_word' id='word_1_18' title='bbox 1100 725 1260 787; x_wconf 78' lang='lat' dir='ltr'>statuere</span> <span class='ocrx_word' id='word_1_19' title='bbox 1276 700 1405 816; x_wconf 87' lang='lat' dir='ltr'>possit.</span> <span class='ocrx_word' id='word_1_20' title='bbox 1437 702 1501 782; x_wconf 91' lang='lat' dir='ltr'><strong>De</strong></span> <span class='ocrx_word' id='word_1_21' title='bbox 1518 725 1591 806; x_wconf 81' lang='lat' dir='ltr'><em>qua</em></span> <span class='ocrx_word' id='word_1_22' title='bbox 1606 708 1847 815; x_wconf 82' lang='lat' dir='ltr'><em>quaestione,</em></span> <span class='ocrx_word' id='word_1_23' title='bbox 1871 701 1997 786; x_wconf 86' lang='lat' dir='ltr'>subdit</span> 
     </span>
     <span class='ocr_line' id='line_1_4' title="bbox 559 813 2001 930; baseline -0.003 -27"><span class='ocrx_word' id='word_1_24' title='bbox 559 819 744 906; x_wconf 83' lang='lat' dir='ltr'><em>Olivanus</em></span> <span class='ocrx_word' id='word_1_25' title='bbox 772 879 786 926; x_wconf 85' lang='lat'>‚</span> <span class='ocrx_word' id='word_1_26' title='bbox 813 838 922 930; x_wconf 81' lang='lat' dir='ltr'><em>spero</em></span> <span class='ocrx_word' id='word_1_27' title='bbox 939 828 1012 904; x_wconf 85' lang='lat' dir='ltr'><em>cito</em></span> <span class='ocrx_word' id='word_1_28' title='bbox 1030 837 1067 903; x_wconf 89' lang='lat' dir='ltr'><em>te</em></span> <span class='ocrx_word' id='word_1_29' title='bbox 1093 813 1227 904; x_wconf 84' lang='lat' dir='ltr'><em>librum</em></span> <span class='ocrx_word' id='word_1_30' title='bbox 1247 845 1382 928; x_wconf 83' lang='lat' dir='ltr'><em>magna</em></span> <span class='ocrx_word' id='word_1_31' title='bbox 1405 847 1485 902; x_wconf 93' lang='lat' dir='ltr'><em>cum</em></span> <span class='ocrx_word' id='word_1_32' title='bbox 1503 821 1744 903; x_wconf 82' lang='lat' dir='ltr'><em>studiosorum</em></span> <span class='ocrx_word' id='word_1_33' title='bbox 1768 823 1932 901; x_wconf 86' lang='lat' dir='ltr'><em>utilitate</em></span> <span class='ocrx_word' id='word_1_34' title='bbox 1960 825 2001 900; x_wconf 91' lang='lat' dir='ltr'><em>in</em></span> 
     </span>
     <span class='ocr_line' id='line_1_5' title="bbox 560 930 2002 1048; baseline -0.002 -26"><span class='ocrx_word' id='word_1_35' title='bbox 560 946 675 1022; x_wconf 88' lang='lat' dir='ltr'><em>lucem</em></span> <span class='ocrx_word' id='word_1_36' title='bbox 695 947 947 1043; x_wconf 86' lang='lat' dir='ltr'><em>emissurum,</em></span> <span class='ocrx_word' id='word_1_37' title='bbox 974 953 1012 1021; x_wconf 86' lang='lat' dir='ltr'><em>et</em></span> <span class='ocrx_word' id='word_1_38' title='bbox 1034 951 1226 1046; x_wconf 82' lang='lat' dir='ltr'><em>utrumque</em></span> <span class='ocrx_word' id='word_1_39' title='bbox 1240 957 1333 1048; x_wconf 82' lang='lat' dir='ltr'><em>opus</em></span> <span class='ocrx_word' id='word_1_40' title='bbox 1348 953 1391 1020; x_wconf 91' lang='lat' dir='ltr'><em>ut</em></span> <span class='ocrx_word' id='word_1_41' title='bbox 1404 943 1684 1046; x_wconf 81' lang='lat' dir='ltr'><em>quamprimum</em></span> <span class='ocrx_word' id='word_1_42' title='bbox 1696 943 1737 1018; x_wconf 95' lang='lat' dir='ltr'><em>in</em></span> <span class='ocrx_word' id='word_1_43' title='bbox 1753 930 1869 1021; x_wconf 84' lang='lat' dir='ltr'><em>lucem</em></span> <span class='ocrx_word' id='word_1_44' title='bbox 1880 940 2002 1044; x_wconf 82' lang='lat' dir='ltr'><em>praal-</em></span> 
     </span>
     <span class='ocr_line' id='line_1_6' title="bbox 562 1051 2002 1168; baseline -0.003 -28"><span class='ocrx_word' id='word_1_45' title='bbox 562 1073 654 1160; x_wconf 86' lang='lat' dir='ltr'><em>eat,</em></span> <span class='ocrx_word' id='word_1_46' title='bbox 697 1051 926 1140; x_wconf 77' lang='lat' dir='ltr'><em>vehementer</em></span> <span class='ocrx_word' id='word_1_47' title='bbox 953 1072 1086 1168; x_wconf 80' lang='lat' dir='ltr'><em>enapta</em></span> <span class='ocrx_word' id='word_1_48' title='bbox 1114 1087 1124 1138; x_wconf 92' lang='lat'>:</span> <span class='ocrx_word' id='word_1_49' title='bbox 1155 1072 1263 1140; x_wconf 90' lang='lat' dir='ltr'><em>erunt</em></span> <span class='ocrx_word' id='word_1_50' title='bbox 1285 1063 1380 1139; x_wconf 91' lang='lat' dir='ltr'><em>enim</em></span> <span class='ocrx_word' id='word_1_51' title='bbox 1410 1057 1501 1138; x_wconf 86' lang='lat' dir='ltr'><em>mihi</em></span> <span class='ocrx_word' id='word_1_52' title='bbox 1515 1060 1769 1161; x_wconf 86' lang='lat' dir='ltr'><em>gratissima,</em></span> <span class='ocrx_word' id='word_1_53' title='bbox 1801 1069 1843 1136; x_wconf 92' lang='lat' dir='ltr'><em>ut</em></span> <span class='ocrx_word' id='word_1_54' title='bbox 1875 1070 2002 1136; x_wconf 90' lang='lat' dir='ltr'><em>cetera</em></span> 
     </span>
     <span class='ocr_line' id='line_1_7' title="bbox 562 1175 2000 1287; baseline -0.003 -29"><span class='ocrx_word' id='word_1_55' title='bbox 562 1181 710 1284; x_wconf 83' lang='lat' dir='ltr'><em>scripta</em></span> <span class='ocrx_word' id='word_1_56' title='bbox 738 1191 834 1287; x_wconf 82' lang='lat' dir='ltr'><em>tun,</em></span> <span class='ocrx_word' id='word_1_57' title='bbox 860 1200 952 1282; x_wconf 82' lang='lat' dir='ltr'><em>quae</em></span> <span class='ocrx_word' id='word_1_58' title='bbox 982 1181 1103 1261; x_wconf 89' lang='lat' dir='ltr'><em>nescio</em></span> <span class='ocrx_word' id='word_1_59' title='bbox 1120 1177 1319 1281; x_wconf 82' lang='lat' dir='ltr'><em>doctrina,</em></span> <span class='ocrx_word' id='word_1_60' title='bbox 1343 1199 1391 1258; x_wconf 91' lang='lat' dir='ltr'><em>an</em></span> <span class='ocrx_word' id='word_1_61' title='bbox 1419 1179 1604 1283; x_wconf 81' lang='lat' dir='ltr'><em>elegantia</em></span> <span class='ocrx_word' id='word_1_62' title='bbox 1620 1178 1742 1282; x_wconf 82' lang='lat' dir='ltr'><em>magis</em></span> <span class='ocrx_word' id='word_1_63' title='bbox 1770 1175 2000 1257; x_wconf 87' lang='lat' dir='ltr'><em>eruditarum</em></span> 
     </span>
     <span class='ocr_line' id='line_1_8' title="bbox 558 1296 1091 1404; baseline 0.002 -27"><span class='ocrx_word' id='word_1_64' title='bbox 558 1301 764 1404; x_wconf 78' lang='lat' dir='ltr'><em>praeconia</em></span> <span class='ocrx_word' id='word_1_65' title='bbox 785 1296 1091 1378; x_wconf 86' lang='lat' dir='ltr'><em>curnmendentur.</em></span> 
     </span>
    </p>

    <p class='ocr_par' dir='ltr' id='par_1_3' title="bbox 450 1406 2010 2116">
     <span class='ocr_line' id='line_1_9' title="bbox 654 1406 2004 1528; baseline 0 -35"><span class='ocrx_word' id='word_1_66' title='bbox 654 1415 747 1496; x_wconf 90' lang='lat' dir='ltr'><em>Duo</em></span> <span class='ocrx_word' id='word_1_67' title='bbox 762 1411 821 1497; x_wconf 89' lang='lat' dir='ltr'><em>hic</em></span> <span class='ocrx_word' id='word_1_68' title='bbox 834 1435 968 1497; x_wconf 90' lang='lat' dir='ltr'><em>notatu</em></span> <span class='ocrx_word' id='word_1_69' title='bbox 982 1413 1096 1528; x_wconf 84' lang='lat' dir='ltr'><em>digna</em></span> <span class='ocrx_word' id='word_1_70' title='bbox 1111 1439 1315 1500; x_wconf 87' lang='lat' dir='ltr'><em>occurrunt</em></span> <span class='ocrx_word' id='word_1_71' title='bbox 1330 1471 1342 1495; x_wconf 86' lang='lat'><strong>·</strong></span> <span class='ocrx_word' id='word_1_72' title='bbox 1375 1410 1574 1515; x_wconf 85' lang='lat' dir='ltr'><em>Alterum,</em></span> <span class='ocrx_word' id='word_1_73' title='bbox 1594 1408 1843 1525; x_wconf 88' lang='lat' dir='ltr'><em>Sepulvedam</em></span> <span class='ocrx_word' id='word_1_74' title='bbox 1860 1406 2004 1523; x_wconf 88' lang='lat' dir='ltr'><em>aliquid</em></span> 
     </span>
     <span class='ocr_line' id='line_1_10' title="bbox 450 1522 2004 1642; baseline -0.003 -28"><span class='ocrx_word' id='word_1_75' title='bbox 450 1557 457 1570; x_wconf 89' lang='lat'><strong>·</strong></span> <span class='ocrx_word' id='word_1_76' title='bbox 564 1522 617 1614; x_wconf 89' lang='lat' dir='ltr'><strong>&#39;de</strong></span> <span class='ocrx_word' id='word_1_77' title='bbox 633 1529 795 1613; x_wconf 88' lang='lat' dir='ltr'><em>Romani</em></span> <span class='ocrx_word' id='word_1_78' title='bbox 812 1526 999 1616; x_wconf 89' lang='lat' dir='ltr'><em>Pontificis</em></span> <span class='ocrx_word' id='word_1_79' title='bbox 1014 1532 1235 1616; x_wconf 89' lang='lat' dir='ltr'><em>auctoritate</em></span> <span class='ocrx_word' id='word_1_80' title='bbox 1251 1553 1581 1632; x_wconf 87' lang='lat' dir='ltr'><em>commentatum,</em></span> <span class='ocrx_word' id='word_1_81' title='bbox 1608 1527 1674 1613; x_wconf 87' lang='lat' dir='ltr'><em>sed</em></span> <span class='ocrx_word' id='word_1_82' title='bbox 1691 1555 1772 1611; x_wconf 90' lang='lat' dir='ltr'><em>non</em></span> <span class='ocrx_word' id='word_1_83' title='bbox 1787 1525 1857 1610; x_wconf 87' lang='lat' dir='ltr'><em>alia</em></span> <span class='ocrx_word' id='word_1_84' title='bbox 1885 1554 2004 1642; x_wconf 91' lang='lat' dir='ltr'><em>quarn</em></span> 
     </span>
     <span class='ocr_line' id='line_1_11' title="bbox 567 1645 2007 1764; baseline 0.001 -34"><span class='ocrx_word' id='word_1_85' title='bbox 567 1673 667 1762; x_wconf 93' lang='lat' dir='ltr'><em>quae</em></span> <span class='ocrx_word' id='word_1_86' title='bbox 691 1646 729 1729; x_wconf 93' lang='lat' dir='ltr'><em>in</em></span> <span class='ocrx_word' id='word_1_87' title='bbox 750 1646 844 1731; x_wconf 82' lang='lat' dir='ltr'><em>libro</em></span> <span class='ocrx_word' id='word_1_88' title='bbox 871 1647 918 1734; x_wconf 90' lang='lat' dir='ltr'><strong>de</strong></span> <span class='ocrx_word' id='word_1_89' title='bbox 936 1653 1066 1764; x_wconf 82' lang='lat' dir='ltr'><em>Regno</em></span> <span class='ocrx_word' id='word_1_90' title='bbox 1096 1649 1167 1733; x_wconf 87' lang='lat' dir='ltr'><em>hac</em></span> <span class='ocrx_word' id='word_1_91' title='bbox 1190 1649 1239 1735; x_wconf 90' lang='lat' dir='ltr'><strong>de</strong></span> <span class='ocrx_word' id='word_1_92' title='bbox 1268 1677 1309 1734; x_wconf 87' lang='lat' dir='ltr'><strong>re</strong></span> <span class='ocrx_word' id='word_1_93' title='bbox 1340 1677 1490 1733; x_wconf 88' lang='lat' dir='ltr'><em>summo</em></span> <span class='ocrx_word' id='word_1_94' title='bbox 1517 1673 1606 1729; x_wconf 89' lang='lat' dir='ltr'><em>cum</em></span> <span class='ocrx_word' id='word_1_95' title='bbox 1630 1645 1767 1758; x_wconf 80' lang='lat' dir='ltr'><em>judicio</em></span> <span class='ocrx_word' id='word_1_96' title='bbox 1795 1669 2007 1759; x_wconf 88' lang='lat' dir='ltr'><em>persecutus</em></span> 
     </span>
     <span class='ocr_line' id='line_1_12' title="bbox 570 1763 2010 1879; baseline -0.001 -31"><span class='ocrx_word' id='word_1_97' title='bbox 570 1787 655 1869; x_wconf 86' lang='lat' dir='ltr'><em>est,</em></span> <span class='ocrx_word' id='word_1_98' title='bbox 680 1788 724 1848; x_wconf 89' lang='lat' dir='ltr'><em>ut</em></span> <span class='ocrx_word' id='word_1_99' title='bbox 738 1789 842 1879; x_wconf 89' lang='lat' dir='ltr'><em>patet</em></span> <span class='ocrx_word' id='word_1_100' title='bbox 872 1793 919 1851; x_wconf 84' lang='lat' dir='ltr'><strong>ex</strong></span> <span class='ocrx_word' id='word_1_101' title='bbox 949 1765 1108 1852; x_wconf 89' lang='lat' dir='ltr'><em>auctoris</em></span> <span class='ocrx_word' id='word_1_102' title='bbox 1124 1765 1278 1879; x_wconf 82' lang='lat' dir='ltr'><em>epistola</em></span> <span class='ocrx_word' id='word_1_103' title='bbox 1294 1767 1433 1852; x_wconf 79' lang='lat' dir='ltr'><strong>LXIX.</strong></span> <span class='ocrx_word' id='word_1_104' title='bbox 1467 1763 1674 1868; x_wconf 84' lang='lat' dir='ltr'><em>Alterum,</em></span> <span class='ocrx_word' id='word_1_105' title='bbox 1707 1764 1783 1848; x_wconf 89' lang='lat' dir='ltr'><em>hoc</em></span> <span class='ocrx_word' id='word_1_106' title='bbox 1809 1789 1916 1848; x_wconf 85' lang='lat' dir='ltr'><em>anno</em></span> <span class='ocrx_word' id='word_1_107' title='bbox 1947 1792 2010 1846; x_wconf 89' lang='lat' dir='ltr'><em>an·</em></span> 
     </span>
     <span class='ocr_line' id='line_1_13' title="bbox 568 1875 2006 1970; baseline -0.001 -3"><span class='ocrx_word' id='word_1_108' title='bbox 568 1905 608 1967; x_wconf 88' lang='lat' dir='ltr'><em>te</em></span> <span class='ocrx_word' id='word_1_109' title='bbox 631 1881 793 1968; x_wconf 86' lang='lat' dir='ltr'><em>sextilem</em></span> <span class='ocrx_word' id='word_1_110' title='bbox 810 1910 977 1970; x_wconf 70' lang='lat' dir='ltr'><em>menum</em></span> <span class='ocrx_word' id='word_1_111' title='bbox 1008 1875 1269 1969; x_wconf 83' lang='lat' dir='ltr'><em>Democratem</em></span> <span class='ocrx_word' id='word_1_112' title='bbox 1300 1887 1494 1968; x_wconf 84' lang='lat' dir='ltr'><em>secundum</em></span> <span class='ocrx_word' id='word_1_113' title='bbox 1520 1909 1601 1968; x_wconf 91' lang='lat' dir='ltr'><em>non</em></span> <span class='ocrx_word' id='word_1_114' title='bbox 1624 1903 1773 1967; x_wconf 74' lang='lat' dir='ltr'><em>tantiam</em></span> <span class='ocrx_word' id='word_1_115' title='bbox 1791 1879 2006 1968; x_wconf 84' lang='lat' dir='ltr'><em>absolutum</em></span> 
     </span>
     <span class='ocr_line' id='line_1_14' title="bbox 569 1995 1446 2116; baseline 0.003 -32"><span class='ocrx_word' id='word_1_116' title='bbox 569 1995 678 2084; x_wconf 85' lang='lat' dir='ltr'><em>fuisse</em></span> <span class='ocrx_word' id='word_1_117' title='bbox 693 2058 707 2105; x_wconf 89' lang='lat'>‚</span> <span class='ocrx_word' id='word_1_118' title='bbox 737 1999 802 2086; x_wconf 91' lang='lat' dir='ltr'><em>sed</em></span> <span class='ocrx_word' id='word_1_119' title='bbox 819 2029 883 2115; x_wconf 89' lang='lat' dir='ltr'><strong>per</strong></span> <span class='ocrx_word' id='word_1_120' title='bbox 898 2001 1071 2089; x_wconf 88' lang='lat' dir='ltr'><em>omniurn</em></span> <span class='ocrx_word' id='word_1_121' title='bbox 1087 2001 1161 2116; x_wconf 84' lang='lat' dir='ltr'><em>jaan</em></span> <span class='ocrx_word' id='word_1_122' title='bbox 1177 2031 1246 2090; x_wconf 86' lang='lat' dir='ltr'><em>ora</em></span> <span class='ocrx_word' id='word_1_123' title='bbox 1263 2001 1446 2090; x_wconf 81' lang='lat' dir='ltr'><em>volitasse.</em></span> 
     </span>
    </p>

    <p class='ocr_par' dir='ltr' id='par_1_4' title="bbox 564 2113 2023 4822">
     <span class='ocr_line' id='line_1_15' title="bbox 658 2113 2006 2236; baseline 0 -35"><span class='ocrx_word' id='word_1_124' title='bbox 658 2117 867 2234; x_wconf 86' lang='lat' dir='ltr'><strong>Respondit</strong></span> <span class='ocrx_word' id='word_1_125' title='bbox 888 2119 937 2204; x_wconf 92' lang='lat' dir='ltr'><em>ad</em></span> <span class='ocrx_word' id='word_1_126' title='bbox 960 2121 1058 2205; x_wconf 88' lang='lat' dir='ltr'><em>hanc</em></span> <span class='ocrx_word' id='word_1_127' title='bbox 1088 2120 1282 2236; x_wconf 83' lang='lat' dir='ltr'><em>epistolam</em></span> <span class='ocrx_word' id='word_1_128' title='bbox 1305 2117 1514 2236; x_wconf 83' lang='lat' dir='ltr'><em>Sepulveda</em></span> <span class='ocrx_word' id='word_1_129' title='bbox 1543 2147 1589 2205; x_wconf 84' lang='lat' dir='ltr'><strong>ex</strong></span> <span class='ocrx_word' id='word_1_130' title='bbox 1617 2113 1688 2204; x_wconf 92' lang='lat' dir='ltr'><em>suis</em></span> <span class='ocrx_word' id='word_1_131' title='bbox 1710 2114 1926 2203; x_wconf 84' lang='lat' dir='ltr'><em>Putalbasiis</em></span> <span class='ocrx_word' id='word_1_132' title='bbox 1945 2116 2006 2204; x_wconf 88' lang='lat' dir='ltr'><em>hi·</em></span> 
     </span>
     <span class='ocr_line' id='line_1_16' title="bbox 570 2231 2010 2352; baseline -0.001 -31"><span class='ocrx_word' id='word_1_133' title='bbox 570 2231 693 2321; x_wconf 86' lang='lat' dir='ltr'>bernis</span> <span class='ocrx_word' id='word_1_134' title='bbox 715 2253 728 2292; x_wconf 87' lang='lat'>¹</span> <span class='ocrx_word' id='word_1_135' title='bbox 751 2236 839 2324; x_wconf 84' lang='lat' dir='ltr'><em>Kal.</em></span> <span class='ocrx_word' id='word_1_136' title='bbox 857 2238 1067 2326; x_wconf 87' lang='lat' dir='ltr'><em>Novembr.</em></span> <span class='ocrx_word' id='word_1_137' title='bbox 1084 2263 1200 2352; x_wconf 89' lang='lat' dir='ltr'><em>atque</em></span> <span class='ocrx_word' id='word_1_138' title='bbox 1215 2237 1422 2326; x_wconf 86' lang='lat' dir='ltr'><em>Olivanum</em></span> <span class='ocrx_word' id='word_1_139' title='bbox 1438 2237 1634 2324; x_wconf 83' lang='lat' dir='ltr'><em>certiorem</em></span> <span class='ocrx_word' id='word_1_140' title='bbox 1664 2233 1748 2321; x_wconf 88' lang='lat' dir='ltr'><em>fecit</em></span> <span class='ocrx_word' id='word_1_141' title='bbox 1764 2234 1830 2320; x_wconf 87' lang='lat' dir='ltr'><strong>sibi</strong></span> <span class='ocrx_word' id='word_1_142' title='bbox 1854 2264 1935 2321; x_wconf 91' lang='lat' dir='ltr'><em>non</em></span> <span class='ocrx_word' id='word_1_143' title='bbox 1955 2234 2010 2321; x_wconf 90' lang='lat' dir='ltr'><em>iu·</em></span> 
     </span>
     <span class='ocr_line' id='line_1_17' title="bbox 571 2353 2010 2467; baseline -0.001 -29"><span class='ocrx_word' id='word_1_144' title='bbox 571 2354 710 2438; x_wconf 85' lang='lat' dir='ltr'><em>dictam</em></span> <span class='ocrx_word' id='word_1_145' title='bbox 729 2353 948 2467; x_wconf 83' lang='lat' dir='ltr'><em>palaestram</em></span> <span class='ocrx_word' id='word_1_146' title='bbox 967 2415 981 2460; x_wconf 90' lang='lat'>‚</span> <span class='ocrx_word' id='word_1_147' title='bbox 997 2356 1064 2442; x_wconf 87' lang='lat' dir='ltr'><em>sed</em></span> <span class='ocrx_word' id='word_1_148' title='bbox 1081 2386 1165 2442; x_wconf 88' lang='lat' dir='ltr'><em>acre</em></span> <span class='ocrx_word' id='word_1_149' title='bbox 1182 2353 1290 2442; x_wconf 85' lang='lat' dir='ltr'><em>fuisse</em></span> <span class='ocrx_word' id='word_1_150' title='bbox 1303 2381 1491 2441; x_wconf 87' lang='lat' dir='ltr'><em>certamen</em></span> <span class='ocrx_word' id='word_1_151' title='bbox 1508 2355 1638 2440; x_wconf 89' lang='lat' dir='ltr'><em>diebus</em></span> <span class='ocrx_word' id='word_1_152' title='bbox 1655 2353 1906 2467; x_wconf 89' lang='lat' dir='ltr'><em>superioribus</em></span> <span class='ocrx_word' id='word_1_153' title='bbox 1921 2382 2010 2438; x_wconf 87' lang='lat' dir='ltr'><em>cum</em></span> 
     </span>
     <span class='ocr_line' id='line_1_18' title="bbox 572 2468 2012 2589; baseline -0.001 -34"><span class='ocrx_word' id='word_1_154' title='bbox 572 2469 691 2556; x_wconf 86' lang='lat' dir='ltr'><em>doctis</em></span> <span class='ocrx_word' id='word_1_155' title='bbox 707 2471 931 2586; x_wconf 85' lang='lat' dir='ltr'><em>quibusdam</em></span> <span class='ocrx_word' id='word_1_156' title='bbox 958 2473 1196 2589; x_wconf 89' lang='lat' dir='ltr'><em>Theologis‚</em></span> <span class='ocrx_word' id='word_1_157' title='bbox 1226 2473 1292 2560; x_wconf 80' lang='lat' dir='ltr'><em>sed</em></span> <span class='ocrx_word' id='word_1_158' title='bbox 1320 2473 1579 2586; x_wconf 85' lang='lat' dir='ltr'><em>pertinacibus.</em></span> <span class='ocrx_word' id='word_1_159' title='bbox 1614 2475 1711 2555; x_wconf 90' lang='lat' dir='ltr'><strong>Rern</strong></span> <span class='ocrx_word' id='word_1_160' title='bbox 1737 2468 1820 2584; x_wconf 88' lang='lat' dir='ltr'><em>ipsis</em></span> <span class='ocrx_word' id='word_1_161' title='bbox 1850 2471 2012 2558; x_wconf 88' lang='lat' dir='ltr'><em>auctoris</em></span> 
     </span>
     <span class='ocr_line' id='line_1_19' title="bbox 573 2587 2014 2706; baseline -0.003 -32"><span class='ocrx_word' id='word_1_162' title='bbox 573 2589 693 2674; x_wconf 90' lang='lat' dir='ltr'><strong>verbis</strong></span> <span class='ocrx_word' id='word_1_163' title='bbox 709 2617 924 2693; x_wconf 88' lang='lat' dir='ltr'><strong>narremus,</strong></span> <span class='ocrx_word' id='word_1_164' title='bbox 950 2619 1050 2704; x_wconf 90' lang='lat' dir='ltr'><em>quae</em></span> <span class='ocrx_word' id='word_1_165' title='bbox 1067 2590 1194 2706; x_wconf 83' lang='lat' dir='ltr'><strong>legisse</strong></span> <span class='ocrx_word' id='word_1_166' title='bbox 1210 2618 1290 2676; x_wconf 91' lang='lat' dir='ltr'><em>non</em></span> <span class='ocrx_word' id='word_1_167' title='bbox 1306 2590 1523 2704; x_wconf 90' lang='lat' dir='ltr'><em>poenitebit.</em></span> <span class='ocrx_word' id='word_1_168' title='bbox 1557 2590 1768 2697; x_wconf 85' lang='lat' dir='ltr'><em>Pergrata,</em></span> <span class='ocrx_word' id='word_1_169' title='bbox 1781 2587 1925 2704; x_wconf 82' lang='lat' dir='ltr'><em>inquit,</em></span> <span class='ocrx_word' id='word_1_170' title='bbox 1949 2597 2014 2672; x_wconf 91' lang='lat' dir='ltr'><em>mi·</em></span> 
     </span>
     <span class='ocr_line' id='line_1_20' title="bbox 573 2704 2011 2814; baseline -0.001 -25"><span class='ocrx_word' id='word_1_171' title='bbox 573 2704 706 2810; x_wconf 75' lang='lat' dir='ltr'><em>bificit</em></span> <span class='ocrx_word' id='word_1_172' title='bbox 721 2713 877 2813; x_wconf 85' lang='lat' dir='ltr'><em>epistola</em></span> <span class='ocrx_word' id='word_1_173' title='bbox 893 2723 987 2812; x_wconf 88' lang='lat' dir='ltr'><em>tua,</em></span> <span class='ocrx_word' id='word_1_174' title='bbox 1015 2713 1187 2814; x_wconf 86' lang='lat' dir='ltr'><em>erudita,</em></span> <span class='ocrx_word' id='word_1_175' title='bbox 1204 2711 1363 2792; x_wconf 81' lang='lat' dir='ltr'><em>bumana</em></span> <span class='ocrx_word' id='word_1_176' title='bbox 1378 2724 1416 2792; x_wconf 90' lang='lat' dir='ltr'><em>et</em></span> <span class='ocrx_word' id='word_1_177' title='bbox 1431 2710 1699 2792; x_wconf 84' lang='lat' dir='ltr'><em>beneuolentiae</em></span> <span class='ocrx_word' id='word_1_178' title='bbox 1712 2713 1826 2813; x_wconf 85' lang='lat' dir='ltr'><em>plena</em></span> <span class='ocrx_word' id='word_1_179' title='bbox 1844 2765 1857 2810; x_wconf 89' lang='lat'><strong>,</strong></span> <span class='ocrx_word' id='word_1_180' title='bbox 1883 2716 1925 2790; x_wconf 93' lang='lat' dir='ltr'><em>in</em></span> <span class='ocrx_word' id='word_1_181' title='bbox 1940 2727 2011 2814; x_wconf 79' lang='lat' dir='ltr'><em>qua</em></span> 
     </span>
     <span class='ocr_line' id='line_1_21' title="bbox 574 2824 2010 2934; baseline 0.003 -30"><span class='ocrx_word' id='word_1_182' title='bbox 574 2827 672 2930; x_wconf 81' lang='lat' dir='ltr'><em>quud</em></span> <span class='ocrx_word' id='word_1_183' title='bbox 684 2824 825 2906; x_wconf 85' lang='lat' dir='ltr'><em>scribis</em></span> <span class='ocrx_word' id='word_1_184' title='bbox 850 2827 1041 2909; x_wconf 81' lang='lat' dir='ltr'><em>monachos</em></span> <span class='ocrx_word' id='word_1_185' title='bbox 1059 2828 1351 2931; x_wconf 88' lang='lat' dir='ltr'><em>Dominicanos‚</em></span> <span class='ocrx_word' id='word_1_186' title='bbox 1380 2833 1445 2933; x_wconf 77' lang='lat' dir='ltr'><em>qui</em></span> <span class='ocrx_word' id='word_1_187' title='bbox 1472 2826 1663 2910; x_wconf 83' lang='lat' dir='ltr'><em>Cordubae</em></span> <span class='ocrx_word' id='word_1_188' title='bbox 1687 2839 1891 2908; x_wconf 87' lang='lat' dir='ltr'><em>conventus</em></span> <span class='ocrx_word' id='word_1_189' title='bbox 1921 2843 2010 2934; x_wconf 77' lang='lat' dir='ltr'><em>pra·</em></span> 
     </span>
     <span class='ocr_line' id='line_1_22' title="bbox 575 2941 2010 3051; baseline 0.001 -29"><span class='ocrx_word' id='word_1_190' title='bbox 575 2947 754 3028; x_wconf 83' lang='lat' dir='ltr'><em>aiuciulis</em></span> <span class='ocrx_word' id='word_1_191' title='bbox 769 2945 904 3051; x_wconf 83' lang='lat' dir='ltr'><em>agendi</em></span> <span class='ocrx_word' id='word_1_192' title='bbox 928 2968 1042 3026; x_wconf 91' lang='lat' dir='ltr'><em>cansa</em></span> <span class='ocrx_word' id='word_1_193' title='bbox 1057 2969 1107 3026; x_wconf 82' lang='lat' dir='ltr'><em>en</em></span> <span class='ocrx_word' id='word_1_194' title='bbox 1121 2941 1445 3050; x_wconf 83' lang='lat' dir='ltr'><em>morefrequentes</em></span> <span class='ocrx_word' id='word_1_195' title='bbox 1462 2957 1673 3045; x_wconf 77' lang='lat' dir='ltr'><em>caumont,</em></span> <span class='ocrx_word' id='word_1_196' title='bbox 1700 2945 1897 3050; x_wconf 86' lang='lat' dir='ltr'><em>palaestra</em></span> <span class='ocrx_word' id='word_1_197' title='bbox 1913 2946 2010 3026; x_wconf 86' lang='lat' dir='ltr'><em>litte·</em></span> 
     </span>
     <span class='ocr_line' id='line_1_23' title="bbox 575 3057 2020 3179; baseline -0.003 -35"><span class='ocrx_word' id='word_1_198' title='bbox 575 3067 684 3144; x_wconf 80' lang='lat' dir='ltr'><em>naria</em></span> <span class='ocrx_word' id='word_1_199' title='bbox 700 3084 780 3140; x_wconf 89' lang='lat' dir='ltr'><em>sese</em></span> <span class='ocrx_word' id='word_1_200' title='bbox 805 3075 1018 3144; x_wconf 82' lang='lat' dir='ltr'><strong>exercentes</strong></span> <span class='ocrx_word' id='word_1_201' title='bbox 1047 3064 1156 3146; x_wconf 85' lang='lat' dir='ltr'><em>vobis</em></span> <span class='ocrx_word' id='word_1_202' title='bbox 1171 3067 1381 3179; x_wconf 79' lang='lat' dir='ltr'><em>spectaculo</em></span> <span class='ocrx_word' id='word_1_203' title='bbox 1396 3087 1466 3145; x_wconf 92' lang='lat' dir='ltr'><em>non</em></span> <span class='ocrx_word' id='word_1_204' title='bbox 1483 3062 1676 3169; x_wconf 80' lang='lat' dir='ltr'><em>injucunda</em></span> <span class='ocrx_word' id='word_1_205' title='bbox 1706 3059 1852 3142; x_wconf 85' lang='lat' dir='ltr'><em>scilicet</em></span> <span class='ocrx_word' id='word_1_206' title='bbox 1870 3057 2020 3165; x_wconf 87' lang='lat' dir='ltr'><em>fuisse,</em></span> 
     </span>
     <span class='ocr_line' id='line_1_24' title="bbox 571 3179 2015 3289; baseline -0.001 -32"><span class='ocrx_word' id='word_1_207' title='bbox 571 3180 745 3286; x_wconf 76' lang='lat' dir='ltr'><em>gratulor</em></span> <span class='ocrx_word' id='word_1_208' title='bbox 761 3179 885 3282; x_wconf 88' lang='lat' dir='ltr'><em>vobis,</em></span> <span class='ocrx_word' id='word_1_209' title='bbox 904 3181 1037 3284; x_wconf 77' lang='lat' dir='ltr'><em>quibus</em></span> <span class='ocrx_word' id='word_1_210' title='bbox 1051 3195 1164 3264; x_wconf 74' lang='lat' dir='ltr'><em>entra</em></span> <span class='ocrx_word' id='word_1_211' title='bbox 1190 3183 1406 3289; x_wconf 83' lang='lat' dir='ltr'><em>telljactum</em></span> <span class='ocrx_word' id='word_1_212' title='bbox 1422 3197 1573 3288; x_wconf 83' lang='lat' dir='ltr'><em>pugnae</em></span> <span class='ocrx_word' id='word_1_213' title='bbox 1588 3183 1825 3260; x_wconf 79' lang='lat' dir='ltr'><em>simulacrum</em></span> <span class='ocrx_word' id='word_1_214' title='bbox 1841 3195 2015 3285; x_wconf 82' lang='lat' dir='ltr'><em>spectare</em></span> 
     </span>
     <span class='ocr_line' id='line_1_25' title="bbox 575 3293 2012 3402; baseline -0.001 -24"><span class='ocrx_word' id='word_1_215' title='bbox 575 3294 756 3378; x_wconf 66' lang='lat' dir='ltr'><em>limittit</em></span> <span class='ocrx_word' id='word_1_216' title='bbox 772 3298 863 3377; x_wconf 80' lang='lat' dir='ltr'><em>mili</em></span> <span class='ocrx_word' id='word_1_217' title='bbox 876 3298 1012 3378; x_wconf 84' lang='lat' dir='ltr'><em>eisdem</em></span> <span class='ocrx_word' id='word_1_218' title='bbox 1030 3299 1160 3381; x_wconf 84' lang='lat' dir='ltr'><em>diebus</em></span> <span class='ocrx_word' id='word_1_219' title='bbox 1174 3323 1256 3381; x_wconf 73' lang='lat' dir='ltr'><em>mm</em></span> <span class='ocrx_word' id='word_1_220' title='bbox 1272 3303 1361 3380; x_wconf 86' lang='lat' dir='ltr'><em>aliis</em></span> <span class='ocrx_word' id='word_1_221' title='bbox 1375 3301 1511 3399; x_wconf 86' lang='lat' dir='ltr'><em>doctis,</em></span> <span class='ocrx_word' id='word_1_222' title='bbox 1526 3299 1595 3379; x_wconf 85' lang='lat' dir='ltr'><em>sed</em></span> <span class='ocrx_word' id='word_1_223' title='bbox 1606 3293 1866 3402; x_wconf 84' lang='lat' dir='ltr'><em>pertinacibus</em></span> <span class='ocrx_word' id='word_1_224' title='bbox 1876 3296 2012 3392; x_wconf 52' lang='lat' dir='ltr'><em>,snecta</em></span> 
     </span>
     <span class='ocr_line' id='line_1_26' title="bbox 572 3410 2016 3522; baseline -0.001 -29"><span class='ocrx_word' id='word_1_225' title='bbox 572 3420 641 3520; x_wconf 80' lang='lat' dir='ltr'><em>gis</em></span> <span class='ocrx_word' id='word_1_226' title='bbox 653 3437 721 3495; x_wconf 94' lang='lat' dir='ltr'><em>non</em></span> <span class='ocrx_word' id='word_1_227' title='bbox 737 3416 884 3496; x_wconf 82' lang='lat' dir='ltr'><em>ludicra</em></span> <span class='ocrx_word' id='word_1_228' title='bbox 904 3420 1129 3522; x_wconf 79' lang='lat' dir='ltr'><em>palaestra,</em></span> <span class='ocrx_word' id='word_1_229' title='bbox 1159 3418 1230 3497; x_wconf 87' lang='lat' dir='ltr'><em>sed</em></span> <span class='ocrx_word' id='word_1_230' title='bbox 1242 3441 1376 3498; x_wconf 87' lang='lat' dir='ltr'><em>verum</em></span> <span class='ocrx_word' id='word_1_231' title='bbox 1393 3429 1578 3518; x_wconf 83' lang='lat' dir='ltr'><em>certamen</em></span> <span class='ocrx_word' id='word_1_232' title='bbox 1588 3410 1676 3517; x_wconf 81' lang='lat' dir='ltr'><em>ficit</em></span> <span class='ocrx_word' id='word_1_233' title='bbox 1694 3473 1707 3517; x_wconf 91' lang='lat'>,</span> <span class='ocrx_word' id='word_1_234' title='bbox 1740 3428 1851 3518; x_wconf 78' lang='lat' dir='ltr'><em>atque</em></span> <span class='ocrx_word' id='word_1_235' title='bbox 1877 3421 2016 3498; x_wconf 87' lang='lat' dir='ltr'><em>utinam</em></span> 
     </span>
     <span class='ocr_line' id='line_1_27' title="bbox 577 3527 2019 3642; baseline -0.002 -30"><span class='ocrx_word' id='word_1_236' title='bbox 577 3553 692 3638; x_wconf 80' lang='lat' dir='ltr'><em>aequo</em></span> <span class='ocrx_word' id='word_1_237' title='bbox 708 3543 745 3612; x_wconf 85' lang='lat' dir='ltr'><em>et</em></span> <span class='ocrx_word' id='word_1_238' title='bbox 761 3545 892 3638; x_wconf 82' lang='lat' dir='ltr'><em>aperta</em></span> <span class='ocrx_word' id='word_1_239' title='bbox 920 3532 1051 3614; x_wconf 86' lang='lat' dir='ltr'><em>Marte</em></span> <span class='ocrx_word' id='word_1_240' title='bbox 1069 3589 1084 3636; x_wconf 91' lang='lat'>‚</span> <span class='ocrx_word' id='word_1_241' title='bbox 1102 3541 1264 3642; x_wconf 78' lang='lat' dir='ltr'><em>parique</em></span> <span class='ocrx_word' id='word_1_242' title='bbox 1271 3535 1470 3641; x_wconf 81' lang='lat' dir='ltr'><em>pugnandi</em></span> <span class='ocrx_word' id='word_1_243' title='bbox 1482 3537 1685 3616; x_wconf 84' lang='lat' dir='ltr'><em>conditione</em></span> <span class='ocrx_word' id='word_1_244' title='bbox 1703 3527 1921 3634; x_wconf 87' lang='lat' dir='ltr'><em>fuissemus</em></span> <span class='ocrx_word' id='word_1_245' title='bbox 1937 3555 2019 3614; x_wconf 81' lang='lat' dir='ltr'><em>con-</em></span> 
     </span>
     <span class='ocr_line' id='line_1_28' title="bbox 573 3647 2017 3757; baseline -0.001 -29"><span class='ocrx_word' id='word_1_246' title='bbox 573 3655 735 3755; x_wconf 82' lang='lat' dir='ltr'><strong>gressi,</strong></span> <span class='ocrx_word' id='word_1_247' title='bbox 761 3673 827 3731; x_wconf 86' lang='lat' dir='ltr'><em>nec</em></span> <span class='ocrx_word' id='word_1_248' title='bbox 858 3655 941 3757; x_wconf 86' lang='lat' dir='ltr'><em>ipse</em></span> <span class='ocrx_word' id='word_1_249' title='bbox 970 3647 1227 3733; x_wconf 73' lang='lat' dir='ltr'><em>versutissimi</em></span> <span class='ocrx_word' id='word_1_250' title='bbox 1251 3654 1359 3733; x_wconf 87' lang='lat' dir='ltr'><em>dacis</em></span> <span class='ocrx_word' id='word_1_251' title='bbox 1389 3665 1473 3734; x_wconf 89' lang='lat' dir='ltr'><em>urle</em></span> <span class='ocrx_word' id='word_1_252' title='bbox 1498 3647 1712 3754; x_wconf 77' lang='lat' dir='ltr'><em>fraudeque</em></span> <span class='ocrx_word' id='word_1_253' title='bbox 1738 3655 2017 3732; x_wconf 81' lang='lat' dir='ltr'><em>circumventus</em></span> 
     </span>
     <span class='ocr_line' id='line_1_29' title="bbox 564 3763 2016 3878; baseline -0.002 -30"><span class='ocrx_word' id='word_1_254' title='bbox 564 3763 764 3869; x_wconf 86' lang='lat' dir='ltr'><em>fuissem,</em></span> <span class='ocrx_word' id='word_1_255' title='bbox 791 3769 842 3848; x_wconf 90' lang='lat' dir='ltr'><em>iis</em></span> <span class='ocrx_word' id='word_1_256' title='bbox 869 3771 989 3874; x_wconf 82' lang='lat' dir='ltr'><em>copiis</em></span> <span class='ocrx_word' id='word_1_257' title='bbox 1002 3770 1055 3848; x_wconf 88' lang='lat' dir='ltr'><em>ad</em></span> <span class='ocrx_word' id='word_1_258' title='bbox 1067 3765 1306 3872; x_wconf 73' lang='lat' dir='ltr'><em>defictiouem</em></span> <span class='ocrx_word' id='word_1_259' title='bbox 1316 3785 1391 3878; x_wconf 84' lang='lat' dir='ltr'><em>per</em></span> <span class='ocrx_word' id='word_1_260' title='bbox 1423 3770 1539 3851; x_wconf 87' lang='lat' dir='ltr'><em>dolum</em></span> <span class='ocrx_word' id='word_1_261' title='bbox 1555 3783 1591 3850; x_wconf 87' lang='lat' dir='ltr'><em>et</em></span> <span class='ocrx_word' id='word_1_262' title='bbox 1610 3763 1797 3873; x_wconf 80' lang='lat' dir='ltr'><em>figmenta</em></span> <span class='ocrx_word' id='word_1_263' title='bbox 1812 3771 2016 3853; x_wconf 85' lang='lat' dir='ltr'><em>solicitatis</em></span> 
     </span>
     <span class='ocr_line' id='line_1_30' title="bbox 578 3883 2019 3994; baseline -0.002 -29"><span class='ocrx_word' id='word_1_264' title='bbox 578 3883 841 3987; x_wconf 77' lang='lat' dir='ltr'><em>stellantis,</em></span> <span class='ocrx_word' id='word_1_265' title='bbox 866 3908 1022 3989; x_wconf 84' lang='lat' dir='ltr'><em>quarum</em></span> <span class='ocrx_word' id='word_1_266' title='bbox 1049 3889 1243 3992; x_wconf 78' lang='lat' dir='ltr'><em>praesidio</em></span> <span class='ocrx_word' id='word_1_267' title='bbox 1266 3893 1351 3994; x_wconf 85' lang='lat' dir='ltr'><em>&#39;ipse</em></span> <span class='ocrx_word' id='word_1_268' title='bbox 1367 3886 1459 3966; x_wconf 83' lang='lat' dir='ltr'><em>milri</em></span> <span class='ocrx_word' id='word_1_269' title='bbox 1476 3900 1616 3968; x_wconf 87' lang='lat' dir='ltr'><em>certam</em></span> <span class='ocrx_word' id='word_1_270' title='bbox 1631 3891 1836 3968; x_wconf 87' lang='lat' dir='ltr'><em>victoriam</em></span> <span class='ocrx_word' id='word_1_271' title='bbox 1860 3889 2019 3992; x_wconf 82' lang='lat' dir='ltr'><em>pullice-</em></span> 
     </span>
     <span class='ocr_line' id='line_1_31' title="bbox 576 3999 2023 4112; baseline 0.001 -33"><span class='ocrx_word' id='word_1_272' title='bbox 576 3999 661 4083; x_wconf 84' lang='lat' dir='ltr'><em>bar.</em></span> <span class='ocrx_word' id='word_1_273' title='bbox 696 4001 823 4104; x_wconf 82' lang='lat' dir='ltr'><em>ltaque</em></span> <span class='ocrx_word' id='word_1_274' title='bbox 839 4027 905 4084; x_wconf 89' lang='lat' dir='ltr'><em>ncn</em></span> <span class='ocrx_word' id='word_1_275' title='bbox 922 4009 1021 4083; x_wconf 86' lang='lat' dir='ltr'><em>victi</em></span> <span class='ocrx_word' id='word_1_276' title='bbox 1028 4004 1207 4108; x_wconf 83' lang='lat' dir='ltr'><em>judiciali</em></span> <span class='ocrx_word' id='word_1_277' title='bbox 1225 4022 1355 4112; x_wconf 86' lang='lat' dir='ltr'><em>pugna</em></span> <span class='ocrx_word' id='word_1_278' title='bbox 1380 4011 1636 4106; x_wconf 81' lang='lat' dir='ltr'><em>excessimus,</em></span> <span class='ocrx_word' id='word_1_279' title='bbox 1661 4004 1731 4083; x_wconf 86' lang='lat' dir='ltr'><em>sed</em></span> <span class='ocrx_word' id='word_1_280' title='bbox 1742 4006 1835 4084; x_wconf 91' lang='lat' dir='ltr'><em>elusi</em></span> <span class='ocrx_word' id='word_1_281' title='bbox 1850 4015 1888 4084; x_wconf 85' lang='lat' dir='ltr'><em>et</em></span> <span class='ocrx_word' id='word_1_282' title='bbox 1905 4003 2023 4082; x_wconf 87' lang='lat' dir='ltr'><em>desti·</em></span> 
     </span>
     <span class='ocr_line' id='line_1_32' title="bbox 576 4121 2019 4228; baseline -0.002 -30"><span class='ocrx_word' id='word_1_283' title='bbox 576 4125 679 4220; x_wconf 79' lang='lat' dir='ltr'><em>luti,</em></span> <span class='ocrx_word' id='word_1_284' title='bbox 705 4125 841 4226; x_wconf 82' lang='lat' dir='ltr'><em>quippe</em></span> <span class='ocrx_word' id='word_1_285' title='bbox 872 4127 911 4200; x_wconf 93' lang='lat' dir='ltr'><em>in</em></span> <span class='ocrx_word' id='word_1_286' title='bbox 938 4127 1079 4227; x_wconf 82' lang='lat' dir='ltr'><em>optima</em></span> <span class='ocrx_word' id='word_1_287' title='bbox 1095 4135 1225 4204; x_wconf 85' lang='lat' dir='ltr'><em>nostra</em></span> <span class='ocrx_word' id='word_1_288' title='bbox 1240 4146 1357 4204; x_wconf 91' lang='lat' dir='ltr'><em>causa</em></span> <span class='ocrx_word' id='word_1_289' title='bbox 1375 4137 1579 4227; x_wconf 85' lang='lat' dir='ltr'><em>pancorum</em></span> <span class='ocrx_word' id='word_1_290' title='bbox 1596 4121 1785 4228; x_wconf 84' lang='lat' dir='ltr'><em>judiciaa</em></span> <span class='ocrx_word' id='word_1_291' title='bbox 1806 4122 2019 4228; x_wconf 78' lang='lat' dir='ltr'><em>gymnasiis</em></span> 
     </span>
     <span class='ocr_line' id='line_1_33' title="bbox 576 4233 2019 4348; baseline -0.002 -31"><span class='ocrx_word' id='word_1_292' title='bbox 576 4233 759 4332; x_wconf 85' lang='lat' dir='ltr'><em>bonafide</em></span> <span class='ocrx_word' id='word_1_293' title='bbox 775 4244 999 4338; x_wconf 87' lang='lat' dir='ltr'><em>commissa,</em></span> <span class='ocrx_word' id='word_1_294' title='bbox 1026 4241 1170 4320; x_wconf 87' lang='lat' dir='ltr'><em>easdem</em></span> <span class='ocrx_word' id='word_1_295' title='bbox 1186 4264 1388 4347; x_wconf 79' lang='lat' dir='ltr'><em>magnaeus</em></span> <span class='ocrx_word' id='word_1_296' title='bbox 1412 4251 1529 4347; x_wconf 81' lang='lat' dir='ltr'><em>parte</em></span> <span class='ocrx_word' id='word_1_297' title='bbox 1542 4241 1693 4348; x_wconf 85' lang='lat' dir='ltr'><em>judices</em></span> <span class='ocrx_word' id='word_1_298' title='bbox 1723 4238 1951 4339; x_wconf 78' lang='lat' dir='ltr'><em>babuimus,</em></span> <span class='ocrx_word' id='word_1_299' title='bbox 1981 4243 2019 4315; x_wconf 88' lang='lat' dir='ltr'><em>el</em></span> 
     </span>
     <span class='ocr_line' id='line_1_34' title="bbox 578 4353 2017 4466; baseline -0.003 -29"><span class='ocrx_word' id='word_1_300' title='bbox 578 4359 719 4437; x_wconf 87' lang='lat' dir='ltr'><em>eosdem</em></span> <span class='ocrx_word' id='word_1_301' title='bbox 732 4369 805 4459; x_wconf 81' lang='lat' dir='ltr'><em>per</em></span> <span class='ocrx_word' id='word_1_302' title='bbox 821 4356 1059 4458; x_wconf 81' lang='lat' dir='ltr'><em>quarumdam</em></span> <span class='ocrx_word' id='word_1_303' title='bbox 1075 4353 1281 4452; x_wconf 75' lang='lat' dir='ltr'><em>artificium</em></span> <span class='ocrx_word' id='word_1_304' title='bbox 1292 4363 1618 4464; x_wconf 83' lang='lat' dir='ltr'><em>pertinacissimas</em></span> <span class='ocrx_word' id='word_1_305' title='bbox 1634 4357 1891 4439; x_wconf 85' lang='lat' dir='ltr'><em>aduersarios.</em></span> <span class='ocrx_word' id='word_1_306' title='bbox 1921 4353 2017 4466; x_wconf 84' lang='lat' dir='ltr'><em>Qui·</em></span> 
     </span>
     <span class='ocr_line' id='line_1_35' title="bbox 576 4471 2015 4580; baseline -0.002 -28"><span class='ocrx_word' id='word_1_307' title='bbox 576 4473 647 4552; x_wconf 81' lang='lat' dir='ltr'><em>lus</em></span> <span class='ocrx_word' id='word_1_308' title='bbox 662 4472 813 4576; x_wconf 85' lang='lat' dir='ltr'><em>rejectis</em></span> <span class='ocrx_word' id='word_1_309' title='bbox 830 4473 881 4551; x_wconf 86' lang='lat' dir='ltr'><em>ad</em></span> <span class='ocrx_word' id='word_1_310' title='bbox 903 4478 1072 4550; x_wconf 86' lang='lat' dir='ltr'><em>sanctius</em></span> <span class='ocrx_word' id='word_1_311' title='bbox 1088 4475 1259 4554; x_wconf 88' lang='lat' dir='ltr'><em>tribunal</em></span> <span class='ocrx_word' id='word_1_312' title='bbox 1265 4481 1561 4580; x_wconf 83' lang='lat' dir='ltr'><em>provocavimus</em></span> <span class='ocrx_word' id='word_1_313' title='bbox 1578 4530 1593 4577; x_wconf 87' lang='lat'>,</span> <span class='ocrx_word' id='word_1_314' title='bbox 1612 4471 1850 4568; x_wconf 84' lang='lat' dir='ltr'><em>firmioribus</em></span> <span class='ocrx_word' id='word_1_315' title='bbox 1868 4484 1907 4553; x_wconf 87' lang='lat' dir='ltr'><em>et</em></span> <span class='ocrx_word' id='word_1_316' title='bbox 1932 4493 2015 4552; x_wconf 77' lang='lat' dir='ltr'><em>can-</em></span> 
     </span>
     <span class='ocr_line' id='line_1_36' title="bbox 578 4581 2013 4698; baseline -0.001 -29"><span class='ocrx_word' id='word_1_317' title='bbox 578 4587 824 4670; x_wconf 85' lang='lat' dir='ltr'><em>stantioribns</em></span> <span class='ocrx_word' id='word_1_318' title='bbox 841 4581 996 4669; x_wconf 78' lang='lat' dir='ltr'><em>auxiliis</em></span> <span class='ocrx_word' id='word_1_319' title='bbox 1013 4595 1148 4692; x_wconf 83' lang='lat' dir='ltr'><em>asari,</em></span> <span class='ocrx_word' id='word_1_320' title='bbox 1183 4606 1220 4670; x_wconf 87' lang='lat' dir='ltr'><em>et</em></span> <span class='ocrx_word' id='word_1_321' title='bbox 1254 4591 1472 4696; x_wconf 79' lang='lat' dir='ltr'><em>hispanim</em></span> <span class='ocrx_word' id='word_1_322' title='bbox 1488 4616 1537 4672; x_wconf 85' lang='lat' dir='ltr'><em>en</em></span> <span class='ocrx_word' id='word_1_323' title='bbox 1569 4597 1735 4698; x_wconf 82' lang='lat' dir='ltr'><em>ipsarum</em></span> <span class='ocrx_word' id='word_1_324' title='bbox 1766 4592 2013 4674; x_wconf 83' lang='lat' dir='ltr'><em>adversaria·</em></span> 
     </span>
     <span class='ocr_line' id='line_1_37' title="bbox 576 4705 2006 4822; baseline -0.006 -32"><span class='ocrx_word' id='word_1_325' title='bbox 576 4731 659 4790; x_wconf 90' lang='lat' dir='ltr'><em>rum</em></span> <span class='ocrx_word' id='word_1_326' title='bbox 672 4731 798 4812; x_wconf 84' lang='lat' dir='ltr'><strong>grege.</strong></span> <span class='ocrx_word' id='word_1_327' title='bbox 817 4705 921 4786; x_wconf 84' lang='lat' dir='ltr'><em>Nau</em></span> <span class='ocrx_word' id='word_1_328' title='bbox 933 4725 1139 4822; x_wconf 85' lang='lat' dir='ltr'><em>paucorum</em></span> <span class='ocrx_word' id='word_1_329' title='bbox 1151 4766 1164 4814; x_wconf 90' lang='lat'>‚</span> <span class='ocrx_word' id='word_1_330' title='bbox 1178 4711 1245 4794; x_wconf 91' lang='lat' dir='ltr'><em>vel</em></span> <span class='ocrx_word' id='word_1_331' title='bbox 1263 4715 1395 4818; x_wconf 83' lang='lat' dir='ltr'><em>potius</em></span> <span class='ocrx_word' id='word_1_332' title='bbox 1411 4714 1519 4793; x_wconf 89' lang='lat' dir='ltr'><em>nnius</em></span> <span class='ocrx_word' id='word_1_333' title='bbox 1534 4715 1732 4816; x_wconf 80' lang='lat' dir='ltr'><em>iniquitate</em></span> <span class='ocrx_word' id='word_1_334' title='bbox 1749 4767 1761 4815; x_wconf 89' lang='lat'>‚</span> <span class='ocrx_word' id='word_1_335' title='bbox 1779 4722 1817 4792; x_wconf 86' lang='lat' dir='ltr'><em>el</em></span> <span class='ocrx_word' id='word_1_336' title='bbox 1839 4725 2006 4814; x_wconf 85' lang='lat' dir='ltr'><em>qnorum·</em></span> 
     </span>
    </p>
   </div>
   <div class='ocr_carea' id='block_1_3' title="bbox 615 4823 2001 5038">
    <p class='ocr_par' dir='ltr' id='par_1_5' title="bbox 615 4823 2001 5038">
     <span class='ocr_line' id='line_1_38' title="bbox 1918 4823 2001 4905; baseline -0.06 0"><span class='ocrx_word' id='word_1_337' title='bbox 1918 4823 2001 4905; x_wconf 81' lang='lat' dir='ltr'><em>clam</em></span> 
     </span>
     <span class='ocr_line' id='line_1_39' title="bbox 615 4961 902 5038; baseline 0.01 -18"><span class='ocrx_word' id='word_1_338' title='bbox 615 4981 631 5020; x_wconf 77' lang='lat' dir='ltr'><em>s</em></span> <span class='ocrx_word' id='word_1_339' title='bbox 674 4961 778 5038; x_wconf 80' lang='lat' dir='ltr'><em>Epist.</em></span> <span class='ocrx_word' id='word_1_340' title='bbox 792 4961 902 5023; x_wconf 87' lang='lat' dir='ltr'><strong>LXIX.</strong></span> 
     </span>
    </p>
   </div>
   <div class='ocr_carea' id='block_1_4' title="bbox 0 0 2224 5984">
    <p class='ocr_par' dir='ltr' id='par_1_6' title="bbox 0 0 2224 5984">
     <span class='ocr_line' id='line_1_40' title="bbox 0 0 2224 5984; baseline 0 0"><span class='ocrx_word' id='word_1_341' title='bbox 0 0 2224 5984; x_wconf 95' lang='lat' dir='ltr'><em> </em></span> 
     </span>
    </p>
   </div>
  </div>
 </body>
</html>
