4298 5980
580 432 817 516 CAROLI
860 431 912 514 v.
952 433 1071 514 ΗΒ.
1113 429 1252 512 v111.
1516 411 1603 526 267

187 586 430 696 rationibus
466 583 757 707 anteferrent,
788 621 831 688 et
867 572 1209 690 contumeliosos
1248 580 1442 688 illatis
1412 587 1541 731 signis
1571 589 1643 692 ul-

185 739 468 840 ciscerentur.
505 734 587 834 Sed
623 730 928 834 Philibertus
917 771 966 833 m
1002 728 1085 830 hac
1122 755 1267 834 rerum
1304 730 1542 874 iniquitate
1579 770 1643 844 ιι

185 919 274 1024 que
318 876 572 982 discrimine
615 915 901 978 communem
944 885 1269 978 Germanorum
1311 877 1467 978 ducem
1520 915 1642 1014 cete7

183 1063 346 1166 rosque
380 1022 626 1166 primorum
660 1020 871 1124 ordinum
907 1014 1146 1163 praefectos
1182 1020 1237 1122 ad
1275 1059 1318 1119 se
1355 1057 1508 1146 vocat,
1529 1059 1643 1124 eta-

182 1170 279 1312 pud
315 1208 390 1272 eos
427 1163 561 1270 verba
595 1159 749 1266 facit
737 1203 784 1266 tn
819 1164 936 1266 hunc
972 1203 1164 1266 maxtme
1202 1164 1420 1264 modum.
1628 1263 1632 1271 ,

255 1319 426 1416 XXXI.
502 1317 744 1472 „Magnus
780 1309 1004 1429 dolor,
962 1308 1047 1410 vrri
1083 1306 1321 1428 Germani,
1362 1345 1644 1452 magnusque

185 1534 217 1579 „
231 1492 409 1558 moeror
443 1489 597 1556 mcum
632 1452 835 1554 animum
870 1452 1139 1594 occupavit,
1182 1493 1277 1596 quo
1314 1493 1387 1554 me
1424 1453 1644 1558 discrimi-

184 1600 298 1720 „nis
334 1635 379 1702 et
414 1596 672 1699 calamitatis
706 1592 887 1700 fortuna
921 1598 1208 1740 compulerit,
1246 1631 1561 1740 reputantem,
1600 1633 1645 1700 et

186 1741 361 1866 „rebus
396 1743 546 1844 Caroli
581 1741 777 1846 Caesaris
812 1777 992 1885 propter
1027 1742 1293 1844 discordiam
1334 1779 1529 1843 metuere
1570 1741 1643 1874 in·

185 1963 218 2008 „
233 1921 520 2028 timentem,
556 1924 669 2026 quae
712 1926 777 1988 res
820 1890 876 1986 ad
918 1885 1005 1986 hoc
1048 1921 1224 2026 tempus
1267 1919 1430 1986 vestrae
1472 1885 1642 2047 gentis,

186 2069 371 2170 „quam
407 2067 494 2170 ego
530 2064 705 2267 semper
732 2027 851 2127 colui
897 2062 941 2127 er
981 2062 1159 2169 propter
1204 2028 1545 2170 singularem
1504 2067 1644 2130 νιιιιι-

186 2251 219 2293 „
237 2209 328 2274 tem
364 2171 536 2291 amavi,
575 2170 796 2312 simulque
832 2169 1138 2333 Hispanorum
1173 2167 1260 2270 fide
1297 2205 1341 2270 et
1378 2172 1643 2293 virtute,i

186 2392 219 2437 „
233 2349 414 2477 temque
449 2314 688 2416 concordia
723 2351 767 2416 et
802 2312 997 2417 amicitia
1032 2347 1242 2415 steterunt
1281 2354 1331 2414 ac
1373 2315 1642 2423 florueruntt

187 2458 413 2599 „inquo
449 2495 548 2560 mea
589 2455 677 2558 hoc
723 2459 915 2560 deterior
956 2493 1061 2577 est,
1100 2495 1236 2598 quam
1272 2457 1438 2560 ducum
1475 2492 1644 2559 cetero

185 2678 217 2722 „
233 2636 331 2704 tum
382 2601 582 2702 conditio
632 2636 676 2702 ct
725 2601 959 2744 praecipua
1008 2599 1272 2720 calamitas,
1317 2602 1442 2742 quod
1477 2636 1643 2705 ceteros

185 2743 281 2865 „in
317 2741 517 2884 periculis
552 2780 688 2884 atque
723 2783 864 2848 terum
900 2744 1161 2886 iniquitate,
1190 2783 1373 2846 suorum
1408 2741 1495 2845 fide
1531 2785 1644 2848 con-

184 2886 475 3028 ‚,cordiaquc
511 2888 713 2989 animum
750 2887 1064 3008 confirmante,
1085 2930 1136 2990 ea
1172 2891 1399 2990 dumtaxat
1435 2927 1536 2990 cura
1572 2930 1644 2992 so

166 3107 176 3162 3
188 3105 225 3154 „
239 3028 406 3149 licitat,
425 3069 481 3132 ne
516 3026 574 3131 ab
608 3027 808 3134 hostibus
843 3032 912 3132 vel
948 3070 1027 3174 per
1061 3031 1235 3134 insidias
1270 3031 1531 3172 capiantur,
1571 3033 1643 3134 vel

190 3249 223 3294 „
239 3169 414 3274 rebus
401 3174 651 3317 improvisis
685 3213 761 3278 aut
802 3176 1081 3340 inexploratis
1116 3217 1191 3278 sua
1231 3176 1475 3278 temeritate
1514 3215 1643 3318 supe

190 3391 221 3439 „
237 3353 404 3420 renntt:
427 3357 502 3418 me
538 3318 679 3420 multa
713 3320 981 3438 solicitant
970 3360 1020 3422 m
1055 3319 1142 3420 hoc
1185 3313 1449 3420 difficillimo
1491 3317 1644 3446 bello,

191 3459 287 3580 „in
323 3471 445 3594 cujus
480 3459 734 3565 discrimine
769 3464 987 3586 maxima,
1022 3463 1060 3565 si
1092 3500 1294 3627 unquam
1335 3462 1463 3586 alias,
1498 3501 1645 3566 rerum

191 3640 470 3723 „momenta
506 3643 730 3708 versantur
754 3610 1029 3770 ‚agiturque
1069 3609 1204 3709 totius
1244 3605 1389 3709 Italiae
1424 3606 1646 3770 quidquid

188 3749 383 3864 „Caroli
417 3750 613 3851 Caesaris
649 3749 828 3852 ditionis
864 3786 927 3853 est
961 3750 1230 3893 imperium3
1257 3749 1371 3850 mihi
1395 3750 1515 3852 enim
1550 3789 1644 3852 non

187 3889 381 4004 „solum
415 3888 612 3995 hostiurn
646 3895 875 3996 Gallorum
910 3896 1215 4014 multitudini,
1234 3927 1279 3992 et
1314 3891 1472 3994 hatum
1506 3894 1644 4038 regio·

186 4068 347 4152 „num
381 4072 545 4175 magno
582 4037 631 4136 in
665 4076 863 4142 nostram
898 4038 1167 4199 perniciem
1175 4037 1406 4137 consensui
1438 4032 1646 4138 obsisten-

187 4174 344 4292 „dum
379 4212 442 4278 est
477 4216 525 4279 m
560 4211 683 4279 tanta
717 4222 861 4285 rerum
906 4219 1111 4282 ommum
1154 4178 1350 4322 inopia,
1393 4180 1467 4280 sed
1510 4180 1644 4283 etiam

188 4391 222 4436 „
236 4355 338 4418 curn
374 4356 577 4421 meorum
611 4322 808 4483 militum
843 4324 1084 4466 perniciosa
1120 4325 1362 4425 temeritate
1388 4325 1646 4484 depugnan-

187 4533 220 4581 „
237 4462 344 4562 dum
360 4462 478 4625 ,qui
511 4462 689 4597 injurias
725 4503 767 4570 et
804 4467 1129 4569 contumelias
1119 4508 1168 4569 m
1200 4465 1554 4585 commilitones,
1575 4500 1646 4568 ar-

189 4677 220 4723 „
235 4642 323 4743 que
357 4606 492 4706 etiarn
527 4607 575 4710 in
610 4605 851 4776 praefoctos
886 4608 1042 4714 inferre
1077 4649 1171 4714 non
1190 4611 1432 4726 desistunt,
1453 4648 1497 4710 et
1522 4609 1648 4752 quod

190 4819 222 4862 ,ι
238 4749 441 4855 omnium
476 4787 539 4896 est
574 4755 928 4895 gravissimum,
986 4755 1240 4857 domesticas
1282 4752 1456 4857 msrdias
1510 4751 1648 4894 perfi-

1142 4895 1233 4996 Lla
1468 4897 1653 5018 „diam-
