4294 5984
573 495 653 586 104
967 485 1051 570 nn
1096 482 1309 563 uenus
1357 475 1580 560 Gnsrrs

518 647 720 770 desistit,
756 679 978 788 castraque
1015 672 1193 742 movet.
1233 625 1453 740 Beltranus
1490 629 1546 732 ab
1570 623 1872 735 Alfarcnsibus
1908 673 1991 781 op

519 796 629 936 pido
664 833 771 914 suo,
816 790 940 932 quod
982 783 1114 885 hostis
1157 815 1301 923 petere
1351 775 1617 896 videbatur,
1659 777 1989 904 metuentibus,

521 978 601 1081 per
637 938 796 1041 litteras
833 967 876 1032 et
912 928 1124 1047 nuntios,
1162 961 1211 1025 ut
1248 920 1444 1028 subsidio
1482 917 1567 1021 sibi
1602 920 1796 1043 veniret,
1833 963 1988 1030 exora-

520 1119 587 1183 tus
624 1117 717 1198 est,
761 1114 803 1178 et
848 1116 941 1218 quo
988 1069 1311 1189 securioribus,
1361 1104 1442 1165 nec
1492 1061 1777 1204 opinantibus
1818 1068 1985 1194 Gallis,
2132 1079 2133 1128 r

521 1223 603 1367 qui
638 1222 788 1327 medio
818 1220 972 1320 itinere
1009 1214 1322 1332 constiterant,
1360 1204 1583 1329 transiret,
1619 1208 1763 1310 multo
1792 1219 1885 1344 jam
1916 1216 1985 1316 dic

519 1361 770 1512 profectum
823 1397 1028 1504 sextaque
1068 1353 1160 1459 fere
1202 1355 1309 1456 hora
1351 1349 1545 1455 fervente
1588 1350 1675 1452 sole
1709 1353 1824 1489 (ctat
1867 1357 1985 1460 enim

522 1512 684 1615 mensis
722 1510 893 1646 Julius)
929 1542 1064 1606 castra
1100 1536 1466 1645 praetergressus,
1502 1493 1681 1597 nemine
1722 1497 1806 1599 iter
1841 1537 1985 1604 remo-

523 1693 676 1777 tante,
713 1654 831 1798 prius
868 1689 970 1752 curn
1007 1648 1093 1749 suis
1119 1638 1320 1744 Alfarum
1355 1642 1543 1742 intactus
1580 1639 1814 1782 pervenit,
1851 1684 1983 1786 quam

522 1800 652 1942 plane
687 1796 829 1899 hostes
866 1794 976 1937 quid
1013 1791 1076 1891 rei
1112 1823 1330 1932 gereretur
1364 1822 1655 1927 cognoscere,
1691 1823 1902 1928 armaque
1932 1792 1984 1892 ad

523 1980 726 2085 pugnam
762 1938 963 2080 expedire
999 1967 1202 2078 possent:
1241 1931 1322 2071 qui
1357 1927 1471 2028 nihil
1511 1927 1697 2069 amplius
1740 1931 1899 2034 morati
1942 1969 1984 2036 ct

521 2085 571 2188 in
621 2095 868 2187 Navarram
918 2079 1172 2180 interiorem
1216 2072 1358 2216 parvis
1408 2069 1636 2174 itineribus
1678 2073 1892 2218 regressi,
1930 2078 1984 2178 ad

523 2225 768 2348 Thaebas,
819 2261 1024 2369 passuum
1071 2219 1182 2323 citra
1230 2215 1548 2360 Pompelonem
1600 2251 1705 2320 octo
1754 2216 2016 2342 nullibus,·

522 2406 658 2473 castra
695 2404 954 2514 posuerunt.

578 2525 672 2617 VII.
726 2514 945 2616 Praesides
979 2547 1129 2614 autem
1163 2505 1401 2654 imperatos
1437 2505 1634 2631 milites,
1671 2547 1861 2656 quorum
1897 2547 1985 2612 un-

520 2657 661 2798 'dique
689 2695 844 2758 manus
870 2659 926 2758 ad
948 2657 1064 2798 ipsos
1088 2657 1396 2779 confluebant,
1433 2655 1718 2799 colligentes,
1754 2657 1802 2757 in
1829 2692 1985 2798 agrum

523 2809 887 2941 Logrogncnsem
923 2800 1291 2943 progrediuntur,
1328 2841 1380 2901 ac
1416 2832 1465 2900 ut
1501 2797 1668 2901 bellum
1703 2799 1752 2900 in
1787 2807 1985 2900 Navarra

525 2944 767 3083 gerendum
793 2941 927 3045 abeo
952 2945 1230 3086 potissimum
1256 2943 1551 3045 administrari
1576 2944 1826 3063 videretur,
1850 2981 1983 3085 quern

525 3083 703 3190 Carolus
741 3096 832 3224 ejus
867 3087 1013 3230 Regni
1048 3087 1348 3229 procurationi
1388 3126 1577 3228 praeesse
1620 3087 1850 3206 voluerat,
1886 3099 1982 3187 Du-

526 3267 622 3329 cem
658 3239 946 3365 Najarensem
980 3232 1117 3372 copiis
1153 3231 1356 3332 omnibus
1393 3227 1673 3372 praeficiunt.
1716 3241 1844 3346 Quae
1879 3267 1978 3327 cau-

527 3409 572 3470 sa
604 3365 718 3492 fuit,
756 3409 807 3474 ut
841 3383 990 3474 Petrus
1026 3375 1229 3477 Velascus
1264 3373 1407 3474 Farius
1444 3383 1608 3475 Comes
1644 3373 1834 3474 domum
1870 3370 1981 3470 redi-

526 3550 622 3635 ret,
658 3556 712 3619 ne
745 3519 938 3656 privatus
973 3515 1089 3620 bello
1123 3517 1372 3634 interesset,
1416 3517 1497 3658 qui
1533 3555 1672 3656 nuper
1707 3516 1757 3618 in
1793 3513 1979 3616 exercitu

527 3695 746 3760 summam
779 3655 958 3804 imperii
994 3660 1222 3762 tenuisset.
1262 3670 1470 3782 Ceterum
1506 3660 1735 3760 Hadriano
1770 3658 1981 3761 Cardine-

527 3802 560 3901 li
596 3803 651 3904 ad
687 3814 980 3948 Logrognum
1015 3840 1293 3922 remanente,
1329 3799 1632 3904 Comestabilis
1676 3837 1718 3905 et
1762 3801 1983 3902 Almiran-

527 3978 594 4044 tus
630 3949 841 4086 praesides
871 3986 962 4050 non
994 3947 1076 4049 sibi
1105 3947 1161 4047 ab
1185 3944 1376 4051 exercitu
1399 3945 1744 4067 discedendum,
1782 3947 1856 4047 secl
1883 3943 1984 4045 bel-

527 4087 620 4188 lum
656 4093 885 4224 communi
921 4091 1105 4194 consilio
1139 4129 1244 4195 cunt
1268 4104 1393 4194 Duce
1417 4093 1646 4225 Najarensi
1681 4089 1983 4190 administren·

527 4233 634 4332 dum
671 4235 1024 4357 constituerunt,
1052 4239 1108 4340 ad
1132 4272 1406 4378 pontemque
1432 4207 1658 4378 Reginc,
1688 4235 1812 4375 quod
1847 4230 1985 4333 castel·

527 4373 621 4476 lurn
655 4418 748 4480 non
785 4381 937 4519 procul
973 4421 999 4481 a
1035 4382 1175 4482 castris
1211 4378 1406 4482 hostiurn
1442 4379 1623 4501 aberat,
1668 4377 1844 4478 celerius
1883 4375 1982 4473 illo-

528 4555 629 4620 tum
666 4523 879 4669 opinione
915 4525 1129 4666 progressi
1171 4527 1496 4643 consederunt,
1539 4561 1643 4623 cum
1684 4533 1775 4656 jam
1814 4555 1985 4620 nostro-

528 4699 629 4762 rum
666 4665 872 4766 exercitus
907 4668 961 4766 ad
997 4665 1200 4806 peditum
1238 4665 1520 4805 quindecim,
1557 4667 1762 4808 equitum
1789 4703 1896 4764 vero
1924 4701 1990 4760 ca·
2136 4709 2137 4724 Ν

529 4801 859 4948 taphractorum
885 4810 976 4912 duo
1006 4807 1166 4930 millia,
1198 4843 1241 4911 et
1268 4845 1514 4915 armaturae
1541 4810 1716 4915 levioris
1753 4809 1875 4911 mille
1908 4839 1991 4948 pet·
2136 4921 2137 4952 ι

1914 4986 1991 5050 ve·
2136 5005 2137 5010 κ
