4294 5984
570 505 821 588 CAROLI
864 503 918 587 V·
961 507 1082 586 LIB.
1115 511 1196 588 1V.
1512 531 1584 590 10·1

164 664 368 816 gnovit,
412 683 655 807 suspectam
701 662 866 764 habens
909 669 1211 766 Navarrorum
1257 667 1634 802 inconstantiam,

166 851 365 959 quorum
417 809 650 952 plerosque
694 804 822 910 rebus
863 807 1039 911 Gallicis
1087 848 1131 912 et
1181 817 1319 915 exacti
1361 819 1494 960 Regis
1538 821 1634 924 filio

163 963 340 1062 studere
377 953 570 1075 sciebat,
606 953 841 1096 Sago'viam
879 954 936 1055 ad
978 955 1192 1096 praesides
1239 997 1317 1100 per
1364 1002 1499 1102 equos
1545 966 1637 1066 dis.

163 1104 335 1248 positos
372 1097 690 1242 proficiscitur,
728 1139 890 1238 eosque
920 1099 974 1198 de
1002 1097 1231 1198 Gallorum
1258 1103 1449 1205 adventu
1473 1144 1519 1206 et
1540 1117 1634 1210 Na-

161 1286 319 1352 varrae
355 1242 554 1387 periculo
591 1242 797 1343 certiores
835 1236 973 1364 facit,
1011 1280 1231 1386 rogatque
1274 1283 1318 1346 et
1362 1245 1638 1378 obtestatur,

160 1429 245 1513 ut,
279 1388 460 1532 quando
489 1387 581 1527 ipse
605 1421 912 1486 veteranarum
942 1385 1195 1488 cohortium
1232 1391 1446 1531 praesidio
1482 1437 1635 1502 eorum

160 1574 292 1637 causa
345 1543 549 1672 jussuque
606 1530 882 1651 destitutus,
935 1540 1130 1632 Navarra
1187 1534 1406 1638 discedere
1459 1576 1635 1646 coactus

161 1675 344 1798 fuisset,
381 1710 651 1780 maturarent
698 1675 836 1775 iidem
878 1675 1112 1778 eriercitum
1155 1677 1410 1804 conficere,
1455 1693 1633 1787 Navar-

161 1862 348 1965 ramque
384 1820 589 1939 mittere,
619 1859 711 1962 quo
746 1852 893 1959 posset
919 1817 1051 1921 Gallis
1087 1819 1422 1927 adventantibus
1458 1827 1611 1932 obsisti
1619 1901 1633 1934 .-

157 1967 402 2086 Praesides,
439 1963 604 2064 nuntiis
645 1999 775 2102 atque
814 1961 967 2062 litteris
1009 1962 1057 2060 in
1092 2002 1243 2067 omnes
1278 1968 1487 2075 Castellae
1522 2012 1628 2115 par-

159 2146 225 2212 tes
260 2111 370 2212 citra
405 2105 657 2246 Orospedae
692 2113 827 2248 juga,
869 2117 1141 2245 Carpetanos
1182 2150 1208 2209 a
1251 2113 1481 2221 Celtiberis
1518 2125 1629 2220 Are.

159 2255 371 2395 vacisque
409 2287 451 2353 et
489 2246 760 2354 Vettonibus
797 2246 1048 2349 dirimentis
1060 2325 1075 2368 ,
1111 2287 1154 2348 et
1186 2261 1410 2356 Navarrae
1444 2262 1630 2400 propin-

164 2439 277 2539 quas
314 2395 512 2536 regiones
550 2393 764 2513 dimissis,
801 2393 988 2494 delectus
1026 2390 1179 2493 haberi
1217 2396 1407 2528 jubent3
1443 2440 1493 2497 ac
1533 2405 1630 2541 pri-

158 2579 293 2640 mum
328 2537 533 2639 omnium
567 2534 760 2637 Michael
789 2549 957 2639 Ferrera
986 2529 1224 2682 praefectus
1252 2541 1360 2639 arcis
1400 2546 1628 2686 Pompelo

161 2683 338 2803 nensis,
374 2723 510 2825 quem
546 2682 655 2785 inter
691 2682 815 2784 initia
851 2682 1061 2786 tumultus
1098 2681 1317 2825 popularis
1351 2697 1455 2788 Dux
1492 2696 1630 2826 Naja-

159 2828 294 2928 rensis
326 2867 455 2928 curae
491 2865 535 2927 et
570 2827 941 2929 administrationi
976 2864 1305 2929 tormentorum
1344 2825 1628 2969 praefecerat,

128 2999 205 3072 'et
239 3013 344 3074 cum
379 2969 591 3074 veteranis
627 2968 880 3073 cohortibus
913 2972 1078 3073 auxilio
1123 2971 1378 3111 proceribus
1416 2973 1627 3099 miserat,

158 3116 477 3258 Pompelonem
513 3154 741 3258 properare
769 3151 812 3217 et
843 3155 986 3217 arcem
1015 3115 1229 3260 praesidio
1259 3114 1436 3218 firmare
1460 3155 1510 3217 ac
1546 3121 1628 3220 de-

159 3254 338 3362 fendere
359 3261 364 3272 ’
372 3255 575 3396 jubetur.
614 3271 716 3363 Dux
751 3296 900 3364 autem
934 3262 1026 3402 ipse
1066 3297 1144 3398 per
1180 3298 1339 3402 paucos
1375 3261 1468 3362 dies
1503 3272 1630 3408 Sago⁴

156 3403 264 3505 uiae
300 3441 519 3525 moratus,
554 3404 796 3546 regreditur
833 3407 967 3507 etad
1010 3411 1261 3505 Navarrete
1306 3444 1405 3505 suae
1446 3405 1633 3508 ditionis

162 3548 420 3670 castellum,
465 3586 669 3691 passuum
711 3584 816 3649 octo
858 3543 1053 3649 millibus
1094 3588 1120 3646 a
1162 3557 1444 3693 Logrogn0,
1484 3549 1630 3651 consi*

159 3692 271 3812 stit,
303 3698 425 3835 quod
462 3692 680 3833 oppidum
719 3728 782 3792 est
816 3692 872 3791 ad
906 3690 1019 3792 Iberi
1053 3691 1196 3834 ripam
1230 3693 1277 3793 in
1314 3691 1510 3793 confinio
1534 3703 1628 3793 Ca*

160 3835 309 3938 stellae
345 3873 389 3940 et
415 3843 640 3938 Navarrae
675 3835 877 3980 proxime
913 3876 1016 3940 eum
1051 3836 1232 3958 locum,
1267 3833 1348 3937 ubi
1382 3834 1492 3936 olim
1526 3833 1632 3940 urbs

159 3978 299 4079 Varia
333 3975 443 4085 firit.

237 4129 304 4221 ΙΙΙ.
380 4134 487 4264 Jam
523 4128 661 4249 Galli,
697 4141 921 4270 Pyrenaeo
955 4161 1185 4270 superato,
1221 4131 1463 4227 Navarram
1498 4123 1630 4228 inva-

163 4298 339 4384 serant,
374 4303 419 4368 et
454 4307 559 4369 cum
594 4307 732 4374 cetera
778 4271 871 4374 fere
915 4275 1006 4373 sine
1052 4271 1364 4391 contentione,
1413 4305 1632 4412 quocum·-

160 4448 253 4550 que
291 4409 587 4532 accessissent,
624 4448 721 4516 tum
757 4416 898 4556 ipsam
934 4415 1254 4557 Pompelonem
1289 4412 1445 4514 urbem
1481 4407 1633 4554 Regni

109 4577 294 4691 *caput
336 4593 684 4694 occupaverant.
734 4567 859 4660 Nam
907 4558 1071 4659 milites
1114 4559 1285 4660 circiter
1329 4549 1633 4700 septingenti,

156 4695 242 4836 qui
280 4691 451 4798 firerant
489 4739 564 4840 per
600 4700 767 4844 oppida
810 4701 859 4803 in
904 4702 1166 4843 praesidium
1212 4701 1443 4840 dispositi,
1486 4697 1637 4802 Gallo-

153 4875 262 4940 rum
304 4841 579 4946 multitudini
622 4885 666 4946 se
708 4877 832 4989 pares
872 4884 961 4946 esse
1002 4883 1096 4945 non
1138 4883 1269 4987 posse
1309 4841 1638 4988 intelligentes,
