4326 5986
577 503 822 586 esrom
860 505 911 585 v.
956 473 1079 585 ιιι.
1112 507 1202 586 xv
1512 512 1602 606 457

173 699 310 806 pestas
346 664 503 803 paulo
517 661 804 762 commodior
840 661 971 760 ad
939 701 1086 764 arnum
1123 661 1455 766 Narbonensem
1486 669 1633 804 proxi

172 846 253 910 mo
308 817 490 939 trajectu
554 806 603 907 in
654 805 947 968 Hispaniam
969 811 1277 908 transcundum
1336 846 1631 947 exspectatur,

173 988 277 1049 nam
312 987 438 1050 oram
473 949 650 1089 legere,
689 987 791 1050 cum
828 951 978 1052 omnia
1014 967 1151 1053 essent
1199 948 1410 1071 hostilia,
1448 955 1629 1054 temeri-

132 1095 134 1098 ’
172 1091 272 1190 tatis
310 1132 398 1191 esse
433 1091 702 1198 videbatur3
740 1092 910 1194 timoris
955 1131 1035 1192 nec
1070 1133 1158 1193 una
1201 1130 1326 1212 erat,
1368 1133 1448 1193 nec
1494 1134 1627 1233 parva

170 1273 320 1342 causas
357 1273 460 1334 nam
497 1235 546 1332 in
582 1269 714 1374 portu
748 1235 1006 1334 Massiliensi
1048 1236 1241 1337 triremes
1286 1272 1405 1336 etant
1426 1239 1532 1358 ,duo
1568 1240 1624 1338 de

169 1376 379 1516 triginta,
419 1413 463 1477 et
499 1383 746 1475 Turcarum
781 1416 851 1478 sex
887 1375 1106 1495 biremes,
1139 1378 1388 1518 dequibus
1422 1413 1519 1478 ante
1556 1381 1623 1481 di·
1721 1403 1765 1526 “K

169 1554 290 1618 ctum
326 1554 420 1644 est,
452 1518 557 1619 vitis
593 1553 638 1618 et
672 1518 801 1618 armis
836 1519 1176 1639 munitissimae,
1208 1555 1423 1658 praeterea
1459 1521 1622 1622 multae

170 1697 299 1760 naves
336 1662 593 1778 onerariae,
620 1697 664 1759 et
699 1662 864 1763 circum
899 1701 950 1760 ea
985 1661 1080 1761 loca
1117 1663 1244 1763 multi
1279 1664 1439 1763 milites
1473 1662 1622 1798 hyber

166 1799 359 1903 nabant.
399 1801 725 1903 Metuebatur
712 1802 876 1940 agitur,
914 1842 994 1903 nec
1028 1805 1142 1904 id
1112 1843 1204 1904 stne
1238 1843 1397 1966 magna
1434 1806 1622 1926 ratione,

165 1983 220 2042 ne
257 1956 353 2045 Rex
388 1945 588 2083 despecta
621 1979 873 2042 nostrorum
908 1981 1001 2042 non
1035 1948 1176 2044 modo
1210 1948 1523 2086 navigiorum,
1544 1951 1621 2049 sed

165 2086 360 2184 militurn
397 2085 529 2184 etiarn
574 2084 791 2224 paucitate
827 2085 877 2184 in
923 2124 1075 2186 omnes
1111 2126 1280 2209 naves,
1320 2127 1433 2228 quae
1486 2128 1619 2228 portu

166 2228 426 2328 Massiliensi
461 2226 866 2328 continebantur
815 2227 1068 2368 ,imposito
1096 2225 1325 2371 frequente
1361 2229 1530 2349 milite,
1551 2271 1621 2333 eas

166 2409 270 2470 cum
305 2362 522 2510 praefecto
558 2372 614 2469 ad
650 2405 843 2470 nostram
877 2369 1053 2470 classem
1090 2372 1437 2513 oppugnandam
1464 2373 1620 2472 mitte

167 2548 264 2618 rets
252 2551 452 2652 ,quam
506 2513 819 2632 occasionem,
863 2513 1031 2613 etiamsi
1080 2509 1195 2614 foret
1244 2552 1336 2653 pan
1389 2514 1619 2673 pugnandi

166 2652 427 2754 conditione
479 2656 814 2774 dimicandum,
853 2690 1034 2775 tamen,
1074 2695 1177 2756 cum
1212 2691 1305 2756 tarn
1348 2654 1531 2796 disparia
1574 2692 1618 2756 et

165 2797 362 2934 praemia
398 2795 664 2916 victoribus,
698 2833 742 2896 ct
777 2730 1012 2898 damna
970 2797 1096 2902 vittis
1126 2803 1497 2956 proponerentur,
1523 2835 1618 2898 non

167 2977 254 3039 esse
289 2980 314 3038 a
350 2951 474 3080 Rege
509 2941 869 3080 praetereundam
894 2979 1046 3040 omnes
1080 2939 1361 3070 judicabant,
1388 2978 1438 3036 ac
1462 2976 1510 3036 ιιι
1535 2936 1618 3075 pris

165 3079 250 3177 mis
284 3082 375 3219 ipse
411 3083 631 3193 Carolus
674 3122 808 3243 quem
845 3082 992 3222 paucis
1027 3081 1180 3183 diebus
1216 3118 1316 3182 ante
1353 3081 1616 3198 discessum,

166 3259 296 3341 cum,
333 3219 447 3324 facta
482 3262 527 3322 te
564 3225 789 3343 divinas
777 3263 827 3323 ιιι
862 3263 1027 3324 corona
1063 3223 1314 3364 principum
1349 3221 1616 3320 adstantium

166 3401 310 3463 sermo
337 3365 554 3465 incidisset
581 3368 636 3466 de
665 3367 855 3467 Gallicae
889 3367 1027 3466 classis
1061 3401 1301 3506 apparatu,
1320 3365 1368 3462 in
1392 3361 1504 3460 banc
1530 3402 1615 3461 vo·-

166 3543 263 3606 cem
306 3544 668 3676 prommpcntem
708 3547 794 3649 ego
840 3507 1016 3608 audivi:
1068 3515 1117 3612 Si
1152 3515 1271 3627 oirr‘,
1305 3503 1512 3644 inquit,
1509 3531 1614 3602 sunt

165 3650 265 3765 isti,
302 3655 373 3750 buc
405 3661 561 3752 uenient
595 3657 742 3750 adnot
770 3653 914 3783 praelio
954 3651 1237 3749 lacessendum.

242 3799 348 3890 XX.
420 3792 591 3891 Haec
578 3793 713 3932 igitur
747 3791 889 3952 gravis
925 3792 1185 3950 exspectatio
1215 3789 1377 3888 multos
1406 3787 1611 3926 angebats

164 3961 261 4030 tum
296 3933 427 4033 matis
470 3934 708 4074 periculum
742 3972 901 4033 ammas
941 3971 1147 4033 ommum
1190 3930 1500 4033 obversabatur
1544 3965 1616 4029 rc

166 4076 443 4231 putantium,
475 4115 580 4175 cum
616 4112 756 4177 cetera
792 4074 979 4175 mala
938 4110 1225 4192 vitarentur,
1264 4109 1409 4172 tamen
1444 4068 1617 4168 alienis

166 4252 280 4312 srmo
316 4253 514 4355 ternpore
558 4218 699 4341 anni,
743 4219 930 4318 instante
967 4218 1035 4318 die
1069 4214 1284 4334 brumae,
1324 4210 1615 4314 saevientibus

166 4357 305 4454 ventis
343 4356 425 4456 sibi
461 4399 547 4456 esse
583 4358 925 4500 navigandum,
956 4395 998 4461 et
1035 4399 1125 4499 quo
1168 4393 1366 4497 tempore
1407 4387 1617 4453 mercato·

165 4534 227 4596 res
265 4500 394 4598 etiam
430 4444 715 4640 cupidissimi
742 4537 785 4600 et
819 4501 1032 4640 desperati
1067 4536 1223 4601 nautae
1265 4495 1465 4600 deterreri
1501 4497 1616 4594 sole·

167 4676 262 4758 ant,
283 4676 326 4739 et
361 4681 492 4742 naves
529 4644 663 4742 etiam
690 4643 912 4744 onerariae
947 4643 994 4745 in
1022 4642 1230 4784 portubus
1265 4638 1511 4755 contineri,
1530 4635 1618 4736 hoc

166 4775 249 4877 sibi
285 4823 369 4881 esse
412 4821 584 4887 vastum
627 4785 772 4888 sinum
812 4821 931 4886 extra
967 4823 1101 4886 terrae
1150 4817 1431 4928 prospectum
1473 4779 1622 4880 conti-

239 4923 407 5026 Tomml
1001 4937 1153 5034 Mmtn
1519 4957 1625 5019 nen·-
