4298 5980
578 479 664 565 ‘180
968 491 1051 571 DE
1085 487 1302 572 REBUS'
1329 485 1548 572 GESTIS

538 686 607 756 rat
644 649 882 754 secundum
918 643 1062 790 ipsum
1098 645 1223 745 inter·
1247 643 1551 748 Caesarianos}
1567 646 1698 745 duces
1741 653 1994 780 auctoritas,

540 798 753 938 exponit,
787 796 841 894 ne
878 793 1016 892 celato
1051 788 1238 891 consilio
1276 789 1323 888 in
1365 789 1539 912 animi,
1583 788 1773 932 fideique
1817 795 1867 896 in
1907 811 1995 903 Ca.

538 943 687 1044 rolum
722 952 947 1039 Caesarem
984 933 1142 1035 dubiae
1187 932 1480 1074 suspicionem
1523 936 1797 1046 incurreret3
1839 979 1993 1047 rursus.-

541 1126 648 1228 que,
674 1124 729 1184 ne
763 1078 1062 1202 comminisci,
1102 1115 1178 1180 aut
1213 1075 1381 1220 fingere
1417 1078 1587 1218 aliquid
1606 1081 1678 1180 'ad
1713 1078 1818 1182 fidei
1855 1127 1990 1191 osten-

540 1229 758 1329 tationem
794 1226 1046 1346 videretur,
1083 1225 1299 1325 rationem
1335 1221 1443 1324 inite
1486 1223 1752 1344 constituit,
1795 1259 1847 1328 ut
1882 1232 1990 1337 idem

539 1371 762 1474 Antonius
798 1381 1047 1472 Moronum
1081 1369 1226 1510 ipsum
1262 1366 1426 1468 eisdem
1457 1366 1663 1470 derebus
1689 1365 1840 1478 secum
1867 1416 1991 1520 agen,

518 1552 631 1622 tem
666 1556 716 1616 ac
754 1515 1034 1618 disserentem
1068 1513 1262 1613 audiret.
1556 1515 1561 1526 ’
1808 1621 1812 1627 Δ

626 1671 686 1762 Χ.
777 1662 851 1764 Ad
887 1661 1007 1761 diem
1041 1659 1173 1801 igitur
1209 1655 1437 1799 colloquio
1473 1655 1644 1758 dictum
1685 1698 1789 1761 cum
1836 1673 1989 1766 Moto-

542 1843 623 1908 nus
656 1806 853 1923 adesset,
881 1803 999 1906 hunc
1034 1798 1239 1904 Marchio
1270 1806 1319 1904 in
1347 1799 1631 1920 cubiculum,
1660 1800 1740 1902 ubi
1763 1809 1863 1946 post
1888 1847 1989 1909 stra-

541 1948 645 2092 gula
681 1948 917 2088 aulaeaque
952 1946 1175 2048 Antonius
1212 1943 1541 2065 occultabatur,
1575 1945 1774 2067 inducit,
1810 1947 1988 2053 submo-

542 2094 687 2235 tisque
730 2092 948 2210 arbitris,
996 2089 1230 2232 pristinum
1277 2089 1552 2231 legationis,
1596 2090 1989 2236 mandatorumque

540 2275 790 2338 sermonem
826 2271 1058 2378 repetunt3
1095 2268 1138 2333 ct
1174 2232 1431 2334 Marchione
1468 2231 1717 2374 diligentius
1768 2277 1821 2336 ex
1863 2238 1989 2338 iudu-

540 2382 640 2480 stria
677 2379 731 2479 de
773 2378 899 2480 rebus
948 2375 1154 2480 omnibus
1204 2412 1515 2516 percontante,
1558 2411 1600 2475 et
1642 2386 1841 2481 Morono
1884 2377 1954 2482 ref
1969 2445 1990 2462 -

540 2559 690 2642 rente,
726 2566 778 2623 ex
826 2561 902 2623 ore
945 2519 1074 2652 hujus
1117 2521 1336 2620 Antonius
1382 2519 1535 2620 omnia
1576 2521 1796 2622 Pontificis
1844 2534 1990 2625 Vene-

541 2701 777 2805 torumque
817 2663 1048 2763 molimina
1090 2699 1150 2794 et3
1178 2665 1383 2765 mandata
1427 2663 1671 2805 cognovit.
1724 2667 1797 2766 Ad
1841 2708 1892 2768 ea
1934 2669 1991 2768 sic

541 2810 769 2952 respondit
802 2806 1040 2931 Marchio,
1078 2843 1128 2907 ut
1164 2808 1463 2909 conditionem
1499 2806 1619 2906 haud
1654 2847 1826 2950 prorsus
1863 2850 1990 2952 asper·

540 2953 635 3053 nari
671 2953 919 3078 videretur,
956 2993 999 3051 se
1035 2988 1185 3052 tamen
1222 2954 1280 3052 ad
1316 2950 1642 3054 deliberandum
1689 2955 1750 3054 de·
1788 2991 1833 3054 re
1877 2990 1989 3058 tanta

540 3096 728 3238 spatium
763 3134 1011 3198 sumturum
1047 3137 1134 3196 esse
1171 3094 1312 3196 dixit.
1354 3221 1360 3230 ι

556 3299 559 3306 =
631 3252 707 3342 XI.
795 3242 868 3342 Ad
909 3239 1026 3339 hunc
1067 3241 1256 3342 ¹modum
1298 3241 1352 3340 de
1395 3237 1623 3342 conatibus
1656 3242 1986 3344 Foederatorum

509 3383 749 3485 ¹edoctum
790 3384 1039 3485 Antonium
1081 3383 1286 3484 Marchio
1328 3384 1377 3484 in
1420 3385 1701 3486 consiliorum
1745 3386 1987 3487 societatem

543 3523 783 3648 adsciscit,
826 3568 876 3626 ac
918 3527 1129 3630 Carolum
1172 3539 1403 3628 Caesarem
1444 3532 1498 3629 de
1541 3530 1704 3630 cunctis
1747 3528 1876 3630 rebus
1921 3569 1988 3672 per

538 3667 699 3772 litteras
735 3669 962 3772 certiorem
996 3666 1135 3795 facit,
1171 3708 1214 3771 et
1251 3673 1361 3813 quid
1398 3671 1494 3774 fieti
1531 3673 1657 3792 velit,
1694 3673 1906 3813 exquirit.
1938 3675 1989 3773 11-

535 3811 603 3932 le,
642 3814 728 3918 fide
763 3815 1082 3958 prudentiaque
1119 3815 1387 3916 Marchionis
1424 3816 1624 3956 laudata,
1669 3855 1844 3960 pergere
1895 3855 1989 3918 eum

537 3955 661 4087 jubet
696 3999 771 4100 spe
806 3957 1066 4062 defectionis.
1099 3959 1295 4060 animum
1333 3959 1557 4060 Pontificis
1595 3959 1809 4079 eludere,
1844 4001 1899 4060 ac
1942 4003 1988 4060 ο-

536 4101 656 4201 mnia
693 4103 871 4204 consilia
901 4107 1239 4205 Foederatorum
1267 4103 1489 4244 explorare
1500 4183 1516 4226 ,
1549 4141 1593 4205 et
1617 4105 1849 4246 praecipue
1875 4117 1987 4203 Fran·

534 4244 669 4346 riscus
693 4242 853 4346 Sfortia
889 4248 999 4388 quid
1035 4249 1266 4369 moliatur,
1295 4247 1552 4368 observare,
1575 4247 1693 4350 hunc
1730 4247 1875 4368 enim,
1911 4283 1991 4346 tan·

532 4417 581 4483 to
617 4429 696 4487 suo
733 4390 948 4494 beneficio
984 4430 1121 4534 nuper
1156 4394 1442 4524 deuinctum,
1484 4387 1594 4494 falso
1635 4394 1746 4498 inter
1788 4400 1989 4522 conjura-

432 4565 433 4568 ‘
533 4563 600 4626 tos
640 4535 920 4633 nominatum
956 4535 1166 4671 putabat.
1642 4541 1647 4550 ’
1718 4569 1756 4665 J

507 4729 511 4736 =
603 4683 699 4775 XII.
774 4685 968 4779 Reverso
1010 4680 1065 4779 ad
1107 4681 1227 4781 diem
1268 4691 1511 4803 Morono,
1551 4720 1595 4787 et
1640 4681 1749 4824 quid
1788 4675 1993 4780 Marclrio

530 4816 776 4944 statuisset,
818 4822 1060 4966 exquirenti
1104 4827 1165 4930 sic
1207 4824 1279 4927 ille
1326 4829 1583 4969 respondit:
1627 4829 1675 4929 in
1718 4867 1768 4928 ea
1808 4823 1996 4968 provin·

1904 5007 1995 5086 cra,
