4368 5984
552 410 659 481 amr.
904 403 1040 498 Joau.
1056 400 1170 474 ocu.
1189 397 1496 473 SEPULVEDAE

523 532 735 651 quaestioni
760 528 966 647 imponitur
991 530 1040 616 de
1069 527 1203 641 justitia
1219 527 1303 613 belli
1330 531 1506 618 adversus
1522 529 1649 634 Indos:
1665 528 1704 615 in
1719 553 1797 648 qua
1812 530 1969 649 quidem

529 653 708 768 judicium
724 676 896 737 nostrum
913 648 1064 734 minime
1080 647 1398 762 interponendum
1415 648 1674 737 existimamus.

512 873 514 879 ι
618 770 721 855 Huic
744 770 859 856 altera
888 766 1082 869 succedit,
1112 795 1211 881 quae
1235 795 1314 850 non
1332 768 1453 852 minus
1480 798 1598 883 quam
1626 769 1794 884 superior
1819 794 1969 885 poterat

527 891 722 977 bonorum
754 917 798 975 ac
822 887 970 1003 piorum
993 908 1136 969 mentes
1165 883 1313 998 ancipiti
1337 915 1483 972 versare
1519 886 1684 999 judicio:
1728 893 1841 974 Anne
1874 917 1969 1004 pto·

526 1034 611 1123 pter
627 1010 730 1111 hoc,
759 1006 868 1123 quod
892 1004 948 1090 isti
969 1001 1116 1088 barbati
1138 1027 1254 1107 sunt,
1279 1027 1317 1086 et
1336 1031 1469 1090 natura
1497 1005 1603 1119 quasi
1626 1003 1752 1108 servi:
1780 1006 1879 1093 adde
1911 1031 1970 1092 ct·

526 1127 602 1212 iam
635 1124 774 1240 flagitia
803 1153 847 1208 ac
875 1123 1063 1210 idolorum
1091 1120 1238 1224 cultus,
1272 1120 1435 1208 debeant
1460 1123 1555 1238 agris
1583 1147 1622 1208 et
1648 1123 1801 1209 urbibus
1827 1185 1839 1222 ,
1866 1125 1973 1210 deni·

527 1273 603 1359 que
637 1244 744 1327 bonis
769 1242 942 1328 omnibus
968 1264 1006 1325 et
1033 1238 1129 1325 civili
1155 1238 1322 1323 libertate
1358 1243 1407 1326 ab
1442 1239 1730 1356 intelligentibus
1758 1267 1797 1327 et
1842 1243 1970 1356 probis

490 1403 496 1414 ¹
528 1363 615 1448 viris
642 1361 798 1473 spoliari.
830 1359 954 1464 Qudd
981 1353 1123 1442 factum
1165 1357 1361 1443 constabat
1397 1387 1463 1474 per
1494 1389 1679 1444 summam
1712 1359 1905 1448 avaritiam
1931 1384 1972 1446 et

530 1479 798 1565 crudelitatem.

621 1596 756 1682 Statuit
779 1622 852 1710 pro
873 1617 978 1678 certo
997 1599 1242 1680 Democrates
1258 1653 1270 1697 ,
1284 1591 1416 1706 justam
1438 1589 1546 1680 fuisse
1571 1623 1751 1700 causam,
1786 1624 1852 1680 cur
1885 1597 1972 1714 qui·

532 1715 622 1803 dam
650 1715 806 1800 istorum
836 1713 1003 1797 libertate
1031 1739 1076 1796 ac
1098 1712 1206 1796 bonis
1230 1712 1522 1816 mulctarentur,
1549 1743 1628 1799 non
1644 1715 1733 1828 quia
1748 1737 1892 1820 essent,
1914 1715 1972 1800 uti

532 1828 704 1949 prolecto
734 1854 868 1932 erant,
891 1855 1024 1914 natura
1046 1828 1178 1932 servi,
1210 1857 1280 1914 nec
1301 1830 1409 1945 quod
1434 1829 1616 1946 flagitiose
1651 1833 1821 1918 viverent
1847 1893 1860 1937 ,
1901 1857 1974 1919 auc

531 1950 637 2037 idolis
652 1949 919 2034 immolarent:
954 1946 1055 2031 nulla
1082 1947 1182 2031 enim
1207 1947 1292 2031 vitia
1316 2009 1328 2051 ,
1356 1947 1525 2035 nullusve
1551 1977 1655 2048 error
1670 1945 1782 2054 facit,
1816 1974 1860 2035 ut
1889 1979 1972 2035 non

532 2069 577 2154 sit
602 2069 760 2184 quisque
783 2095 911 2151 earum
937 2093 1059 2150 rerum
1088 2093 1198 2150 vetus
1224 2065 1426 2169 dominus,
1451 2095 1546 2182 quas
1576 2065 1741 2183 alioquin
1776 2066 1843 2152 sibi
1875 2066 1971 2178 juste

532 2185 677 2301 paravit
705 2212 744 2271 et
770 2183 959 2298 possidet:
996 2184 1060 2268 sed
1089 2209 1132 2266 ea
1161 2241 1175 2287 ,
1203 2211 1301 2297 quae
1328 2184 1366 2266 in
1387 2208 1540 2296 promtu
1572 2209 1656 2291 est,
1682 2213 1760 2299 qua
1793 2185 1966 2270 homines

532 2304 642 2389 etiam
664 2302 756 2387 boni
781 2299 1031 2386 communiter
1052 2324 1242 2404 utuntur,
1272 2329 1371 2418 quae
1403 2301 1481 2409 jure
1512 2303 1683 2417 gentium
1719 2303 1970 2407 continetur,

488 2515 491 2520 ,
533 2421 657 2536 utqui
681 2419 778 2533 justo
801 2418 901 2503 bello
926 2416 1013 2504 victi
1037 2414 1201 2520 fuerint,
1227 2417 1251 2501 ii
1277 2444 1314 2502 et
1331 2419 1396 2531 ipsi
1420 2442 1460 2502 et
1476 2419 1642 2532 ipsorum
1659 2421 1762 2506 bona
1779 2419 1968 2506 victorum

481 2605 485 2611 -
533 2537 627 2624 fiant
652 2564 691 2623 et
710 2536 960 2651 capientium:
995 2534 1083 2618 hinc
1098 2533 1196 2619 enim
1213 2535 1365 2622 servitus
1390 2537 1503 2621 civilis
1519 2563 1606 2622 nata
1626 2562 1691 2623 est.

623 2657 736 2740 Hanc
769 2680 873 2739 suam
903 2652 1142 2737 assertionem
1174 2677 1235 2737 tot
1273 2653 1459 2767 tantisque
1501 2653 1759 2772 argumentis,
1786 2677 1970 2768 tantaque

534 2771 750 2861 eruditionis
779 2771 888 2887 copia
917 2770 1148 2886 persequitur
1178 2774 1460 2877 Democrates,
1490 2797 1534 2858 ut
1565 2773 1627 2860 vix
1650 2772 1861 2888 quidquam
1894 2771 1972 2856 ele·

538 3047 562 3086 „
577 3009 732 3083 violatur3
753 3023 827 3064 neve
840 3043 851 3078 ,
870 3003 944 3078 quod
963 3004 1035 3061 iram
1056 3002 1114 3061 Dei
1135 3003 1260 3061 manime
1289 3004 1431 3076 lacessit,
1463 3005 1616 3064 daemonia
1646 3015 1698 3081 pro
1723 3007 1791 3064 Deo
1813 2918 1975 3076 coiangrur,

537 3089 661 3166 „idque
680 3088 844 3162 prodigioso
860 3086 916 3142 ritu
939 3085 1079 3141 humanas
1098 3085 1232 3141 victimas
1245 3085 1424 3141 immolandi.
1447 3083 1666 3146 TERTIAM
1680 3105 1772 3163 vero,
1794 3103 1866 3160 quae
1886 3099 1976 3142 etme

537 3209 561 3244 „
573 3167 695 3244 judice,
718 3181 903 3241 permagnam
924 3165 983 3220 vim
1000 3177 1029 3220 et
1054 3164 1163 3236 pondus
1185 3165 1273 3220 haber
1292 3164 1328 3219 ad
1352 3162 1433 3239 hujus
1452 3167 1520 3223 belli
1549 3165 1690 3241 justitiam
1710 3167 1893 3224 asserendam
1913 3204 1925 3237 ,
1944 3173 1977 3219 ut

538 3289 562 3324 ,‚
577 3265 679 3322 graves
696 3245 817 3322 injuriae
835 3262 851 3300 a
875 3245 1004 3318 plurimis
1021 3244 1222 3300 innocentibus
1238 3243 1407 3300 mortalibus
1427 3284 1438 3315 ,
1461 3263 1530 3318 quos
1551 3247 1663 3304 barbari
1680 3247 1846 3320 quotannis
1869 3246 1979 3300 immo·

540 3369 563 3403 ,‚
576 3330 701 3399 labant,
720 3338 908 3383 arcerentur:
929 3341 997 3396 quas
1017 3321 1134 3396 injurias
1149 3340 1166 3379 a
1184 3323 1328 3394 quibusvis
1341 3324 1504 3382 hominibus
1527 3329 1687 3400 reppellere
1702 3343 1802 3383 omnes
1827 3364 1837 3398 ‚
1866 3324 1890 3380 si
1908 3341 1977 3398 pos-

536 3419 661 3483 ,‚sunt,
681 3409 744 3479 lege
774 3404 873 3460 divina
903 3404 995 3460 teneri
1016 3401 1163 3473 docuisti,
1193 3402 1308 3475 jureque
1325 3415 1451 3460 naturae.
1474 3401 1712 3464 POSTREMO
1740 3405 1858 3479 posuisti
1886 3407 1977 3460 ioco:

541 3519 566 3562 „
581 3500 612 3544 ut
632 3485 800 3543 Christiana
814 3484 941 3558 religio,
964 3498 1019 3554 qua
1038 3498 1069 3537 se
1092 3483 1186 3538 aditus
1204 3482 1331 3538 ostendit
1350 3521 1361 3554 ‚
1387 3486 1472 3557 longe
1489 3498 1520 3541 et
1543 3489 1602 3542 lare
1620 3485 1861 3544 convenientibus
1884 3483 1978 3540 ratio-

540 3607 563 3642 „
577 3566 660 3622 nibus
679 3565 872 3634 dilataretur,
892 3575 992 3636 aperta
1009 3561 1145 3616 videlicet
1170 3561 1217 3616 via
1239 3562 1480 3635 praedicatoribus
1503 3581 1669 3636 morumque
1688 3565 1835 3638 magistris
1851 3564 1977 3634 munita,

539 3656 661 3722 „atque
680 3645 872 3713 immunita,
893 3655 925 3698 ut
947 3657 1004 3696 non
1024 3643 1117 3696 solum
1140 3640 1193 3714 ipsi
1212 3653 1275 3698 tuto
1295 3645 1412 3698 valeant
1437 3645 1635 3718 evangelicam
1662 3645 1824 3702 doctrinam
1851 3643 1976 3712 tradere,

539 3725 627 3802 „sed
649 3725 740 3788 etiam
762 3723 801 3778 sit
822 3721 1004 3796 popularibus
1023 3719 1152 3776 barbaris
1178 3721 1272 3776 omnis
1296 3721 1384 3776 timor
1409 3739 1523 3778 suorum
1550 3723 1709 3796 principum
1732 3741 1766 3780 ac
1795 3723 1977 3780 sacerdotum

522 3827 526 3832 '¹
538 3843 565 3880 „
578 3819 704 3862 remotus
727 3841 738 3875 ,
762 3818 817 3873 quo
841 3801 929 3856 libere
953 3814 982 3855 er
1005 3799 1121 3871 impune
1141 3798 1228 3856 liceat
1252 3801 1391 3872 persuasis
1412 3799 1610 3858 Christianam
1636 3804 1807 3880 religionem
1834 3802 1976 3875 accipere:

539 3885 615 3961 „ad
643 3899 785 3940 summam
804 3881 896 3956 quoad
916 3877 977 3935 fieri
999 3878 1116 3952 possit,
1144 3878 1360 3952 impedimentis
1376 3881 1508 3938 omnibus
1526 3899 1560 3938 ac
1578 3883 1718 3939 idolorum
1740 3889 1820 3940 cultu
1842 3881 1976 3950 sublatis,
2080 3937 2084 3944 ,
2158 3897 2159 3910 ¹

540 3963 626 4044 „pia
644 3963 805 4020 scilicetne
823 3959 979 4035 justissima
1013 3957 1201 4014 Constantini
1216 3958 1357 4032 Principis
1374 3961 1438 4033 lege
1457 3961 1488 4016 in
1508 3977 1634 4036 paganos
1647 3977 1677 4018 er
1696 3967 1805 4020 cultum
1832 3961 1976 4018 idolorum

539 4082 565 4119 „
579 4053 739 4112 renovata,
759 4057 830 4112 quae
851 4053 880 4096 ut
895 4035 1028 4096 facienda
1041 4055 1120 4112 esse,
1141 4052 1258 4094 auctore
1276 4035 1440 4111 Augustino
1456 4054 1486 4096 et
1508 4039 1660 4116 Cypriauo
1679 4042 1800 4098 docuisti
1820 4042 1890 4112 ,sic
1913 4035 1976 4096 lieri

540 4163 564 4202 ,‚
579 4137 637 4178 non
652 4137 733 4194 posse
753 4134 862 4176 certum
877 4133 937 4190 est,
961 4119 1015 4176 nisi
1031 4117 1158 4174 barbaris
1175 4118 1252 4174 bello
1271 4133 1319 4173 aur
1334 4121 1393 4174 alia
1406 4120 1518 4177 ratione
1538 4121 1656 4193 pacatis.
1674 4121 1785 4198 Quibus
1806 4136 1916 4192 quoque
1930 4135 1976 4175 ra·

540 4200 704 4278 „tionibus
719 4199 897 4272 explicandis
913 4216 978 4256 usus
995 4215 1025 4254 es
1040 4197 1238 4254 Romanorum
1252 4202 1403 4271 exemplo,
1429 4215 1547 4270 quorum
1567 4201 1716 4274 imperium
1740 4201 1770 4256 in
1790 4213 1901 4256 ceteras
1920 4217 1975 4256 na·

540 4322 564 4360 ‚,
578 4282 671 4337 tiones
687 4277 794 4354 justum
813 4291 843 4334 et
860 4278 1020 4351 legitimum
1034 4273 1122 4334 fuisse
1136 4317 1146 4348 ,
1161 4277 1324 4336 auctoribus
1343 4276 1508 4352 Augustino
1522 4294 1551 4338 et
1568 4277 1683 4338 Thoma
1706 4277 1909 4352 confirmasti,
1931 4279 1977 4334 id·

540 4399 565 4435 „
581 4377 635 4433 que
655 4357 812 4414 minoribus
825 4373 860 4414 ea
882 4358 975 4414 causis
989 4355 1126 4413 accidisse
1146 4357 1310 4415 declarasti.
1331 4349 1395 4415 Nec
1422 4359 1527 4416 summi
1556 4360 1713 4417 sacerdotis
1738 4357 1850 4416 Christi
1881 4361 1975 4416 vicem

542 4439 706 4516 „gerentis
726 4438 873 4494 decretum
892 4435 1140 4492 etauctoritatem
1165 4437 1230 4493 huic
1250 4437 1371 4510 imperio
1393 4450 1424 4493 et
1447 4439 1524 4495 bello
1547 4439 1706 4498 adhibitam
1724 4450 1755 4496 et
1774 4439 1976 4512 interpositam

543 4557 569 4592 „
583 4519 699 4574 silentio
720 4515 958 4590 praetereundam
980 4515 1094 4589 putasti.
1118 4514 1206 4590 Cujus
1227 4532 1336 4587 quoque
1353 4518 1420 4573 belli
1434 4530 1464 4574 et
1483 4517 1595 4592 imperii
1609 4517 1749 4593 justitiam
1762 4520 1803 4578 sic
1819 4519 1976 4592 asserebas,

543 4637 568 4675 ,‚
582 4611 613 4652 ur
634 4609 732 4652 tanuen
745 4611 860 4652 omnem
878 4595 1065 4670 belligerandi
1079 4607 1110 4652 et
1126 4595 1284 4668 imperandi
1307 4597 1499 4654 temeritatem
1519 4637 1531 4670 ‚
1551 4599 1751 4657 crudelitatem
1770 4611 1801 4654 ct
1822 4599 1975 4655 avaritiam

540 4677 735 4752 „plurimum
749 4676 947 4748 improbares,
967 4687 996 4730 er
1016 4675 1117 4730 horum
1136 4673 1310 4748 flagitiorum
1330 4680 1444 4750 culpam
1457 4694 1521 4734 eum
1535 4694 1553 4736 a
1569 4679 1708 4737 militibus
1722 4675 1913 4752 praefectisve
1926 4694 1977 4752 pa·

543 4796 568 4832 ‚,
584 4769 706 4827 trantur,
721 4755 756 4810 ad
776 4755 919 4828 principes
934 4755 1059 4810 recidere
1075 4755 1197 4812 docebas
1215 4755 1275 4828 pari
1292 4753 1350 4812 Dei
1365 4755 1471 4831 judicio
1484 4758 1685 4832 damnandus,
1705 4757 1759 4814 nisi
1778 4775 1889 4814 summa
1911 4756 1976 4812 dili·

542 4875 567 4911 „
580 4836 679 4910 gentia
695 4836 804 4892 cunctis
826 4833 982 4891 rationibus
1003 4835 1198 4909 provideant,
1227 4835 1351 4894 aetalia
1370 4839 1477 4896 scelera
1495 4837 1533 4897 ab
1554 4837 1666 4914 injustis
1689 4837 1851 4897 hominibus
1865 4836 1973 4898 admit-

540 4954 567 5010 ,ζ
582 4919 715 4977 tantur.“
735 4915 887 4993 fluensque
908 4913 1080 4990 Leopoldus.
1138 4921 1139 4925 ’
