4298 5980
273 432 349 570 ρ
544 418 796 507 ennom
837 423 892 506 v.
933 425 1048 510 trs.
1091 423 1231 512 vtu.
1499 413 1586 533 263

168 585 230 694 lia
264 579 563 689 ducatommt
598 619 703 681 nam
739 575 873 680 Gallis
907 617 1024 679 nunc
1061 582 1244 725 quoque
1258 661 1274 706 ,
1305 615 1360 688 ut‘
1391 623 1520 736 saepe
1554 631 1631 698 an*

166 770 212 836 te
222 811 239 856 ,
276 726 659 875 quemadmodum
692 722 969 847 confideret,
1007 724 1191 830 devictis
1201 807 1217 850 ,
1255 735 1465 874 magnam
1507 773 1632 878 prae.

166 879 366 982 miorum
414 871 696 976 occasionem
738 865 884 991 fore,
938 868 1116 1002 dejectis
1163 874 1313 975 multis
1358 877 1503 980 Princi
1536 880 1633 984 ibus

163 1020 504 1168 Neapolitanis,
537 1018 619 1166 qui
651 1013 807 1122 leviter
841 1015 899 1118 ad
934 1051 1070 1118 castra
1105 1016 1334 1123 Gallorum
1376 919 1633 1169 translitgis·

163 1168 291 1276 senti
625 1163 632 1174 ’
898 1241 900 1248 -

241 1317 396 1418 XXV.
468 1307 596 1412 Haec
629 1309 838 1412 mandata
874 1343 978 1410 cum
1013 1305 1278 1456 exposuisset
1312 1307 1534 1416 Antonius
1544 1388 1560 1433 ‚
1589 1344 1632 1416 ct

166 1453 337 1558 liberali
373 1452 608 1577 oratione,
632 1489 675 1556 ct
711 1455 767 1555 ad
801 1450 1077 1596 Philippini,
1113 1491 1157 1558 et
1190 1455 1466 1560 classicorum
1501 1496 1630 1602 prae-

168 1595 390 1704 fectorum
431 1596 604 1703 animos
647 1596 854 1741 pollicitis
894 1599 1193 1703 conciliandos
1234 1604 1476 1746 pertinente
1525 1599 1632 1704 sub·¹

167 1780 340 1848 secutus
376 1739 560 1865 firisset,
598 1741 877 1887 Philippinus
912 1741 1144 1848 liberaliter
1177 1749 1434 1888 respondit:
1475 1748 1511 1849 si
1546 1743 1632 1850 sibi

167 1925 245 2033 par
280 1889 433 1990 animo
469 1923 514 1989 ct
547 1888 767 1989 voluntati
802 1923 993 2029 potestas
1029 1923 1158 2012 esset,
1184 1892 1264 2031 qui
1291 1892 1519 1992 Gallomm
1545 1892 1632 1992 im·
1722 2017 1726 2024 Ι

165 2070 386 2176 portunos
421 2070 564 2135 mores
599 2067 645 2132 ct
679 2030 1047 2132 contumeliosam
1073 2034 1316 2134 amicitiam
1344 2071 1543 2174 expertus
1574 2067 1631 2135 es

164 2212 231 2278 set
245 2256 260 2299 ,
293 2175 406 2277 nihil
440 2175 489 2277 in
523 2215 568 2278 se
601 2169 700 2276 fore
735 2172 1061 2295 cunctationis,
1083 2174 1196 2317 quin
1231 2176 1379 2280 statim
1414 2217 1467 2276 cx
1497 2176 1633 2278 Phili·-
1703 2211 1706 2218 ·

164 2316 280 2423 betti
314 2319 544 2421 voluntate
584 2319 907 2462 responderctt
942 2353 1136 2420 ceterum
1169 2320 1339 2420 consilii
1372 2357 1542 2422 summa
1576 2321 1633 2422 ad

164 2466 391 2566 Andrearn
428 2474 609 2598 rejecta,
648 2503 764 2606 quae
800 2502 899 2565 suae
936 2495 1074 2603 partes
1109 2464 1215 2584 sint,
1240 2460 1426 2566 libenter
1455 2464 1634 2605 praesti-'-

163 2643 315 2709 tutum
336 2685 352 2728 ,
373 2599 445 2708 ⁴ut
488 2607 552 2706 illi
594 2607 744 2748 ptimo
786 2646 970 2749 quoque
1013 2642 1216 2749 tempore
1256 2643 1335 2750 per
1377 2607 1535 2710 litteras
1588 2639 1634 2708 et

163 2753 347 2853 nuntios
382 2748 613 2853 Philiberti
647 2750 916 2892 legationem
949 2744 1142 2872 referat,
1171 2785 1410 2892 auctorque
1444 2783 1634 2896 magno-

163 2931 269 3037 pere
305 2894 403 3018 fiat,
426 2929 477 2996 ut
513 2893 825 2997 conditionem
859 2892 1078 3035 accipiat,
1103 2929 1147 2994 et
1181 2895 1251 2997 vir
1286 2931 1432 2997 tantus
1460 2931 1634 3003 tantae-

165 3077 256 3181 que
290 3039 555 3142 auctoritatis
584 3039 737 3140 Caroli
772 3038 969 3144 Caesaris
999 3037 1162 3178 optimi
1186 3075 1232 3138 ct
1258 3039 1488 3180 gratissimi
1510 3041 1635 3142 Prin-

47 3179 62 3216 ⁹
160 3181 275 3326 cipis
310 3181 556 3285 clientelam
598 3183 794 3326 ingratae
836 3218 881 3284 et
921 3181 1267 3300 contumeliosae
1302 3184 1443 3324 gentis
1479 3185 1633 3286 amici-

164 3325 255 3429 tiae
288 3367 345 3428 ne
380 3325 553 3430 dubitet
586 3323 835 3448 anteferte,
867 3363 919 3429 ut
960 3326 1090 3428 simul
1130 3365 1230 3428 suae
1271 3326 1480 3470 dignitati
1518 3363 1632 3433 con·-
1669 3367 1673 3376 ’

165 3469 304 3592 sulat,
328 3470 458 3572 simul
493 3469 628 3614 ipsius
658 3469 900 3614 Philippini
925 3507 982 3574 et¹
995 3471 1266 3613 reliquomm
1292 3465 1629 3614 praefectorum,

163 3615 250 3757 qui
293 3613 382 3717 hoc
426 3625 518 3750 jam
559 3613 730 3756 pridem
772 3615 941 3716 cunctis
982 3614 1099 3718 votis
1143 3653 1423 3758 expeterent,
1466 3616 1541 3716 sed
1583 3647 1627 3718 tt

166 3757 448 3861 classicorum
481 3759 677 3863 militum
713 3759 932 3863 voluntati
967 3798 1143 3862 morem
1177 3795 1329 3903 gerat.

162 4037 167 4048 ι
238 3913 410 4007 XXVI.
497 3917 648 4050 Itaque
683 3906 893 4050 postridie
928 3902 1300 4045 Christopbinum
1333 3899 1520 4003 Doriam
1532 3978 1549 4024 ‚
1581 3934 1626 4006 ct

164 4043 428 4190 Salvagum‚
459 4048 642 4192 singulis
676 4050 926 4154 triremibus
960 4046 1209 4167 attributis,
1229 4059 1430 4148 Genuam
1450 4048 1508 4147 ad
1536 4052 1625 4146 An·

164 4188 316 4291 dream
351 4231 455 4296 cum
500 4191 649 4294 litteris
685 4229 729 4294 ct
773 4190 993 4295 mandatis
1028 4184 1196 4311 mittit,
1232 4225 1284 4292 ut
1319 4226 1364 4291 ct
1398 4187 1626 4292 Philibcrti

166 4330 435 4476 legationem
471 4331 689 4456 referant,
723 4373 769 4437 ct·
802 4339 859 4437 ad
895 4333 1199 4436 conditionem
1226 4334 1528 4475 accipiendam
1550 4369 1625 4434 co·-

160 4473 414 4580 bottentur.
453 4481 644 4582 Andreas
658 4493 679 4602 ',
705 4480 864 4582 'audita'
899 4479 1118 4623 legatione
1153 4477 1362 4620 lectisque
1399 4475 1549 4578 litteris
1580 4512 1626 4578 ct

159 4611 421 4727 cotiditione
455 4625 687 4728 delectante
702 4613 721 4747 ,⁵
743 4623 978 4744 consilium
1012 4651 1115 4763 cum
1150 4624 1340 4726 Ascanio
1375 4621 1622 4756 Columna,

163 4791 209 4873 jet
244 4757 370 4875 Vasti
402 4755 668 4876 Marcbione
702 4757 1025 4889 communicat,
1050 4795 1165 4911 quos
1187 4767 1351 4911 praelio
1371 4761 1521 4907 ¹nauali
1537 4803 1622 4863 ‘ca-

1398 4973 1399 4976 ‘
1504 4943 1622 5049 ptos,
