4292 5984
632 441 1140 518 SUMMARIUM.
1426 448 1600 524 XXXVII.

151 571 322 685 croginta
360 566 500 654 circiter
526 563 753 650 Nomadum
799 565 864 650 im·
915 563 1021 650 litum
1050 566 1236 681 praesidio
1288 569 1472 655 munitam
1525 605 1622 660 sum·

144 711 278 801 petum
319 685 517 788 sustinet,
550 709 589 770 et
634 707 862 798 prostrauun
915 682 983 768 mis
1029 684 1162 799 opibus
1205 688 1518 803 aggrediuntur,
1559 691 1627 778 sed

144 803 331 891 Xuarium
363 801 563 889 subtrahit.
915 799 1056 886 Carolo
1091 831 1189 888 cum
1224 804 1393 917 equitatu
1438 828 1477 892 et
1521 811 1625 894 Ger-

205 925 307 1008 VIII.
366 917 523 1004 Carolus
562 945 771 1033 paucorum
819 917 861 1002 li-
915 946 1116 1004 manorum
1151 949 1272 1005 manu
1300 921 1423 1008 castris
1448 945 1657 1040 egresso,

143 1041 354 1126 centiame
385 1037 509 1121 castris
525 1037 575 1120 ad
601 1035 859 1148 praeliandum
914 1036 1163 1152 Hispanisque
1201 1036 1270 1122 alia
1302 1067 1349 1124 ex
1379 1065 1483 1152 parre
1511 1044 1629 1157 copiis

143 1154 405 1244 excedentium
439 1153 553 1267 paulo
582 1151 709 1240 durius
735 1151 854 1264 objur·
915 1153 1236 1263 procurrentibus,
1261 1153 1446 1272 infugam
1475 1184 1626 1246 vertun-

142 1301 232 1392 gat.
279 1271 461 1358 Hostibus
489 1299 583 1358 vero
625 1293 743 1354 castra
779 1293 856 1356 tor·
915 1292 1000 1354 tur.
1045 1272 1253 1381 Sacerdotis
1280 1272 1472 1388 cuiusdam
1504 1277 1625 1364 Poeni

143 1393 279 1476 mentis
312 1387 645 1504 oppugnantibus,
692 1387 854 1471 Monde·
915 1391 1149 1502 superstitio.

142 1534 255 1594 xarae
298 1505 559 1590 Marchionem
597 1531 686 1588 curn
727 1503 859 1618 equiti·
973 1508 1074 1591 XIII.
1135 1508 1349 1593 Fernandus
1368 1507 1531 1596 Alarcon
1561 1543 1626 1628 pa·

141 1625 216 1711 bus
245 1650 478 1741 praecurrere
499 1620 626 1734 jubet,
643 1645 681 1708 et
708 1618 749 1705 id
780 1649 857 1705 ma·
915 1620 1145 1710 bularoribus
1190 1625 1372 1737 praesidio
1404 1628 1533 1713 missus
1574 1633 1627 1718 ab'

142 1743 245 1827 xime
272 1768 427 1845 curare,
461 1762 506 1824 ut
533 1738 659 1824 hostes
694 1759 856 1824 tormen·
915 1737 1083 1826 hostibus
1110 1766 1286 1857 urgetur.
1332 1747 1421 1828 Hoc
1450 1747 1628 1835 nuntiato

142 1861 193 1944 tis
222 1884 352 1945 exuat.
914 1857 1074 1944 Carolus
1116 1887 1204 1944 cum
1252 1859 1421 1974 equitatu
1467 1867 1628 1952 accurrit

220 1979 286 2060 IX
360 1975 562 2078 Marclrio,
587 1975 681 2060 dum
732 1973 862 2058 hostes
916 2000 1057 2088 eosque
1073 1975 1231 2089 repellit.
1264 1983 1355 2062 Dux
1371 1977 1539 2066 Albanus
1563 2013 1624 2096 pa·

143 2091 378 2208 pertinaciter
423 2091 472 2177 ad
520 2112 710 2176 tormenta
750 2117 855 2203 repu·
915 2086 1047 2176 bulum
1083 2120 1240 2208 quoque
1301 2095 1453 2208 petendi
1506 2099 1624 2215 gratia

142 2235 305 2325 gnantes
350 2235 491 2325 magno
534 2205 661 2291 animo
692 2204 858 2317 repellit,
916 2205 1043 2293 missus
1063 2273 1074 2307 ,
1093 2238 1273 2325 magnum
1307 2211 1444 2297 horum
1493 2244 1633 2302 nume-·
1755 2281 1761 2298 .

138 2327 420 2412 circumventus
466 2324 514 2408 ab
559 2322 609 2408 eis
659 2319 857 2435 ancipitem
916 2349 1000 2407 rum
1036 2324 1218 2437 reprimit.
1248 2331 1397 2411 Turcae
1430 2357 1475 2412 ex
1506 2333 1632 2416 Gole-·

137 2443 298 2559 plagam
326 2441 478 2556 accipit.
514 2437 673 2523 Carolus
698 2465 787 2522 cum
819 2467 854 2524 e·
915 2461 955 2522 ta
979 2443 1214 2555 eruptionem
1250 2438 1392 2528 faciunt
1423 2445 1519 2530 duce
1546 2451 1625 2532 Ha-

140 2558 309 2674 quiribus
355 2554 663 2670 cataphractisin
700 2583 855 2642 suorum
914 2555 1007 2643 dino
1033 2559 1148 2647 nobili
1163 2559 1382 2673 praedone,
1397 2561 1516 2678 vulgo
1534 2563 1626 2650 Cac-

141 2676 349 2762 subsidium
381 2675 555 2760 advolat.
872 2743 874 2748 .
912 2679 1117 2762 cr'adiabolo
1149 2703 1310 2763 uocato.

204 2795 255 2878 X.
319 2791 528 2878 Caesariani
568 2814 674 2909 terga
710 2815 858 2880 verrere
972 2793 1080 2878 XIV.
1157 2797 1230 2882 Sed
1274 2793 1431 2910 Hispani
1476 2791 1625 2886 fortissi-

141 2933 360 3026 coguntur,
387 2911 451 2994 sed
476 2909 634 2994 Carolus
662 2910 853 3023 cataphra-
913 2936 977 2994 me
1008 2939 1248 3028 repugnant,
1283 2937 1322 2997 et
1359 2914 1408 2998 ad
1440 2913 1532 3027 ipsas
1565 2947 1623 3003 us

141 3051 228 3112 cros
259 3027 420 3113 districto
452 3026 578 3142 gladio
632 3027 853 3113 antecedens
910 3054 989 3140 que
1020 3030 1187 3116 Goletae
1227 3027 1450 3118 munitiones
1489 3061 1615 3148 perve-
1752 3075 1753 3078 κ

143 3172 299 3228 suorum
314 3139 444 3260 lugam
476 3144 650 3248 cohibet,
676 3167 715 3230 et
729 3145 853 3231 hostes
910 3143 1041 3232 niunt.

142 3262 337 3347 tormentis
384 3262 501 3348 metir.
549 3262 764 3348 fernandus
799 3267 853 3349 A·
971 3265 1060 3351 XV.
1119 3269 1255 3351 Caesar
1280 3267 1405 3354 hostes
1431 3296 1615 3356 commea·

145 3375 272 3466 larcon
302 3407 389 3465 eum
422 3379 602 3466 admonet
631 3379 851 3494 supplicibus
910 3379 1008 3466 tibus
1050 3411 1116 3498 per
1159 3384 1334 3498 paludem
1373 3384 1616 3477 intercludere

148 3497 302 3609 quidem
319 3498 439 3584 verbis
454 3496 546 3602 ,sed
575 3524 701 3582 tamen
717 3497 853 3613 gravis·
908 3524 1110 3605 conatur,
1141 3502 1293 3587 tertium
1325 3501 1465 3589 vallum
1509 3505 1612 3618 perli-

142 3613 266 3719 sirnis,
290 3643 339 3700 ne
370 3639 448 3700 tam
472 3642 644 3731 praeceps
675 3642 714 3698 se
747 3645 849 3700 suos·
907 3615 1090 3730 cijubet,
1120 3644 1159 3705 et
1186 3619 1402 3735 posthunc
1432 3647 1623 3733 quartumv

143 3757 220 3843 que
243 3731 408 3846 periculo
432 3731 662 3819 committat.
701 3799 703 3804 .
906 3732 1023 3850 erigi.
1055 3739 1268 3824 Tormentis
1320 3737 1370 3821 ibi
1419 3737 1610 3824 collocatis

187 3850 254 3933 XI.
313 3853 384 3934 Per
414 3849 454 3936 id
491 3873 637 3965 tempus
670 3853 848 3939 Hazenus
905 3852 1030 3966 copias
1053 3883 1118 3969 per
1141 3879 1355 3972 opportuna
1383 3852 1466 3939 loca
1492 3853 1608 3942 distri·

140 3965 247 4071 Rex,
275 3965 475 4082 praemissis
503 3967 630 4084 legatis
643 4029 656 4074 ,
670 3969 846 4056 honorifi-
905 3969 1006 4056 buit.

140 4108 184 4165 ce
216 4085 266 4166 ab
310 4083 461 4170 Albano
508 4090 616 4172 Duce
660 4112 700 4172 et
729 4093 841 4174 Bene-
953 4090 1060 4173 XVI.
1106 4086 1176 4170 His
1191 4086 1243 4171 ita
1257 4086 1490 4201 compositis,
1512 4089 1605 4178 dum

141 4198 246 4284 venti
284 4201 434 4288 Comite
474 4200 668 4288 deducitur
709 4228 748 4289 et
776 4205 845 4290 hu·
903 4204 1003 4289 diem
1035 4232 1206 4289 serenum
1245 4231 1284 4290 er
1324 4206 1478 4292 navium
1524 4209 1606 4294 us‘ui

142 4315 298 4402 maniter
333 4319 531 4432 excipitur.
580 4317 756 4428 Ejusdem
789 4351 843 4405 so
902 4322 1283 4409 accommodatiorem
1299 4346 1505 4437 exspectat,
1521 4324 1607 4412 mili·

143 4433 360 4552 cionnnque
385 4431 572 4550 frugalitas
602 4456 641 4517 et
668 4435 841 4548 parsimo-
901 4459 956 4522 tes
970 4499 982 4542 ,
997 4465 1040 4526 ut
1055 4440 1159 4528 divisi
1174 4465 1279 4526 erant
1293 4502 1306 4545 ,
1321 4441 1525 4558 generatim
1540 4444 1604 4531 ad·

143 4550 224 4636 nia.
900 4553 968 4658 it,
1001 4583 1040 4644 et
1071 4589 1141 4674 pro
1180 4588 1246 4644 sua
1276 4587 1449 4674 quosque
1493 4587 1595 4646 natu·

190 4671 274 4756 XII.
334 4672 474 4758 Hostes
488 4671 699 4757 turriculam
714 4698 843 4784 quam·
899 4701 941 4756 ra
971 4675 1021 4761 ad
1061 4702 1208 4766 strenue
1240 4679 1490 4796 pugnandum
1535 4679 1597 4766 ad·

144 4782 230 4870 dam
243 4817 449 4902 paucorum
465 4790 759 4880 Christianorum
780 4789 843 4876 mi·
899 4789 1089 4881 hortatur.

1491 4910 1599 4996 Dein·
