4368 5984
569 445 610 492 {a
959 411 1547 513 Jonn.onn.sm›urvnone

544 573 579 630 r.
597 567 694 630 tom.
713 541 766 628 in'
782 540 841 649 4.⁰
879 545 1046 629 Recusus
1070 567 1125 629 est
1150 543 1285 629 iterum
1323 543 1445 659 primo
1476 545 1562 630 loco
1593 543 1688 632 inter
1715 546 1784 632 alia
1818 555 1988 643 auctoris

540 662 721 778 opuscula
738 661 879 748 Parisiis
897 662 995 777 typis
1018 663 1176 747 Simonis
1202 661 1372 748 Colinaei
1401 691 1639 773 ann.1541.
1673 665 1710 750 in
1738 667 1784 752 3⁰
1814 669 1986 789 itemque

538 781 728 868 Coloniae
750 810 876 898 apag.
902 783 996 890 536.
1015 781 1065 866 ad
1087 802 1183 890 594.
1201 785 1243 866 ln
1258 782 1425 866 editione
1440 787 1615 868 Romana
1642 786 1817 873 attexitur
1831 791 1881 876 ad
1910 794 1987 876 cal·

536 930 625 988 cem
642 898 874 1017 Sepulvedae
900 898 1054 1012 epistola
1072 899 1122 984 ad
1138 900 1327 1012 Joannem
1339 899 1523 984 Ruizium
1545 903 1782 990 Canonicum
1809 931 1851 992 et
1865 909 1988 995 Scho-

434 1107 438 1114 ,
541 1019 712 1106 lasticum
725 1017 1012 1103 Cordubensem
1021 1021 1168 1102 Romae
1179 1017 1387 1132 conscripta
1399 1017 1575 1132 postridie
1593 1026 1725 1106 Nonas
1743 1025 1867 1135 Junii,
1882 1057 1985 1141 quae

544 1136 680 1223 omissa
698 1137 807 1251 plane
827 1159 884 1222 est
910 1135 1044 1221 tamin
1070 1136 1336 1251 posterioribus
1350 1134 1459 1246 hujus
1475 1135 1584 1221 libelli
1594 1138 1820 1227 editionibus
1837 1204 1849 1248 ,
1865 1173 1987 1260 quam

540 1255 640 1345 inter
659 1256 818 1370 ‘reliquas
844 1254 1005 1339 auctoris
1030 1252 1213 1368 epistolas.
1239 1258 1282 1338 ln
1299 1255 1522 1370 caprimum
1540 1257 1740 1343 nosdocet
1757 1321 1770 1364 ,
1794 1263 1987 1350 monitum

543 1373 769 1480 seaRuizio,
786 1397 828 1458 ut
841 1373 1031 1485 Joannem
1047 1372 1291 1478 Toletaoum,
1308 1370 1541 1486 Episcopum
1554 1374 1841 1464 Cordubensem
1858 1379 1987 1469 litteris

546 1493 703 1599 saltim,
745 1491 904 1608 quando
931 1520 1061 1576 coram
1090 1520 1172 1576 non
1210 1492 1389 1596 daretur,
1425 1491 1632 1606 aliquando
1665 1493 1864 1600 salutarem
1901 1495 1987 1586 fore

548 1639 714 1727 namque
730 1609 806 1722 ejus
828 1609 1022 1723 epistolam
1038 1610 1187 1725 optimo
1219 1607 1407 1714 Praesuli,
1443 1609 1585 1724 quique
1601 1609 1666 1695 diu
1682 1611 1719 1695 in
1737 1614 1862 1699 studio
1888 1615 1988 1702 litte-

548 1759 675 1817 tsnsm
705 1757 792 1814 uun
823 1726 934 1812 laude
955 1723 1079 1814 fuisset
1107 1752 1304 1834 versatus,
1328 1753 1400 1811 nec
1426 1726 1654 1812 mediocrem
1678 1729 1727 1816 de
1751 1731 1988 1847 Sepulvedae

547 1846 676 1936 studiis
701 1875 748 1932 ex
770 1845 995 1964 quibusdam
1022 1845 1099 1959 ejus
1126 1845 1252 1930 libellis
1290 1844 1508 1960 opinionem
1537 1846 1784 1960 percepisset,
1814 1879 1894 1936 non
1927 1853 1988 1938 in-

549 1965 779 2080 jucundam.
826 1965 957 2060 Quare
989 1963 1097 2078 amici
1116 1964 1284 2079 precibus
1328 1963 1448 2049 victus
1473 1963 1683 2078 Sepulveda
1718 1971 1987 2057 munusculum

550 2085 670 2172 hocce
703 2088 749 2168 de
762 2081 854 2190 fata
882 2097 920 2166 et
951 2084 1067 2167 libero
1089 2085 1251 2167 arbitrio
1276 2082 1325 2166 ad
1358 2111 1447 2167 eum
1472 2081 1666 2167 transmisit
1697 2086 1912 2200 gravissimo
1944 2115 1989 2175 et

552 2201 777 2318 amplissimo
805 2199 964 2286 Praesuli
992 2199 1251 2286 reddendum.
1282 2199 1432 2286 Deinde
1450 2199 1679 2316 quibasdam
1710 2230 1731 2285 e
1760 2204 1893 2289 nostris
1923 2235 1989 2291 re·

549 2320 714 2436 spondet
733 2317 963 2433 Sepulveda,
997 2318 1101 2436 queis
1123 2347 1204 2404 non
1239 2316 1324 2404 satis
1350 2318 1554 2403 commode
1581 2317 1729 2403 locunts
1757 2321 1986 2430 videbatur,

552 2439 661 2555 quod
683 2438 721 2522 in
740 2438 819 2550 ipsa
843 2437 964 2550 operis
994 2437 1231 2550 inscriptione
1257 2435 1391 2520 dixerit
1420 2441 1472 2516 ad
1485 2432 1665 2548 Joanroem
1685 2437 1931 2546 Tolosanum,
1972 2458 1989 2498 1

552 2583 622 2652 non
650 2582 675 2638 a
698 2555 826 2639 Toleto
845 2577 979 2638 contra
1003 2577 1190 2669 receptam
1207 2553 1465 2666 Hispanonsm
1495 2551 1806 2640 consuetudinem
1831 2581 1871 2643 et
1887 2587 1989 2646 non-

438 2763 442 2771 ,
552 2673 660 2763 nullis
677 2670 931 2758 illustrissimae
960 2672 1069 2784 hujus
1099 2668 1259 2757 familiae
1284 2670 1370 2757 viris
1401 2669 1613 2785 probatam.

553 2857 559 2866 .
642 2796 757 2876 Nunc
783 2791 832 2875 de
863 2818 977 2904 opere
999 2791 1084 2904 ipso
1108 2821 1180 2906 pro
1205 2789 1363 2875 institisti
1389 2788 1535 2878 ratione
1561 2790 1702 2906 aliquid
1733 2792 1958 2907 adjiciamus.

643 2910 842 3022 Scripserat
865 2903 1123 2994 infensissimus
1151 2907 1208 2992 ille
1237 2907 1421 3024 religionis
1450 2908 1565 2994 hostis
1595 2910 1782 2996 lutherus
1822 2917 1868 2995 de
1900 2943 1988 3000 ser·

553 3054 603 3112 vo
630 3031 787 3116 arbitrio
811 3025 943 3110 librum
966 3025 1005 3110 in
1028 3031 1227 3112 Erasmum
1253 3026 1554 3113 Roterodamum
1588 3089 1602 3134 ,
1634 3057 1722 3114 cum
1747 3029 1806 3115 hic
1835 3035 1881 3113 de
1896 3034 1987 3116 libe·

552 3168 597 3232 tu
626 3149 786 3232 arbitrio
811 3145 1110 3232 lucubrationem
1135 3148 1249 3232 docte
1275 3171 1314 3232 et
1332 3146 1548 3263 eleganter,
1574 3175 1621 3230 ac
1646 3147 1803 3262 perinde
1831 3147 1987 3266 religio·

553 3292 591 3350 se
607 3263 645 3348 in
676 3265 796 3350 lucem
810 3263 1060 3377 pronslisset,
1093 3294 1174 3380 quo
1205 3265 1462 3351 Lutheranum
1487 3294 1652 3351 errorem
1677 3293 1723 3350 ac
1743 3263 1897 3380 impiam
1931 3291 1990 3356 te·

552 3381 760 3469 meritttem
778 3382 934 3468 scienter
948 3383 1007 3469 iile
1024 3381 1179 3498 quidem
1212 3406 1251 3467 ct
1281 3406 1484 3497 peracute,
1517 3384 1582 3469 sed
1610 3383 1708 3497 justo
1739 3409 1868 3469 tamen
1884 3413 1986 3474 ·mo·

550 3498 687 3586 destius
701 3500 897 3588 insectatus
910 3524 988 3586 est.
1017 3503 1199 3584 Ceterum
1216 3527 1304 3585 cum
1318 3525 1442 3587 totam
1471 3529 1623 3588 causam
1646 3502 1862 3619 complexus
1878 3502 1988 3590 haud

550 3609 703 3722 fuisset,
731 3619 879 3734 etquid
906 3641 1039 3704 natura
1055 3641 1180 3704 rerum
1195 3619 1437 3735 humanaque
1477 3621 1573 3706 ratio
1597 3643 1756 3734 poscat,
1790 3619 1987 3727 omisisset,

550 3737 772 3822 sententiam
799 3765 905 3821 suam
932 3736 1146 3823 testimonio
1175 3737 1370 3824 dumtaxat
1401 3763 1587 3822 sacrarum
1618 3737 1824 3822 litterarum
1851 3737 1989 3824 confir·

552 3880 669 3940 masse
683 3879 910 3941 contentus:
933 3885 1086 3940 suarum
1101 3883 1178 3942 esse
1189 3855 1353 3970 partium
1371 3853 1476 3939 duxit
1489 3853 1700 3971 Sepulveda
1713 3855 1989 3970 quaestionem,

550 3967 654 4078 carius
667 3972 874 4059 discrimine
891 3973 1052 4060 maxima
1067 3997 1107 4059 et
1134 4002 1284 4058 morum
1305 3997 1345 4058 et
1359 3971 1543 4088 religionis
1568 3997 1763 4059 momenta
1777 3998 1988 4081 versantur,

550 4085 667 4200 paulo
697 4089 804 4174 altius
823 4093 1017 4206 repetitam
1050 4090 1158 4177 latius
1179 4091 1294 4178 etiam
1330 4089 1508 4204 explicare
1523 4151 1537 4194 ,
1553 4115 1599 4176 ut
1618 4089 1838 4178 Lutherano
1867 4088 1990 4178 furori

550 4199 727 4290 effrenate
756 4232 833 4292 sese
855 4209 982 4294 indies
1005 4209 1155 4320 jactanti
1178 4209 1318 4296 cunctis
1333 4208 1565 4311 rationibus,
1593 4233 1781 4324 quantum
1806 4211 1931 4296 studio
1943 4235 1990 4298 et

548 4319 677 4406 labore
697 4325 875 4439 consequi
893 4349 1015 4438 posset
1032 4383 1046 4426 ,
1063 4328 1212 4412 obviam
1237 4352 1460 4412 occurrerer.
1484 4331 1587 4410 Nam
1618 4331 1706 4412 cu'm
1723 4352 1851 4414 cetera
1894 4327 1990 4414 illius

547 4437 744 4530 nebulonis
756 4443 871 4559 impia
894 4465 932 4528 et
949 4439 1088 4528 nefaria
1106 4443 1288 4559 dogmata
1310 4444 1570 4560 virisingulari
1600 4467 1684 4530 trun
1716 4446 1991 4534 doctrinarum

1932 4589 1990 4651 et·

583 4727 603 4770 t
642 4712 747 4774 Editio
764 4715 897 4774 Romana
915 4713 990 4773 bane
1004 4711 1129 4790 praefert
1149 4712 1390 4788 inscriptionem:
1412 4705 1469 4770 Aa
1485 4703 1690 4788 ampFrrrr'mrm
1706 4713 1829 4772 Patrem
1845 4723 1882 4771 er
1899 4693 1988 4786 prin-

544 4789 637 4867 cipem
654 4793 896 4874 'illustrissimum‘
906 4795 1044 4874 Jaannens
1060 4785 1246 4868 Tuistonem,
1273 4793 1451 4867 Episcopum
1464 4792 1669 4852 Corduberuem
1682 4794 1732 4869 Jo.
1750 4789 1787 4852 G.
1802 4792 1989 4884 deprivedae

543 4868 1275 5034 pplgtpoqtstiplzoqporlbeqqrgogp‘obepolieltqqumaie
1294 4875 1325 4936 in
1344 4873 1516 4935 editionibus
1532 4873 1667 4936 Paetina
1684 4887 1715 4934 et
1728 4870 1898 4936 Coloniensi
1909 4875 1987 4960 scrip
