4368 5984
581 413 652 488 ιιι.
956 417 1091 510 Joau.
1124 418 1236 488 otu.
1263 415 1566 490 surutvaona

564 535 787 654 religionem
811 531 957 625 allatis
949 569 987 622 ιιι
1005 538 1168 626 medium
1186 541 1389 654 exemplis,
1422 568 1504 628 tum
1523 543 1739 649 veteribus,
1768 567 1850 632 tum
1878 575 2002 634 recen·

568 657 697 762 tibus,
730 685 800 772 pro
829 657 920 745 virili
946 659 1172 745 extollendi:
1201 691 1286 784 quo
1302 661 1522 748 luculentius
1547 690 1751 776 appareat,
1773 691 2006 778 quantuma

570 775 704 860 nostris
721 778 890 862 homines
917 777 965 862 illi
995 776 1228 892 stupidissimi
1250 780 1415 894 corporis
1441 779 1628 895 animique
1656 781 1807 866 dotibus
1834 815 2007 898 superen-

573 917 646 981 tur.
677 896 738 980 Ad
755 924 960 981 extremum
987 897 1147 982 breviter
1181 925 1484 1004 commemorat,
1516 927 1610 1034 quas
1640 905 1742 984 Deus
1758 931 1898 1013 poenas
1915 902 2006 988 olim

578 1015 737 1130 exegerit
754 1015 802 1098 ab
816 1013 1005 1126 idolorum
1022 1016 1254 1122 cultoribus,
1285 1017 1544 1132 aliorumque
1534 1017 1752 1102 immanium
1763 1017 2007 1152 flagitiorum

578 1134 906 1266 perpetratoribus,
924 1134 1211 1238 utconcludat
1246 1164 1485 1251 magnacum
1514 1163 1657 1220 tattone
1681 1163 1704 1217 a
1736 1135 1819 1224 uiris
1834 1138 2005 1226 eruditis·

579 1252 675 1337 simis
691 1251 867 1334 traditum
884 1249 1019 1356 luisse,
1045 1253 1128 1338 satis
1143 1281 1218 1338 esse
1240 1281 1402 1357 causae,
1430 1282 1496 1338 cur
1523 1254 1599 1366 jure
1614 1252 1810 1339 Christiani
1839 1285 2007 1372 paganos

581 1373 712 1484 punire
740 1370 914 1482 belloque
933 1371 1107 1484 prosequi
1127 1371 1292 1485 possint,
1322 1401 1349 1454 st
1339 1369 1516 1458 forsitan
1534 1388 1653 1457 essent
1663 1372 1757 1485 ,qui
1787 1373 1909 1508 legem
1942 1404 2008 1462 na-

580 1511 685 1574 turae
712 1517 791 1571 non
806 1489 1074 1592 observarent,
1102 1518 1218 1602 quam
1234 1490 1282 1572 ab
1297 1489 1484 1574 idolorum
1499 1489 1722 1576 cultoribus
1713 1521 1751 1574 ιιι
1782 1491 1905 1626 primis
1922 1493 2007 1580 vio·

580 1605 645 1694 lari
663 1607 813 1692 docent.
843 1606 980 1692 Nam'
961 1636 984 1690 ιι
1010 1607 1163 1720 quidem
1190 1611 1316 1692 Deum
1348 1637 1498 1710 unum,
1526 1635 1753 1712 aeternum,
1783 1609 2001 1724 optimum,

579 1753 810 1828 martimum,
841 1753 921 1811 non
937 1750 1146 1843 agnoscunt
1160 1749 1199 1811 ct
1215 1752 1463 1830 venerantur,
1491 1752 1532 1810 ut
1549 1726 1722 1836 jubentur
1738 1726 1817 1842 lege
1836 1752 2011 1814 naturae:

581 1845 907 1967 quemadmodum
923 1847 1018 1934 duce
1034 1851 1149 1948 Deo,
1182 1869 1220 1932 et
1244 1871 1375 1930 natura
1406 1871 1608 1959 magistra,
1638 1849 1832 1949 Socrates,
1866 1843 2004 1952 Plato,

582 1945 836 2067 Aristoteles,
863 1989 901 2050 et
928 1964 1091 2079 plerique
1124 1905 1181 2047 alii
1212 1964 1521 2077 philosophorum
1546 1992 1667 2046 unum
1697 1990 1773 2048 esse
1806 1967 1931 2048 Deum
1969 1989 2008 2050 et

584 2084 746 2167 maxime
761 2083 960 2168 colendum
977 2108 1226 2198 agnoverunt.
1243 2082 1342 2166 Hinc
1357 2081 1471 2166 veluti
1488 2111 1552 2193 per
1567 2107 1825 2185 transennam,
1842 2109 1884 2166 ut
1899 2082 2005 2192 ajunt

584 2196 664 2310 jure
677 2199 834 2286 consulti
852 2263 863 2307 ,
884 2201 1141 2314 quaestionem
1164 2200 1211 2285 de
1238 2199 1353 2284 salute
1375 2199 1608 2284 ethnicorum
1641 2223 1837 2310 pertractat
1865 2205 2005 2288 Demo·

584 2341 714 2445 etates.
745 2323 845 2400 Tum
874 2323 923 2406 ad
938 2318 1060 2432 legem
1089 2340 1242 2401 naturae
1261 2315 1513 2429 explicandam
1548 2317 1683 2419 redit,
1707 2340 1751 2400 ut
1780 2315 2009 2449 concludat,

585 2431 677 2544 ejus
674 2435 885 2522 violatores
910 2435 1057 2550 optimo
1072 2433 1149 2545 iure
1177 2463 1285 2547 posse
1313 2462 1336 2513 a
1365 2434 1604 2539 Christianis,
1632 2433 1659 2516 si
1688 2433 1881 2548 imperium
1906 2463 2008 2524 rccu-

587 2575 735 2664 tarent,
767 2553 939 2638 debellari
968 2577 1119 2667 propter
1148 2547 1283 2636 nefaria
1300 2549 1469 2655 scelera,
1502 2549 1705 2636 barbariem
1734 2579 1779 2635 ac
1801 2543 2012 2636 inhumani-

585 2693 733 2772 tatem,
755 2670 791 2752 in
824 2672 986 2786 ipsorum
1013 2669 1183 2754 uidelicet
1212 2667 1411 2752 maximum
1432 2670 1604 2774 bonum,
1634 2693 1677 2752 ut
1704 2668 1845 2780 pessimi
1835 2668 2012 2753 barbari

586 2811 703 2900 arque
737 2787 837 2901 impii
863 2787 1033 2872 humanis
1077 2816 1120 2870 ac
1160 2814 1247 2874 vere
1279 2784 1460 2900 religionis
1486 2785 1688 2872 cultoribus
1718 2788 2009 2900 obtemperent,

586 2901 800 3018 horumque
825 2906 973 2991 monitis
988 2933 1031 2990 ac
1045 2904 1188 3020 legibus
1212 2927 1250 2986 et
1266 2902 1535 2988 consuetudine
1563 2903 1611 2986 ad
1639 2902 1860 3007 sanitatem,
1877 2903 2011 2988 huma·

586 3021 741 3108 nitatem
769 3024 1017 3137 pietatemque
1046 3023 1282 3108 reducantur.
1324 3021 1445 3124 Quod
1470 3021 1669 3104 maximum
1686 3019 1914 3105 Christianae
1944 3048 2013 3107 ca·

588 3139 701 3223 ritatis
725 3137 889 3226 officium
913 3165 978 3226 est
1007 3140 1144 3244 Adde,
1171 3167 1249 3224 non
1265 3138 1347 3224 leve
1370 3137 1419 3222 ad
1444 3137 1558 3222 belli
1551 3137 1721 3249 iustitiam
1737 3138 1886 3250 pondus
1909 3167 2014 3224 acce·

590 3259 678 3342 dere
712 3285 757 3342 ex
788 3288 867 3365 eo,
894 3259 1000 3374 quod
1021 3201 1145 3342 undeni
1168 3276 1280 3365 opera
1306 3251 1439 3366 (verba
1462 3278 1550 3338 sunt
1572 3254 1827 3368 Democraris)
1859 3281 2015 3364 magnae

588 3380 748 3484 injuriae
770 3403 794 3457 a
820 3385 943 3461 multis
969 3379 1216 3460 innocentibus
1247 3375 1448 3460 homiuibus
1472 3379 1765 3570 propulsentur,
1786 3382 1823 3456 si
1854 3375 2013 3456 barbari

589 3501 659 3576 isti
683 3501 721 3574 in
744 3496 914 3578 ditionem
934 3501 1183 3601 redigantur,
1208 3496 1379 3595 aquidu's
1403 3495 1714 3598 constntsingulis
1738 3498 1847 3572 annis
1872 3498 1911 3572 iu
1937 3517 2014 3574 una

588 3619 768 3718 regione,
791 3637 882 3715 qnae
907 3615 1023 3695 Nova
1039 3609 1218 3724 Hispania
1244 3613 1383 3692 dicitur
1418 3608 1611 3710 ,homines
1636 3609 1828 3690 nihilitate
1859 3617 2014 3692 meritos

586 3748 709 3834 sttpra
732 3735 873 3835 uiginti
909 3735 1025 3810 mittin
1055 3735 1093 3808 in
1124 3735 1249 3810 sacris
1268 3732 1445 3812 annotari.
1476 3723 1603 3829 Itaque
1634 3741 1791 3830 excepta
1820 3751 1891 3806 una
1921 3727 2015 3808 urbe

588 3845 763 3949 Mexico,
790 3850 896 3954 cujus
911 3849 1087 3958 oppidani
1108 3859 1195 3962 ppst
1197 3870 1294 3926 remo
1314 3859 1401 3949 pert
1402 3849 1613 3924 inanissime
1628 3858 1909 3949 repugnarunt,
1933 3857 2015 3926 tota

588 3968 656 4042 illa
588 3972 900 4070 rprovincia,
922 3988 1013 4066 quae
1028 3967 1114 4044 inuit
1099 3979 1135 4044 to
1151 3977 1207 4042 est
1245 3968 1340 4044 nrnni
1368 3962 1558 4066 Hispania
1590 3962 1738 4064 major,
1770 3967 1808 4040 in
1825 3958 2015 4042 Christia-

587 4103 713 4160 norum
732 4084 905 4163 ditionem
926 4083 1079 4162 redacta
1101 4093 1191 4178 est,
1224 4083 1333 4160 multo
1353 4084 1485 4160 minori
1516 4104 1595 4158 cum
1620 4079 1766 4178 caede,
1798 4103 1904 4179 qrrnm
1934 4085 2016 4182 ipsi
2055 4163 2059 4172 ,

586 4201 745 4304 singulis
758 4194 849 4298 fere
876 4205 982 4278 anuis
1009 4198 1170 4278 solebant
1195 4202 1235 4274 in
1260 4202 1338 4280 suis
1360 4193 1498 4297 fitcere
1524 4191 1742 4288 sacrificiis.
1776 4193 1863 4272 Has
1891 4201 2012 4298 igitur

587 4311 809 4424 (concludit
826 4318 1092 4410 Democrates)
1122 4321 1304 4394 maximas
1336 4315 1496 4419 injurius
1514 4317 1737 4417 propulsare
1770 4335 1793 4386 α
1824 4324 1878 4392 tot
1907 4317 2014 4394 inno·

586 4433 752 4512 centibus
774 4432 1007 4534 bominibns,
1032 4454 1112 4510 cunt
1124 4439 1249 4537 possit
1267 4490 1279 4532 ,
1294 4437 1376 4532 quis
1394 4443 1500 4536 neget
1524 4430 1687 4508 incesse
1706 4435 1899 4534 principis
1914 4436 2020 4532 opti.

585 4555 637 4630 ιιι·
657 4563 693 4628 et
715 4553 883 4654 religiosi
896 4555 958 4630 i...
989 4547 1122 4653 Quare
1142 4574 1275 4654 magna
1301 4552 1452 4644 ratione·
1468 4559 1575 4646 atque
1591 4553 1725 4650 optimo
1742 4548 1831 4649 jure
1855 4559 2013 4626 naturae

582 4665 789 4774 hujusmodi
808 4667 963 4746 barbari
980 4680 1182 4772 possunt,
1219 4673 1256 4744 si
1284 4665 1462 4744 cornmode
1489 4663 1533 4738 id
1545 4657 1641 4756 fieri
1664 4719 1677 4764 ,
1697 4662 1776 4746 ,hoe
1790 4675 1848 4742 est
1879 4723 1902 4763 ,.
1926 4669 2016 4750 sine,

579 4809 712 4890 inagna
737 4791 934 4890 pioraunt
899 4785 1105 4889 jactura·
1078 4787 1231 4880 ualeat,
1266 4786 1413 4881 arratis,
1446 4785 1506 4858 sin
1521 4784 1634 4858 aliter
1651 4783 1794 4878 datur,
1825 4785 2007 4886 compelli,

576 4917 618 4984 ut
642 4903 924 4990 clarundonam
939 4906 1094 5010 imperio
1117 4899 1316 5054 subjiciant
1318 4923 1390 5048 ur,
1423 4909 1464 4984 ut
1482 4923 1507 4981 a
1529 4898 1672 5006 maguis
1697 4896 1847 5004 irp'utiir
1864 4923 1909 4981 ιι
1925 4923 2011 4980 ιιι·

1954 5019 2006 5106 ιι
