4294 5984
580 464 661 526 ιω
982 439 1066 532 ou
1108 439 1308 532 nauus
1347 427 1591 530 otsrrs'

536 617 592 717 ad
629 611 809 713 eosdem
845 597 1103 710 Antonium
1135 605 1387 850 Zugnipam
1433 640 1485 704 et
1523 607 1747 740 Joannem
1789 596 2004 714 Riveram'
2133 653 2134 662 ¹

534 800 559 860 a
597 756 744 898 Regni
781 751 1047 895 praesidibus
1083 789 1255 851 summa
1324 749 1394 849 elli
1431 750 1478 848 in
1519 745 1781 890 Carpetania
1822 755 2002 894 gerendi

536 905 677 1002 delata
712 896 891 1015 fuisset,
927 933 979 995 ut
1016 901 1210 1030 Joannes
1247 893 1411 995 Rivera
1445 892 1586 1012 citra,
1623 892 1845 994 Antonius
1888 897 2001 998 ultra

526 1043 716 1185 ¹Tagum
754 1041 810 1142 ad
847 1035 1090 1140 meridiem
1115 1039 1302 1141 militare
1339 1038 1579 1176 imperium
1616 1036 1865 1138 obtineret.

605 1198 719 1288 XIII.
794 1186 1001 1285 Toletani
1037 1219 1325 1324 posteaquam
1361 1183 1415 1280 de
1453 1181 1732 1322 popularium
1770 1183 1883 1282 mala
1919 1224 1999 1327 pu·-

534 1372 621 1476 gna
651 1367 694 1431 et
721 1330 907 1466 Joannis
944 1329 1162 1447 Padillae,
1198 1363 1534 1465 ceterorumque
1570 1324 1733 1425 ducum
1764 1366 1865 1428 casu
1889 1368 1999 1430 nun-

534 1479 690 1577 tiatum
727 1513 820 1595 est,
856 1474 997 1575 nihilo
1035 1474 1176 1615 magis
1212 1474 1267 1571 ad
1305 1471 1532 1571 sanitatem
1568 1471 1727 1569 rediere
1742 1547 1758 1590 ,
1800 1511 1851 1572 ac
1888 1474 1997 1572 mul-

535 1657 585 1722 to
623 1620 755 1722 etiam
790 1620 930 1764 magis
967 1616 1368 1718 tumultuabantur.
1407 1623 1486 1714 Per
1522 1615 1567 1713 id
1606 1649 1776 1755 tempus
1803 1615 1996 1751 Jacobus

537 1776 687 1906 Lupus
724 1764 939 1865 Pachecus
984 1763 1187 1864 Scalonae
1230 1759 1466 1900 Princeps,
1509 1757 1587 1899 qui
1630 1759 1829 1859 Villenae
1872 1771 1999 1870 Mar<
2136 1823 2137 1876 5

537 1907 641 2010 cluo
678 1907 796 2008 inani
832 1909 959 2009 titulo
997 1905 1252 2026 dicebatur,
1288 1944 1392 2003 curn
1429 1904 1698 2047 cognomine
1734 1903 1856 2024 filio,
1890 1920 1998 2007 San-

537 2053 599 2154 cti
641 2050 846 2192 Stephani
887 2050 1097 2168 Comite,
1139 2050 1338 2189 itemque
1383 2049 1582 2185 Jacobus
1625 2051 1842 2150 Cardenas
1884 2059 1998 2148 Gra-

536 2231 660 2296 natae
696 2188 934 2335 praefectus
971 2195 1277 2327 (Adelanratum
1312 2193 1451 2333 vulgo
1493 2193 1682 2328 dicunt)
1727 2195 1807 2334 qui
1849 2229 1996 2334 postea

535 2340 786 2482 Maquedae
820 2337 956 2438 Ducis
994 2336 1122 2436 titulo
1159 2329 1243 2436 firit
1280 2373 1429 2436 auctus
1444 2413 1459 2456 ,
1504 2336 1747 2453 Toletum,
1793 2373 1845 2436 ut
1887 2337 1997 2436 vici-

535 2483 615 2602 ni,
652 2519 784 2622 atque
818 2483 929 2578 adeo
961 2480 1076 2577 cives
1106 2480 1312 2579 Toletani
1343 2513 1386 2578 et
1414 2479 1576 2598 amici,
1614 2478 1871 2618 pacificandi
1901 2519 1999 2621 gra·

537 2627 599 2726 tia
635 2658 877 2730 venerumt
924 2622 997 2721 sed
1043 2621 1281 2742 Toletani,
1326 2623 1483 2722 dolum
1525 2661 1797 2744 metuentes,
1844 2657 1999 2724 coacta

535 2805 701 2880 manu,
737 2775 945 2865 Granatae
981 2761 1250 2904 praefectum
1287 2766 1464 2884 adorti,
1502 2767 1763 2868 comitatum
1800 2775 1891 2901 ejus
1928 2807 1998 2868 ar-

536 2911 619 3012 mis
662 2946 706 3010 et
747 2948 926 3011 eentum
966 2909 1138 3008 circiter
1182 2908 1364 3050 triginta
1408 2909 1533 3050 equis
1577 2951 1817 3036 exuerunt,
1865 2947 1997 3052 arque

536 3053 678 3197 ipsum
723 3053 833 3156 urbe
880 3053 1082 3155 excedere
1125 3069 1394 3195 coegerunt.
1446 3058 1568 3154 Turn
1611 3057 1686 3156 vix
1728 3096 1755 3155 a
1804 3054 1997 3155 Pacheco

535 3233 715 3341 propter
758 3210 865 3331 ejus.
892 3200 1197 3300 auctoritatem
1244 3198 1529 3318 abstinentes,
1573 3199 1806 3300 Comitem
1853 3197 1996 3298 filium

535 3343 584 3444 in
627 3344 904 3484 popularium
947 3343 1080 3443 verba
1126 3355 1267 3479 jurare
1311 3341 1649 3484 compulerunt3
1696 3343 1854 3444 deinde
1891 3349 2000 3442 Ma-

536 3486 649 3586 tiam
685 3486 924 3587 Pachecam
967 3481 1126 3587 furoris
1169 3486 1364 3588 altricem
1408 3522 1539 3628 atque
1584 3489 1775 3609 ducem,
1819 3527 1873 3587 ex
1910 3486 1999 3587 do·

536 3667 615 3732 mo
635 3623 788 3773 'quam
823 3629 1075 3751 habitabat,
1111 3631 1157 3732 in
1187 3632 1313 3754 sella,
1349 3666 1398 3733 ut
1434 3667 1523 3732 erat
1558 3671 1658 3774 post
1694 3630 1842 3732 mariti
1881 3670 1996 3732 mot·

538 3808 627 3877 tem
664 3812 827 3897 atrata,
865 3777 1122 3877 sustulerunt
1158 3812 1201 3876 et
1237 3777 1284 3876 in
1320 3814 1464 3877 arcem
1500 3809 1870 3920 transportatum.

632 3931 752 4022 XIV.
851 3921 1091 4064 Episcopus
1136 3922 1410 4023 Zamorensis
1452 3922 1508 4022 ad
1551 3922 1791 4066 ingressum
1834 3914 1999 4055 Jacobi

538 4063 721 4165 Pacheci
756 4064 923 4166 Toleto
961 4065 1233 4185 discesserat,
1271 4102 1320 4165 ut
1356 4066 1403 4166 in
1439 4074 1726 4187 Navarram,
1761 4064 1999 4168 Gallorum·

538 4247 625 4346 que
659 4247 826 4327 castra,
863 4245 913 4309 ut
950 4249 1079 4350 supra
1114 4207 1379 4330 docuimus,
1421 4245 1556 4352 opem
1597 4246 1773 4312 oratum
1814 4244 1998 4309 conten-

543 4353 691 4454 deret.
742 4349 956 4453 Pachecus
998 4354 1133 4496 igitur
1180 4394 1236 4454 ne
1278 4349 1435 4457 frustra
1482 4357 1725 4477 niteretur,
1778 4354 1999 4496 desperata

536 4497 856 4596 Toletanorum
893 4497 1103 4618 sanitate,
1140 4499 1398 4620 Scalonam,
1433 4504 1548 4600 unde
1590 4535 1810 4618 venerat,
1854 4529 2000 4595 rever·

538 4637 674 4761 titur,
710 4679 760 4741 ac
796 4678 949 4740 omnes
994 4635 1084 4739 fere
1126 4640 1275 4763 cives,
1319 4645 1398 4784 qui
1437 4645 1485 4744 in
1526 4643 1679 4787 aliquo
1721 4682 1909 4744 numero
1957 4671 2002 4738 et

538 4777 707 4886 honore
742 4822 890 4908 etant,
928 4785 1236 4892 discesserunt.
1277 4801 1426 4933 Itaque
1463 4827 1615 4893 omma
1651 4788 1778 4930 vulgi
1818 4783 2004 4889 libidine

1965 4957 2006 5024 et
