4298 5980
651 452 889 536 CAROLI
931 453 984 534 V.
1035 457 1143 536 LIB.
1187 460 1275 539 Vl.
1502 519 1504 523 .
1583 479 1663 574 199

249 611 370 721 urbis
407 604 598 718 tuendae
632 614 767 752 gratia
803 649 1123 733 convenerant,
1148 618 1454 762 Hispanorum
1490 623 1711 771 quinque,

244 774 569 866 Germanorum
606 791 805 896 quatuor·
834 757 1005 857 circiter
1040 758 1260 883 millium,
1297 766 1587 911 equitumque
1623 814 1712 878 sex-

244 943 477 1010 centorum
511 894 605 1004 firit·
618 980 636 1001 ..
666 911 818 1040 Itaque
855 901 1007 1004 decem
1043 902 1211 1006 circiter
1247 907 1470 1032 millibus,
1506 916 1587 1054 qui
1622 957 1713 1022 non

247 1052 366 1153 urbis
403 1086 560 1166 muro,
583 1047 666 1147 sed.
695 1041 904 1147 brevibus
955 1082 998 1145 et
1033 1040 1158 1146 fossis
1195 1083 1236 1150 et
1271 1050 1392 1153 vallis
1429 1058 1600 1158 munita
1644 1103 1714 1161 ta-

246 1231 336 1295 stra
372 1195 429 1293 ad
473 1187 772 1292 suburbanum
809 1187 958 1290 vicum
993 1186 1247 1312 habebant,
1283 1233 1349 1296 res
1386 1237 1474 1299 erat
1511 1241 1563 1299 ex
1607 1203 1715 1321 alte-

242 1376 293 1440 ra
330 1370 455 1476 parte
496 1374 606 1435 cum.
643 1332 768 1433 omni
812 1331 1000 1432 civitate·
1038 1336 1363 1442 Mediolanensi
1405 1378 1448 1442 et
1489 1379 1589 1445 ante
1632 1347 1715 1446 de·

243 1478 467 1580 ditionem
503 1478 774 1578 etiamtum
812 1474 918 1576 arcis
954 1479 1205 1619 praesidio,
1243 1484 1460 1586 exalterat
1496 1525 1599 1588 curn
1635 1531 1689 1591 eo
1700 1569 1717 1614 ,

242 1662 386 1765 quem
424 1621 645 1741 diximus,
681 1619 1017 1722 Foederatorum
1052 1625 1273 1747 exercitu,
1301 1628 1372 1729 cui
1406 1630 1592 1752 Galliae,
1627 1635 1716 1734 Bri-

245 1766 511 1908 tanniaeque
553 1801 602 1864 et.
644 1765 785 1868 Italiac
825 1757 921 1864 fere·
963 1764 1142 1886 omnis,
1186 1809 1299 1908 quae
1341 1771 1389 1871 in
1432 1775 1716 1880 Caesarianos

246 1911 643 2052 conspiraverant,
685 1945 916 2007 consensus
965 1909 1136 2009 animos
1187 1947 1231 2010 et
1273 1911 1448 2053 spiritus
1500 1919 1713 2025 addebat.

244 2063 361 2156 Post·
391 2051 699 2153 Helvetiorum
734 2051 1004 2168 adventurn,
1042 2052 1269 2154 Foederati
1311 2057 1366 2155 ad
1403 2061 1716 2166 Mediolanum

243 2198 587 2314 obsidendum,
617 2196 698 2293 std'
729 2190 848 2318 alia,
884 2231 1022 2332 quam
1058 2231 1223 2332 nuper,
1260 2234 1383 2335 parte
1417 2240 1690 2307 revertuntur
1696 2285 1715 2330 ,

244 2338 510 2479 multosque·
548 2338 646 2438 dies·
681 2335 789 2436 citra
829 2335 1214 2478 oppugnationem
1256 2342 1563 2484 nequidquam
1604 2387 1716 2447 con-

245 2517 538 2599 sumserunt,
566 2478 762 2580 deterriti
796 2478 958 2582 scilicet
996 2481 1354 2582 Caesarianorum
1395 2487 1588 2607 virture,
1636 2490 1718 2630 qui

245 2661 352 2726 non¹
394 2625 543 2724 modo
577 2617 822 2763 frequenter
872 2657 1146 2761 erumpentes
1191 2623 1304 2724 levia
1348 2629 1508 2766 praelia
1550 2671 1717 2775 magno

246 2767 437 2888 animo,
472 2803 516 2866 et
550 2806 599 2866 ea
640 2765 901 2907 plerumque
942 2765 1130 2866 secunda
1173 2761 1420 2890 faciebant,
1466 2775 1541 2872 sed
1585 2777 1716 2878 etiam

248 2951 379 3053 saepe
430 2907 623 3053 singulae
672 2908 873 3010 cohortes
922 2943 1194 3011 commeatus
1249 2913 1432 3050 petendi
1483 2917 1620 3056 gratia
1667 2919 1717 3021 in

249 3052 450 3160 aedilicia
486 3054 697 3195 vicosque
733 3054 1021 3188 circunjectos
1058 3053 1339 3156 excurrebant
1355 3134 1377 3156 .-

329 3205 527 3300 XXXV.
601 3211 840 3319 Ceterum,
875 3237 932 3299 ne
968 3199 1139 3299 tamdiu
1174 3232 1318 3298 tantus
1361 3196 1569 3304 exercitus
1603 3202 1714 3306 nihil

255 3337 398 3442 facere
433 3341 675 3464 videretur,
712 3342 992 3444 Malatestam
1033 3340 1283 3446 Ballionem.
1316 3346 1571 3450 Perusinum
1611 3388 1714 3450 cum

255 3483 495 3612 hominum
526 3487 648 3588 ‘octo
698 3484 890 3588 millibus
932 3501 1202 3589 Cremonam
1250 3486 1371 3588 mitti
1412 3491 1584 3631 placet,
1632 3489 1714 3629 qui

256 3670 354 3732 eam
390 3629 583 3752 urbem,
622 3667 762 3773 quam
803 3632 1010 3731 Germani
1050 3629 1200 3752 mille,
1245 3632 1436 3773 Hispani
1483 3631 1713 3774 quingenti

252 3811 357 3876 cum
393 3813 529 3915 parvo
565 3775 768 3916 equitatu
802 3775 1142 3896 custodiebant,
1180 3775 1472 3916 recipiendam
1518 3809 1708 3895 curaret,

254 3955 331 4016 arx
378 3921 497 4020 enim
539 3916 762 4024 Sfortiano
804 3919 1021 4063 praesidio
1075 3916 1374 4021 retinebatur.
1421 3929 1459 4016 Is
1499 3917 1711 4057 postridie

257 4065 494 4163 Nonarum
528 4066 719 4204 Augusti
755 4065 903 4206 copias
939 4103 1042 4164 curn
1077 4059 1374 4200 perduxisset,
1417 4095 1594 4200 postero
1637 4061 1710 4160 die

254 4202 475 4343 dispositis
511 4206 744 4308 tormentis
769 4248 819 4310 ea
849 4241 998 4348 parte,
1038 4241 1150 4343 quac
1188 4234 1250 4302 est
1275 4201 1387 4302 inter
1416 4239 1593 4343 portam
1623 4204 1711 4304 Mu·

226 4353 320 4446 ⁴sne
356 4351 752 4490 cognominatam,
788 4385 832 4449 et
867 4351 1033 4448 Padum
1069 4347 1267 4464 flumen,
1305 4382 1471 4486 magno
1505 4347 1710 4486 impetu,

257 4489 334 4588 led
368 4487 562 4616 frustra,
599 4488 756 4592 urbem
793 4523 1046 4631 oppugnat.
1083 4500 1236 4629 Itaque
1269 4523 1473 4628 sequente
1516 4489 1588 4589 die
1629 4529 1710 4588 co-

258 4633 351 4768 pias
388 4632 508 4735 mille
544 4631 601 4733 ab
636 4632 741 4733 urbe
780 4633 969 4770 passibus
1004 4631 1198 4744 reducit,
1244 4665 1468 4772 castraque
1503 4669 1711 4730 commu-

258 4773 363 4895 nit,
413 4778 488 4876 sed
541 4776 690 4916 paucis
743 4775 894 4874 diebus
946 4774 1178 4903 interjectis
1233 4810 1310 4911 per
1366 4811 1462 4872 eam
1508 4808 1709 4913 partem,

1600 4955 1711 5058 quae
