4298 5980
296 289 361 348 N&

327 353 368 374 V

552 449 795 540 esrom
838 447 891 537 v.
941 425 1176 536 uru'vr.
1246 445 1248 448 ’
1492 411 1591 550 rr}

87 626 91 632 ’
158 641 308 718 testate
356 599 597 715 Franciscus
645 614 741 710 Rex
791 600 1019 709 Gallorum
1073 637 1160 710 crat
1207 599 1369 746 praelio
1417 609 1620 749 Paplensi

155 789 338 894 captus.
367 753 479 884 Juro
517 747 653 889 igitur
677 743 857 857 Carolus
884 745 1006 852 idem
1032 747 1330 890 Burgundiam
1365 751 1485 897 pacis
1519 793 1619 860 con«

80 1015 85 1026 ι
153 897 329 1002 ditione
367 892 618 1046 repetebat.
697 931 698 934 ‘
897 935 901 941 ·

78 1027 84 1050 ¹
225 1049 382 1140 XVIII.
459 1042 542 1173 Jus
577 1068 753 1152 autem,
790 1069 884 1174 quo
912 1033 1026 1134 Galli
1062 1046 1206 1177 Reges
1239 1035 1617 1147 Mediolanensem

149 1181 458 1322 Principatum
499 1178 612 1287 bello
663 1176 945 1318 repetebant,
994 1212 1037 1276 et
1085 1219 1178 1319 quo
1227 1179 1471 1286 Franciscus
1520 1199 1617 1288 Rex

149 1327 318 1426 Carolo
358 1322 532 1428 Caesari
570 1321 735 1424 hocin
767 1315 943 1426 foedere
973 1320 1187 1434 decessit,
1216 1359 1307 1425 erat
1338 1321 1614 1453 hujusmodi.

148 1477 217 1574 Ex
252 1461 419 1572 familia
455 1461 815 1585 Vicecomitum,
852 1465 932 1604 qui
970 1465 1047 1565 diu
1082 1465 1461 1568 Mediolanensem
1497 1471 1617 1575 Ptin·

147 1611 349 1750 cipetum
395 1645 571 1714 tenuere
588 1689 611 1728 „
655 1613 855 1744 Joannes
909 1609 1140 1711 Galleatius
1199 1611 1365 1752 primus
1410 1613 1616 1720 omnium

124 1755 286 1864 ‘Ducis
324 1754 455 1862 titulo
490 1752 746 1859 auctoritate
781 1752 1008 1854 Venceslai
1043 1755 1320 1895 Imperatoris
1356 1757 1615 1859 Mediolano

147 1898 454 2040 imperitavit.
504 1912 542 2002 Is
589 1900 702 2000 duos
753 1895 864 1999 lilios
916 1903 1172 2030 joannem,
1227 1932 1271 1998 et
1325 1897 1615 2042 Philippum,

150 2042 232 2182 qui
268 2043 359 2146 sine
396 2036 539 2144 liberis
575 2041 882 2159 decesserunt,
922 2074 965 2136 ct
1006 2039 1287 2143 Valentinam
1332 2037 1465 2142 filiam
1508 2084 1617 2185 pro«

148 2185 343 2292 creavit,
387 2193 517 2290 Hanc
558 2180 808 2285 Ludovicus
857 2180 1010 2282 Caroli
1055 2183 1170 2284 Sexti
1206 2184 1434 2285 Gallorum
1477 2189 1613 2328 Regis

149 2320 283 2432 frater
347 2327 395 2429 in
444 2323 784 2428 matrimonium
840 2321 1010 2430 duxits
1073 2363 1125 2422 ex
1180 2317 1273 2464 quo
1325 2328 1613 2430 matrimonio
1745 2393 1760 2407 -·

148 2467 333 2572 Carolus
368 2502 493 2572 naurs
529 2503 621 2591 est,
660 2503 781 2605 pater
816 2473 908 2598 ejus
943 2465 1195 2586 Ludovici,
1233 2468 1311 2607 qui
1354 2467 1482 2603 hujus
1527 2511 1613 2571 no-

149 2610 285 2718 minis
321 2610 621 2718 Duodecimus
656 2602 866 2750 Regnum
906 2609 1133 2716 Gallorum
1177 2611 1348 2730 tenuit,
1392 2646 1434 2710 ct
1475 2622 1614 2752 Joan-

148 2789 256 2860 nem
282 2753 490 2862 Francisci
515 2753 650 2894 Regis
687 2789 849 2870 avum,
882 2753 1065 2856 Henrici
1101 2791 1235 2872 vero,
1267 2753 1346 2894 qui
1382 2793 1501 2856 nunc
1537 2797 1610 2862 re-

149 2933 254 3005 rum
303 2896 566 3008 Gallicarum
615 2893 822 3035 potitur,
876 2933 1095 3033 proavum
1152 2899 1339 3037 genuit.
1400 2911 1610 3004 Ceterum

149 3038 392 3146 Franciscus
428 3037 588 3148 Sfortia
625 3036 789 3172 Jacobi
825 3035 986 3140 nothus
1024 3037 1171 3156 filius,
1207 3038 1274 3142 vit
1309 3037 1611 3148 nobilissImao

147 3177 378 3303 familiae,
421 3217 465 3292 ct
507 3180 765 3300 bellicosus,
805 3178 1000 3322 Philippi
1043 3179 1298 3288 Valentinus
1341 3177 1480 3289 fratris
1523 3227 1610 3289 no-

147 3323 272 3436 tham
314 3325 452 3434 liliam
494 3365 679 3434 uxorem
721 3324 886 3445 duxit,
928 3335 1049 3458 cujus
1092 3324 1368 3435 matrimonii
1410 3331 1609 3434 occasio-

145 3505 201 3577 nc
239 3469 616 3583 Mediolanensem
651 3470 950 3610 Principatum
986 3468 1173 3590 invasit,
1215 3505 1258 3576 et
1293 3473 1484 3581 moriens
1527 3484 1607 3576 Lu·

147 3612 315 3722 dorico
351 3611 447 3726 filio
484 3613 660 3726 tradidit
695 3612 1020 3734 Maximillam,
1057 3650 1099 3722 st
1135 3653 1260 3756 saepe
1295 3659 1320 3725 a
1355 3617 1486 3722 nobis
1522 3653 1607 3719 me-

145 3755 308 3864 morati
343 3753 553 3865 Francisci
589 3756 729 3907 patri,
767 3755 845 3906 qui
880 3793 1034 3866 omnes
1070 3769 1216 3866 Duces
1259 3759 1607 3866 Mediolanenses

145 3893 350 4007 filerunt.
1503 4011 1508 4024 ,

237 4050 358 4152 XIX.
449 4058 499 4148 In
535 4045 682 4156 ceteris
717 4043 851 4188 igitur
892 4047 1049 4165 rebus,
1085 4082 1199 4183 quae
1243 4081 1321 4185 per
1363 4045 1509 4150 datam
1553 4048 1606 4150 fi-

145 4183 250 4292 clem
276 4221 318 4293 st
344 4190 644 4322 jusjurandum
680 4189 822 4298 verbis
859 4191 1021 4298 scilicet
1057 4223 1179 4294 crant
1215 4192 1514 4331 peragendae,
1548 4187 1607 4294 fa·

148 4325 279 4434 cilem
316 4367 403 4438 scse
437 4328 585 4442 Gallus
621 4332 669 4437 iu
705 4332 963 4469 accipiendis
1000 4329 1330 4441 conditionibus
1373 4331 1602 4476 praebuit,

146 4505 197 4576 ut
233 4469 343 4580 nihil
380 4507 590 4614 praestate
626 4470 876 4617 cogitabam
912 4476 967 4584 ds
1003 4476 1253 4622 Burgundio
1288 4516 1393 4582 vero
1429 4481 1601 4584 traden-

148 4613 203 4718 da
245 4614 390 4724 modis
432 4615 636 4726 omnibus
680 4618 1070 4756 tergiuersabatut,
1115 4657 1187 4745 et,
1224 4623 1347 4764 quod
1383 4622 1473 4761 ipse
1498 4621 1600 4728 fieri

147 4754 350 5006 nolpsbat,
387 4759 604 4872 iocose
645 4799 853 4866 consensu
894 4765 1123 4872 Gallorum
1170 4765 1378 4907 impediri
1416 4766 1598 4872 simula-

257 4911 380 5006 om.I.
1131 4910 1200 5008 Aa
1486 4907 1597 5018 bat„
