4294 5984
604 489 685 576 128
1001 501 1108 583 DE·
1130 495 1344 579 REBUS
1393 489 1615 573 GESTIS

547 665 729 782 ductis,
779 653 1011 762 occasione
1058 650 1287 798 pugnandi
1336 683 1503 790 praeter
1552 679 1801 746 ceterorum
1849 647 2021 776 ducum

546 807 808 908 sententiam
844 803 1032 936 omissa,
1070 797 1217 936 copias
1254 791 1564 894 Mediolanum
1601 826 1908 932 properanter,
1946 794 2017 896 in-

545 952 701 1070 ducit,
735 986 778 1050 et
808 984 978 1050 vastam
1009 940 1194 1060 urbem,
1231 977 1345 1080 quae
1376 971 1545 1078 praeter
1574 973 1671 1036 eam
1700 971 1888 1074 partem,
1920 977 2015 1078 qua

545 1094 766 1236 oppidum
803 1093 947 1210 olim,
992 1088 1196 1214 nondum
1248 1082 1450 1180 maximis
1498 1075 1715 1180 suburbiis
1764 1080 2012 1210 adjunctis,

547 1236 807 1355 constabat,
838 1236 928 1335 sine
956 1229 1090 1330 muris
1128 1263 1225 1347 est,
1261 1219 1376 1324 fossa
1410 1221 1614 1363 valloque
1649 1222 1824 1322 munire
1859 1256 1903 1322 et
1940 1265 2011 1326 ve·

552 1417 662 1482 teres
696 1418 870 1523 aggeres
905 1374 1078 1477 reficere
1115 1367 1303 1511 incipit3
1330 1365 1403 1469 sed
1430 1368 1622 1466 adventu
1652 1366 2010 1472 Caesarianorum

548 1524 753 1644 Veneti,
797 1522 876 1663 qui
922 1555 1099 1661 aggeres
1141 1508 1433 1629 reficiebant,
1480 1508 1679 1649 repulsi,
1724 1546 1768 1610 et
1814 1510 2010 1649 ipsorum

552 1661 791 1808 praefectus
818 1664 1086 1764 Theodorus
1122 1694 1297 1798 captus.
1331 1651 1523 1793 Hispani
1559 1689 1702 1773 vcro,
1735 1689 1901 1754 ceteros
1938 1695 2010 1778 an·

548 1812 821 1930 tecedentes,
845 1808 1010 1910 vallum
1039 1801 1376 1915 transcendunt,
1413 1831 1545 1936 atque
1581 1794 1737 1898 urbem
1769 1796 2006 1902 invadunt.

619 1961 803 2053 XXXV
875 1956 1007 2049 Tunc
1054 1983 1158 2048 vero
1200 1938 1402 2043 Odcthus
1446 1948 1714 2061 Lautrecus,
1755 1939 1904 2041 relicto
1953 1942 2001 2043 in

549 2132 643 2196 arce
679 2093 926 2236 praesidio,
963 2087 1191 2230 copiisque
1226 2122 1304 2225 per
1345 2119 1515 2224 partem
1551 2081 1608 2183 ab
1650 2082 1848 2185 hostibus
1890 2122 2006 2186 aver-

548 2275 644 2340 sam
678 2237 875 2360 eductis,
910 2247 1108 2335 Cornum
1142 2229 1298 2332 urbem
1342 2225 1602 2347 contendit,
1645 2263 1690 2329 et
1721 2226 1792 2328 ibi
1829 2267 2006 2371 quoque

544 2377 814 2520 praesidium
849 2375 1097 2516 relinquens
1143 2384 1417 2473 Cremonam
1465 2371 1695 2512 pervenit,
1731 2369 1809 2474 ubi
1839 2413 1929 2474 sese
1959 2413 2007 2473 ex

548 2515 655 2657 suga
691 2556 735 2618 et
769 2521 932 2620 timore
972 2557 1077 2617 cum
1119 2517 1343 2652 recepisset
1384 2550 1429 2613 et
1469 2513 1792 2634 confirmasset,
1835 2517 1889 2615 ad
1931 2527 2009 2614 Fe·

458 2659 464 2670 ⁸
548 2662 744 2761 dcricum
773 2660 944 2780 mittit,
978 2697 1029 2760 ut
1052 2667 1208 2759 Parma
1238 2657 1448 2757 decedens
1483 2657 1540 2757 ad
1585 2697 1629 2758 se
1676 2657 2006 2801 quamprimum

549 2840 653 2904 etun
688 2801 903 2944 praesidio
942 2802 1091 2904 venire
1127 2835 1398 2945 properaret.
1432 2798 1636 2902 cherico
1664 2811 1819 2903 Panna
1854 2801 2008 2942 digres-

548 2985 628 3066 so,
655 2945 877 3048 Robertus
903 2945 1234 3065 Sansevcrinus,
1261 2944 1419 3045 Leonis
1442 2941 1666 3046 Pontificis
1694 2942 1873 3067 affinis,
1904 2983 2005 3047 cum

550 3088 767 3231 praesidio
805 3089 1033 3196 successim
1071 3087 1285 3190 Placentia
1321 3128 1504 3229 quoque
1539 3081 1665 3187 facile
1701 3089 1751 3189 in
1784 3086 2003 3189 Pontificis

547 3266 806 3373 potestatem
840 3232 1035 3341 reducta3
1070 3273 1149 3334 nec
1185 3225 1270 3331 fuit
1305 3231 1525 3372 oppidum
1558 3230 1608 3330 in
1642 3230 1804 3333 finibus
1835 3230 2004 3329 Medio-

548 3373 823 3496 lanensibus,
861 3377 984 3516 quod
1018 3373 1275 3475 Mediolano
1311 3408 1486 3514 recepto
1520 3414 1614 3474 non
1649 3413 1785 3516 parvo
1820 3372 2002 3516 negotio
2134 3395 2135 3398 ‘

549 3515 600 3618 in
634 3517 993 3620 Caesarianomm
1031 3552 1289 3658 potestatem
1324 3551 1592 3656 pertundet,
1630 3554 1791 3658 praeter
1828 3531 2003 3618 Cremo

551 3696 686 3785 nam,
721 3696 767 3763 et
801 3700 898 3761 eam
938 3661 1191 3802 regionem,
1234 3699 1345 3800 quae
1390 3659 1533 3760 lacum
1575 3659 1830 3764 Verbanum
1872 3658 2000 3760 attin-

551 3802 644 3942 git,
677 3839 721 3904 et
756 3805 863 3906 item
894 3809 1125 3922 Aronam,
1155 3839 1198 3902 et
1232 3803 1549 3903 Domusulam:
1584 3839 1696 3906 arces
1728 3840 1877 3904 tamen
1909 3809 2002 3902 Me·

552 3944 849 4067 diolanensis,
880 3943 1196 4064 Novariensis,
1230 3978 1275 4045 ct
1319 3944 1546 4048 Tritiensis
1580 3945 1629 4048 in
1672 3947 1898 4049 Gallorum
1933 3983 1999 4086 po

552 4118 702 4189 testate
737 4126 1049 4192 remanserunt.

621 4239 835 4334 XXXVI.
909 4247 1033 4334 Dum
1067 4229 1174 4332 hacc
1208 4234 1263 4335 ad
1298 4230 1492 4336 Insubres
1528 4270 1757 4379 gemnnn,
1792 4233 1905 4337 inter
1937 4230 2002 4330 vi-

551 4371 715 4473 ctoriae
751 4373 1084 4516 gratulationem
1119 4387 1293 4478 Romac
1326 4386 1419 4478 Leo
1455 4373 1659 4480 Pontifex
1692 4415 1869 4482 natiuae
1900 4413 2003 4476 con-

549 4511 705 4612 cessit:
743 4555 835 4653 quo
870 4520 1032 4618 nuntio
1067 4557 1248 4661 accepto
1284 4522 1431 4654 Julius
1467 4523 1696 4644 Medices,
1733 4561 1916 4662 cumque
1946 4555 2001 4615 co

547 4655 833 4776 Sedunemis,
863 4658 1142 4781 Cardinales,
1180 4665 1237 4763 ad
1277 4661 1506 4763 Pontificia
1542 4666 1722 4768 comitia
1762 4667 1810 4767 in
1849 4659 2001 4764 urbem
2132 4697 2133 4722 ¹

545 4831 829 4939 properanter
860 4837 1151 4909 reverterunt.
1188 4817 1330 4908 Duces
1358 4843 1507 4909 autem
1542 4810 1790 4913 Caesariani
1822 4817 2002 4910 Parman

1929 4983 1968 5048 et
