4294 5984
550 435 795 520 CAROLI
840 438 895 520 V.
930 368 1161 523 LII301V.
1411 405 1413 408 ⁵
1472 449 1563 542 ‘117

137 603 198 710 a'd
234 643 302 707 eas
338 595 538 745 regiones
576 637 798 702 summam
837 598 1039 703 obtinere
1074 597 1259 732 jubent,
1296 623 1340 705 et
1382 641 1487 707 cum
1530 647 1612 752 pe*
1693 641 1695 646 ‘

137 751 283 853 ditatu
320 747 640 888 equitatuque,
678 748 759 886 qui
802 747 858 846 ad
894 744 1144 846 Victoriam
1185 749 1367 870 aderat,
1403 766 1612 860 Sanctum

134 894 439 998 Sebastianum
475 927 744 1032 properare,
780 925 824 988 et
860 889 908 990 id
944 890 1163 1030 oppidum
1190 892 1468 1034 Guipuscoae
1495 907 1612 1002 Can⁴

136 1037 330 1139 tabricae
368 1034 620 1176 provinciae
657 1032 952 1174 primarium,
990 1036 1114 1174 quod
1150 1074 1258 1136 mox
1293 1037 1407 1138 Galli
1442 1041 1611 1178 petitu-

132 1181 174 1283 ri
235 1177 538 1322 putabantur,
589 1177 734 1278 tuerI.
792 1187 864 1278 De
918 1174 1046 1308 hujus
1103 1177 1293 1281 adventu
1344 1179 1611 1286 Almirallius

136 1360 248 1460 cum
298 1321 621 1464 cognovisset,
671 1318 850 1423 ulterius
894 1321 1218 1464 procedendum
1264 1361 1359 1426 non
1403 1329 1611 1466 putavit3

141 1468 224 1567 sed
261 1466 390 1568 firmo
428 1463 640 1606 praesidio
678 1463 971 1584 Fonterabia,
1006 1465 1251 1610 vicinisque
1296 1469 1475 1570 castellis
1510 1514 1612 1574 mu-

143 1608 283 1729 nitis,
319 1610 509 1710 domum
544 1608 796 1710 revertitur.
835 1620 940 1710 Hoc
975 1610 1207 1732 nuntiato,
1242 1613 1450 1714 Castellae
1485 1653 1609 1756 prae·

139 1753 253 1854 sides
292 1794 385 1854 suas
421 1752 555 1855 eriam
590 1751 674 1895 ipsi
711 1753 856 1894 copias
893 1751 1116 1854 dimittere
1151 1756 1455 1877 constituunt,
1480 1797 1605 1899 prae·-

137 1932 208 1997 ter
249 1896 369 1997 mille
411 1896 619 2038 pedites,
669 1895 924 2036 equitesque
967 1897 1215 2019 ducentos,
1256 1937 1435 2002 centum
1485 1937 1607 2004 cata-

145 2037 395 2180 phractos,
453 2039 642 2138 totidem
692 2037 866 2168 levioris
919 2073 1197 2158 armaturae,
1247 2081 1339 2183 quo
1391 2045 1607 2184 praesidio

145 2183 371 2286 Belrranus
420 2192 573 2281 Cueva
613 2189 819 2281 Sanctum
858 2177 1153 2280 Sebastianum
1196 2217 1240 2281 et
1283 2185 1609 2318 circumjecram

147 2327 380 2465 regionem
415 2321 655 2444 obtineret,
693 2359 737 2424 et
777 2363 802 2422 a
837 2321 1066 2448 Gallorum
1108 2323 1429 2424 incursionibus
1463 2364 1609 2438 ruere<

145 2503 253 2574 turs
301 2468 424 2609 quod
466 2467 538 2567 ille
583 2505 766 2586 munus,
809 2463 993 2566 libenter
1034 2502 1313 2607 susceptum,
1348 2502 1520 2571 strenue
1555 2511 1607 2572 ac

146 2610 381 2750 diligenter
416 2609 758 2716 administravit.

222 2761 383 2855 XXIII.
456 2763 558 2854 Erat
605 2794 696 2855 non
740 2753 893 2896 procul
941 2795 967 2854 a
1006 2752 1263 2886 Fonterabia
1304 2795 1378 2858 arx
1417 2755 1606 2860 Beoviae

149 2890 305 3016 dicta,
347 2933 484 3039 quam
528 2895 641 3000 Galli
687 2898 847 2999 eodem
895 2934 1094 3040 tempore
1141 2937 1244 2998 cum
1291 2937 1606 3040 occupassent,

148 3039 460 3181 praesidioque
484 3074 713 3161 tenerent,
749 3041 856 3182 quia
882 3075 1030 3140 tamen
1065 3040 1160 3180 plus
1189 3042 1433 3183 dispendii,
1468 3081 1607 3184 quam

144 3185 469 3285 commoditatis
509 3183 566 3284 ad
612 3180 775 3286 bellum
817 3185 1060 3325 gerendum
1099 3180 1300 3283 habitura
1343 3181 1606 3306 videbatur,

144 3325 354 3426 demoliri
402 3328 742 3429 constituerant.
793 3337 898 3427 Hoc
947 3364 1023 3468 per
1073 3325 1359 3468 exploratores
1406 3329 1605 3468 perlato,

146 3469 400 3587 Belrranus,
431 3469 513 3610 qui
543 3507 688 3570 arcem
719 3507 813 3569 non
841 3469 1123 3608 spernendam
1154 3466 1363 3609 putabats
1424 3472 1605 3572 uoniam

146 3612 241 3754 ipse
289 3613 471 3713 tertiana
518 3607 726 3712 febricula
768 3608 1034 3731 laborabat,
1076 3612 1352 3712 Ludovicum
1391 3510 1605 3732 Iratrem,

148 3793 253 3856 cum
290 3756 433 3858 milite
471 3755 754 3898 praesidiario
798 3789 841 3854 et
881 3753 1162 3856 tumultuaria
1200 3793 1338 3854 manu
1377 3791 1606 3896 properare

148 3899 295 4030 jubet,
333 3935 377 3999 et
412 3939 590 4019 arcem,
626 3940 738 4042 quae
772 3895 1043 4042 negligenter
1076 3893 1425 4014 custodiebatur,
1461 3897 1608 3998 tenta-¹

148 4077 225 4138 re.
263 4049 369 4141 Hoc
404 4043 477 4142 ille
513 4043 745 4184 diligenter
781 4042 1112 4157 administrato,
1154 4076 1297 4139 arcem
1332 4036 1423 4137 sine
1463 4075 1605 4141 certa-

145 4181 271 4284 mine
298 4222 374 4325 per
400 4185 674 4286 deditionem
699 4186 894 4326 recepirs
922 4221 1016 4323 quo
1046 4180 1204 4280 nuntio
1241 4181 1461 4283 commoti
1495 4182 1603 4286 Gal-

149 4323 211 4441 li,
240 4358 283 4424 et
320 4327 457 4449 arcis,
495 4363 630 4467 quam
665 4358 1018 4444 contemserant,
1054 4322 1269 4425 desiderio
1302 4323 1497 4448 incensI,
1532 4359 1603 4428 tu*

152 4467 397 4568 multuario
435 4470 605 4572 delectu
652 4509 805 4573 manus
859 4504 1062 4612 cogunt,
1110 4503 1155 4567 et
1204 4477 1443 4570 Germanos
1483 4467 1603 4572 mille

154 4613 449 4757 quingentos,
486 4655 599 4757 quos
632 4611 896 4718 Almirallius
932 4611 1154 4714 discedens
1189 4608 1238 4712 in
1272 4611 1465 4714 confinio
1509 4623 1602 4716 Re-

66 4829 69 4838 ,
151 4792 341 4894 gnosum
374 4759 696 4886 collocaverat,
732 4801 784 4862 ex
824 4755 1044 4904 praesidiis
1084 4755 1335 4864 deducunt.
1377 4765 1482 4856 Hoc
1522 4795 1600 4856 co·

1494 4934 1598 5036 gul-7
