4294 5972
589 536 672 625 350
992 523 1075 604 ou
1120 521 1323 602 nauus
1371 519 1595 604 oastts

542 723 691 788 tamen
728 721 875 825 postea
912 680 1056 786 fulta
1094 680 1309 785 Romanis
1361 677 1622 796 instaurata,
1666 675 1843 781 colonia
1889 721 2004 824 quo-

542 871 630 970 que
665 831 862 930 militum
897 841 1209 931 Romanorum
1246 865 1274 923 a
1307 822 1538 926 Dictatore
1568 830 1747 924 Caesare
1783 859 1838 922 eo
1870 829 2000 929 dedu·

541 1008 642 1080 cta3
678 973 928 1112 iterumque
962 970 1188 1112 Carthago
1225 1003 1453 1106 tantopere
1489 965 1664 1086 floruit,
1684 1005 1734 1068 ut
1770 970 1999 1108 Cypriani,

540 1149 585 1214 et
620 1116 860 1255 Augustini
895 1113 1129 1215 illustrium
1165 1115 1515 1251 Sanctorumqire
1549 1109 1750 1212 virorum
1786 1115 2000 1252 tempori-

537 1257 619 1357 bus
654 1294 813 1368 ceteras
849 1297 1002 1358 omnes
1038 1251 1214 1355 Africae
1251 1253 1446 1352 civitates
1482 1253 1700 1394 dignitate
1732 1289 1867 1394 atque
1901 1256 1998 1394 opi·

538 1397 619 1500 bus
666 1402 874 1521 anteiret,
915 1405 964 1501 ut
999 1400 1196 1499 indicant
1227 1395 1645 1537 Carthaginensium
1692 1397 1997 1500 Conciliorum

537 1580 852 1664 monumenta,
897 1584 1011 1686 quae
1047 1543 1185 1640 multa
1226 1533 1405 1638 filerunt
1439 1539 1488 1640 in
1524 1536 1607 1637 hac
1640 1535 1779 1660 urbe,
1829 1580 1997 1642 conve-

538 1683 761 1786 nientibus
803 1729 854 1790 ex
901 1685 1028 1788 omni
1071 1679 1218 1783 Africa
1260 1679 1591 1799 Pontificibus,
1633 1718 1677 1781 et
1728 1683 1996 1822 praesidente

537 1829 758 1968 Episcopo
800 1825 1178 1970 Carthaginensi,
1220 1820 1459 1926 celebrata.
1511 1825 1591 1924 Sed
1635 1861 1776 1924 rursus
1818 1861 1995 1966 tempos

536 2007 637 2068 rum
672 2008 723 2068 ac
761 1968 977 2072 bellorum
1014 1967 1175 2099 injuria
1211 2006 1349 2106 usque
1386 1969 1498 2068 adeo
1540 1963 1682 2067 deleta
1721 2001 1818 2087 est,
1861 2004 1910 2065 ut
1944 1969 1994 2070 in

537 2110 631 2210 solo
668 2109 980 2253 Carthaginis,
1023 2109 1149 2251 quod
1185 2107 1366 2208 vicatim
1406 2143 1450 2207 et
1492 2145 1569 2251 per
1623 2108 1779 2250 exigua
1822 2109 1994 2211 castella

534 2292 560 2350 a
603 2255 768 2354 vocatis
817 2249 954 2354 etiam
1000 2291 1116 2353 nunc
1159 2249 1577 2394 Carthaginensibus
1623 2251 1868 2372 incolitur,
1917 2253 1991 2355 vix

536 2396 685 2495 tenuia
721 2397 940 2538 quaedam
975 2395 1159 2535 vestigia
1201 2394 1322 2495 urbis
1358 2393 1592 2535 opulentae
1629 2393 1868 2534 supersint,
1905 2435 1989 2496 un-

536 2537 592 2638 de
645 2544 796 2639 Tunes
840 2537 940 2638 urbs
990 2571 1157 2638 vetusta
1205 2537 1323 2638 abest
1368 2537 1587 2638 sexdecim
1633 2536 1803 2637 circiter
1850 2537 1988 2639 millia

533 2715 738 2815 passuum
779 2680 1047 2814 interjectam
1102 2680 1308 2820 paludem
1363 2677 1669 2800 obeuntibus,
1719 2719 1824 2783 nam
1868 2716 1985 2780 recta

532 2819 712 2960 regione
747 2822 1058 2965 navigantibus
1094 2821 1270 2924 brevior
1311 2857 1374 2922 est
1409 2823 1513 2924 via.

602 2971 716 3066 XIII.
789 2965 971 3067 Carolus
1007 2964 1191 3106 cognito
1237 2964 1462 3100 Solymani
1496 2963 1684 3069 consilio
1715 2999 1857 3108 ‚atque
1888 3003 1984 3068 rno-

530 3098 647 3203 tibus
682 3104 923 3222 Charadini
955 3147 1048 3208 non
1085 3106 1169 3209 sibi
1200 3109 1370 3249 putavit
1399 3109 1447 3209 in
1481 3141 1605 3209 tanto
1630 3108 1980 3212 Christianorum

528 3246 688 3348 timore
724 3283 857 3388 atque
892 3251 1087 3391 periculo
1123 3252 1467 3394 quiescendum,
1515 3289 1589 3352 aut
1622 3248 1865 3353 Charadini
1898 3291 1977 3351 co·

527 3425 654 3490 natus
690 3394 1007 3535 negligendos,
1051 3433 1189 3536 quern
1236 3393 1509 3538 intelligebat
1543 3405 1637 3526 jam
1681 3389 1817 3496 etiam
1861 3394 1946 3494 suis
1962 3472 1977 3515 ,

527 3572 622 3634 non
657 3537 796 3636 modo
839 3537 1065 3674 Solymani
1100 3535 1265 3638 viribus
1305 3579 1394 3638 esse
1428 3575 1685 3678 potentem,
1718 3577 1768 3637 ac
1817 3535 1979 3639 bellum

526 3675 755 3778 Imminere
790 3719 881 3782 non
912 3679 1038 3779 unius
1063 3679 1370 3820 archipiratae,
1390 3719 1465 3781 aut
1497 3680 1658 3822 Reguli
1684 3675 1976 3801 facultatibus,

527 3823 601 3920 sed
636 3820 850 3962 Principis
893 3822 1027 3922 etiam
1054 3828 1301 3924 Turcarum
1332 3823 1503 3966 magnis
1534 3822 1692 3965 opibus
1722 3825 1977 3966 gerendum,

526 3963 607 4104 qui
641 4004 695 4063 eo
731 3965 840 4064 duce
876 3965 1005 4066 vellet
1040 3964 1209 4067 aditum
1247 3965 1330 4067 sibi
1360 3971 1420 4067 ad
1455 3968 1624 4068 Italiam
1651 3969 1977 4108 occiduumque

525 4103 876 4208 Christianorum
912 4105 1071 4210 orbem
1100 4108 1294 4251 aperire.
1340 4103 1513 4231 Quibus
1550 4108 1672 4209 malis
1706 4109 1893 4213 Carolus
1931 4147 1978 4210 ut

523 4287 773 4352 occurreret
785 4327 800 4370 ,
843 4250 990 4391 primo
1029 4289 1210 4394 quoque
1256 4288 1457 4394 tempore
1503 4251 1680 4354 classem
1719 4293 1975 4394 comparare

523 4392 753 4490 constituit
789 4393 843 4493 ad
878 4393 1183 4495 Charadinum
1220 4395 1338 4496 bello
1380 4397 1522 4497 navali
1571 4396 1701 4496 simul
1749 4433 1794 4496 et
1840 4433 1970 4496 terte⁴

523 4532 600 4630 stri
633 4539 1005 4672 persequendum,
1030 4577 1175 4675 eoque
1210 4540 1381 4672 dejecto
1415 4538 1601 4638 Tunetis
1641 4539 1833 4680 imperio
1877 4549 1967 4637 Re-

523 4712 627 4816 gem
668 4710 884 4779 exactum·
909 4678 1240 4800 reducendum,
1283 4669 1363 4823 qui
1410 4717 1487 4821 per
1521 4691 1708 4822 Legatos
1744 4679 1969 4781 auxilium

523 4854 677 4920 contra
711 4859 995 4925 communem
1033 4822 1206 4925 hostem
1235 4824 1527 4966 implorabat,
1563 4859 1688 4942 etse
1721 4823 1971 4924 restitutum

1927 5003 1970 5062 tn
