4292 5984
552 455 609 542 26
906 471 991 552 DE
1033 469 1232 552 REBUS
1276 465 1509 549 GESTIS

507 667 610 732 cum
640 622 914 768 aliquamdiu
942 623 1249 768 Vestrogotthi
1278 622 1360 726 sub
1389 620 1582 766 Imperio
1610 617 1807 724 Valentis
1843 617 1974 765 quie-

507 776 702 882 vissent3
738 807 885 876 tamen
914 810 1073 872 eorunr
1107 771 1368 890 avaritiam,
1405 810 1517 910 quos
1545 766 1704 870 Valens
1742 769 1975 908 providen-

506 917 670 1022 'dorunr
714 949 1060 1018 commeatuum.
1093 910 1247 1016 officio
1295 909 1603 1056 praefecerat,
1652 914 1872 1053 pertaesi,
1918 955 1973 1017 ac

508 1062 575 1164 ira
611 1102 655 1164 et
699 1057 817 1161 farne
869 1053 1034 1166 feroces
1076 1063 1253 1162 animos.
1297 1059 1579 1179 stimulante,
1624 1055 1739 1158 Fridi
1772 1096 1880 1162 erno
1926 1098 1981 1161 et'

508 1205 780 1309 Athanarico
824 1205 1013 1312 ducibus,
1055 1246 1178 1308 arma
1224 1206 1501 1347 corripiunt,
1550 1238 1593 1306 et
1634 1098 1861 1342 praelectis
1913 1204 1973 1306 il-

508 1351 701 1455 liscum
738 1351 957 1494 praesidio
1000 1365 1316 1454 Romanorum
1359 1350 1578 1469 concisis,
1622 1346 1840 1450 finitimos
1887 1387 1974 1492 po·

509 1507 634 1638 pulos
672 1499 910 1618 invadunt,
946 1533 993 1604 et¹
1025 1531 1300 1598 commeatus
1336 1489 1567 1614 conferre,
1603 1532 1848 1636 pacemque
1894 1536 1975 1638 pe-

509 1643 636 1744 cunia
694 1643 909 1744 redimere
959 1674 1127 1782 cogunt
1146 1719 1162 1749 .,
1202 1650 1311 1758 Quo
1357 1638 1596 1759 nuntiato,
1648 1647 1847 1760 Valens,
1892 1640 1971 1784 qui

509 1784 656 1888 aberat
699 1786 993 1906 Antiochiae,
1037 1823 1215 1926 magnas
1252 1782 1400 1926 copias
1435 1783 1489 1894 in
1528 1781 1726 1890 Gotthos
1757 1785 1974 1907 adducit,

510 1929 838 2073 commissoque
890 1929 1056 2071 praelio
1101 1941 1356 2072 superatur,
1404 1959 1448 2026 et
1493 1919 1598 2032 fuso..
1638 1927 1831 2028 exercitu
1882 1929 1974 2070 ipse

511 2113 696 2215 quoque
722 2074 1021 2176 miserabiliter
1047 2074 1235 2196 interiit,
1259 2073 1583 2198 incensacasa,
1611 2071 1829 2214 inquam
1857 2071 1977 2176 ictus.

512 2218 674 2360 sagitta
711 2219 878 2321 delatus
913 2211 1054 2355 fuerat
1089 2259 1115 2318 a
1152 2220 1257 2328 suis,
1841 2261 1845 2269 ·

580 2371 768 2465 XXVII.
843 2362 1071 2469 Gratianus
1107 2401 1290 2482 autern,
1334 2367 1439 2466 c'um
1476 2397 1605 2502 pater·
1634 2360 1967 2466 Valentinianus

510 2542 610 2607 ante
655 2505 890 2606 Valentem
935 2503 1099 2616 morbo
1137 2506 1362 2646 periissets
1397 2509 1463 2607 ut⁸
1485 2500 1666 2612 afflictis
1695 2501 1821 2612 rebus
1867 2507 1979 2608 sub-

511 2647 721 2767 veniret,
760 2642 1073 2750 Theodosium
1117 2648 1311 2792 Hispani.
1350 2650 1528 2792 generis,
1566 2649 1723 2757 virum:
1763 2682 1980 2789 spectatae

512 2788 684 2891 virtutis
735 2823 873 2933 atque,
925 2792 1094 2895 consilii
1149 2793 1204 2904 in,
1250 2794 1435 2934 Imperii.
1478 2793 1743 2904 societatem:
1782 2792 1979 2904 ascivit3

514 2933 594 3074 qui
623 2933 825 3075 primurn¹
855 2936 991 3040 armis¹
1012 2935 1210 3044 Gotthos,
1230 2940 1469 3082 repressit,
1500 2937 1661 3048 deinde.
1694 2939 1881 3042 consilio
1920 2938 1979 3039 sic

514 3117 674 3180 eorum
711 3080 888 3188 animos,
921 3081 1152 3203 tractavit,
1188 3120 1239 3185 ut
1275 3085 1379 3225 post,
1417 3082 1658 3224 Fridigerni
1694 3118 1738 3184 et
1785 3081 1981 3186 Athana-

516 3220 601 3334 rici
633 3259 828 3326 mortem
873 3226 1049 3366 aliquot,
1089 3227 1218 3332 annis,
1254 3241 1576 3334 Romanorum
1610 3227 1804 3367 Imperio
1851 3267 1979 3369 pare-t

512 3402 610 3468 rent
622 3442 640 3474 .,
672 3371 755 3470 Sed
791 3370 1001 3473 Gratiano
1017 3449 1041 3491 ,
1070 3407 1119 3480 et,
1149 3407 1254 3513 post,
1288 3413 1401 3483 eunt
1428 3367 1691 3478 Theodosio
1729 3365 1980 3494 defunctis,

511 3505 640 3644 hujus
677 3511 755 3614 filii
793 3514 1013 3624 Arcadius¹
1049 3553 1093 3622 et
1137 3517 1376 3622 Honorius.
1413 3553 1548 3660 pacta,
1584 3515 1772 3624 Gotthis
1808 3518 1979 3660 stipen-

511 3653 586 3754 dia
622 3655 835 3766 militaria,
882 3695 1067 3768 auctore·
1108 3662 1326 3774 Stilico'ne
1350 3663 1660 3769 ¹subtraxerunt
1675 3745 1693 3766 .,
1737 3663 1879 3784 Quod
1919 3659 1981 3766 fa·

510 3832 636 3902 ctum
654 3843 838 3948 magno.
870 3806 1024 3916 dolore
1058 3799 1252 3914 ferentes.
1279 3807 1440 3918 Gotthi
1456 3885 1481 3936 „
1508 3846 1559 3919 et
1585 3807 1851 3948 Principum.
1883 3847 1982 3909 ava·

511 3941 663 4044 riciarn
710 3987 999 4075 accusantes,
1033 3952 1119 4058 suis
1162 3951 1343 4098 legibus:
1369 3953 1437 4056 uti
1479 3995 1538 4060 ac:
1574 3949 1756 4098 Regemss
1791 3992 1844 4054 ex
1890 3991 1981 4054 sese

510 4085 706 4228 deligere¹
738 4095 1085 4206 constituerunt..
1114 4100 1201 4202 Sed
1231 4138 1336 4202 cum
1371 4098 1507 4201 scissis
1544 4100 1727 4219 studiis,
1757 4134 1855 4238 pars
1898 4109 1978 4198 Ra·

511 4229 748 4372 dagaisum
778 4273 1027 4384 expeteret,
1056 4241 1140 4351 alii,
1167 4239 1362 4348 faverent
1398 4245 1601 4353 Alaricus
1635 4280 1693 4350 ut.
1720 4277 1978 4342 controver-

512 4371 597 4494 Slae
632 4378 971 4507 dirimerentur,
1009 4399 1194 4530 uterque¹
1227 4383 1368 4498 factus
1400 4425 1465 4490 est
1490 4397 1625 4492 Rex:
1665 4426 1859 4530 quorum
1894 4393 1978 4484 Ra·

512 4516 714 4658 dagaisus
763 4565 866 4630 curn
910 4570 1078 4670 magno
1117 4534 1309 4634 exercitu
1354 4534 1527 4634 Italiam
1568 4529 1801 4633 infeliciter
1848 4529 1980 4630 inva-

512 4658 614 4779 dit,
660 4706 765 4768 nam
812 4680 1002 4812 repulsus
1054 4713 1080 4771 a
1132 4673 1349 4775 Romanis
1385 4674 1593 4776 Stilicone
1645 4679 1790 4793 duce,
1838 4709 1882 4772 et
1934 4673 1981 4772 in

510 4799 727 4920 Thuseiae
762 4814 988 4924 montibus
1024 4819 1082 4923 ad
1117 4819 1307 4924 faesulas
1341 4818 1633 4940 interclusus,
1671 4814 1791 4922 farne
1828 4823 1981 4960 potius

1753 5040 1758 5057 .
1822 4999 1978 5104 quam
