4284 5982
551 315 598 410 ιε
924 331 993 412 un
1021 327 1239 434 Jooau.
1273 321 1570 410 sarurvrna

529 465 645 563 magis
676 477 918 561 praestantes,
946 482 988 536 ut
1013 457 1073 558 Jo.
1100 459 1298 535 Genesium
1324 457 1589 557 Sepuluedam,
1616 456 1683 553 qul
1710 473 1746 534 et
1768 457 1908 538 Graece
1937 477 1974 540 et

526 565 660 643 [atine
683 587 719 642 et
743 563 848 640 bonis
872 562 1043 647 omnibus
1068 561 1206 643 artibus
1229 583 1286 646 est
1308 561 1471 642 eruditus
1486 615 1503 657 ,s
1526 560 1783 664 inprimisque
1807 557 1979 642 Philoso-

528 667 615 773 phia
639 691 676 750 et
700 665 921 775 Theologia.

583 877 788 958 GASPAR
812 871 1104 959 CARDILLUS
1128 873 1585 968 VILLALPANDEUS'‚
1599 872 1798 954 Commeat.
1818 879 1859 949 in
1881 873 1979 954 duos

531 987 667 1060 Arist.
692 983 783 1058 libr.
811 983 855 1057 de
881 997 967 1056 ortu
990 996 1101 1076 atque
1125 987 1313 1071 interitu,
1336 1000 1430 1078 pag.
1455 1005 1490 1055 2.
1513 993 1663 1076 quaest..
1685 977 1920 1074 praeambtd.

608 1089 843 1186 Quamquam
883 1085 990 1160 multi
1018 1085 1152 1164 nostris,
1173 1084 1400 1184 temporibus
1429 1103 1517 1182 apte¹
1539 1079 1693 1160 fortasse·
1715 1102 1905 1159 verterunt
1927 1085 1968 1159 li-

529 1189 613 1267 bros
633 1189 845 1270 Aristotelis
873 1189 918 1268 de
950 1202 1036 1263 orto
1067 1204 1180 1285 atque
1207 1193 1396 1278 interitu,
1425 1208 1518 1284 quos
1544 1187 1582 1261 in
1607 1187 1804 1284 praesentia
1826 1211 1970 1264 enarra·

527 1297 602 1371 turi
615 1318 739 1369 somus
755 1345 765 1386 ‚
794 1291 988 1369 maluimus
1004 1293 1166 1373 versione
1188 1293 1250 1369 illa
1271 1292 1328 1367 uti
1343 1343 1359 1384 „
1382 1314 1492 1392 quarn
1508 1290 1683 1370 Genesius
1696 1287 1900 1388 Sepulveda
1915 1289 1968 1368 fe-

530 1400 612 1488 eit,
638 1421 751 1497 quam
788 1395 859 1479 ulla
886 1398 955 1477 alia
971 1451 986 1486 ,,
1011 1395 1113 1496 quod
1142 1419 1183 1473 ea
1210 1395 1313 1476 nobis
1348 1417 1432 1492 prae
1458 1395 1589 1474 ceterisw
1612 1391 1857 1496 probaretur:
1885 1419 1966 1470 uam

528 1526 649 1600 neque
679 1497 924 1605 paraphrasen
954 1501 1065 1604 agit,
1101 1523 1220 1599 neque
1248 1499 1409 1577 sermoni
1432 1497 1568 1576 Latino
1590 1501 1670 1598 plus
1699 1519 1824 1597 aequo.
1845 1498 1969 1574 indul·

423 1612 427 1616 ’
527 1623 590 1708 get
620 1659 630 1698 ,
674 1628 793 1707 neque
822 1623 929 1686 voces
963 1621 1123 1699 receptas
1151 1601 1197 1678 ab
1222 1599 1350 1686 schola·
1378 1621 1497 1680 mutat
1520 1655 1539 1694 „
1560 1603 1604 1676 in
1630 1598 1765 1700 quibus
1792 1623 1971 1700 saepem--

528 1733 628 1788 mero
651 1732 782 1816 magna
810 1708 1004 1785 sententiae
1027 1706 1081 1783 vis
1107 1707 1181 1786 sita.
1204 1726 1285 1786 ests
1314 1703 1377 1781 sed
1401 1729 1478 1782 rem
1503 1706 1652 1804 exponit
1680 1727 1795 1803 pure,
1822 1706 1972 1798 latine,

528 1813 888 1910 accommodateque.
921 1810 1005 1888 Hoc
1033 1830 1220 1909 praeterea.
1254 1806 1432 1892 debemus,
1450 1809 1605 1915 Hispani
1627 1807 1792 1913 Hispano,
1822 1807 1972 1888 homini

528 1938 640 2018 atque
668 1913 879 1996 doctissimo
906 1914 1004 1997 vitoe

578 2119 832 2202 'ALVARUS
862 2117 1136 2207 domnolus,
1158 2117 1258 2202 libro
1281 2134 1415 2198 octauo
1437 2117 1485 2200 de,
1505 2118 1624 2202 relus·
1639 2124 1766 2226 gestis
1792 2119 1969 2200 Franci·

525 2231 586 2304 sci
612 2229 655 2302 X
653 2231 797 2309 imenii„

604 2331 716 2407 Anno
745 2327 1054 2432 quadragesimo„
1072 2328 1683 2410 Fetdinando,2Barriovero·rnctore
1706 2382 1727 2421 ‚.
1753 2351 1842 2408 cum
1873 2329 1966 2406 noui·

526 2433 640 2510 Orbis
654 2458 717 2534 per
733 2435 916 2534 Hispanos
929 2432 1100 2536 patefacti
1122 2433 1343 2535 indigenae,
1361 2433 1454 2510 duro
1475 2454 1513 2512 et
1532 2433 1663 2512 acerbo
1683 2433 1831 2513 servitio
1853 2457 1875 2510 a
1896 2433 1962 2508 mi·

526 2537 652 2613 litibus
685 2538 817 2613 nostris
849 2556 1096 2636 premerentur
1111 2586 1129 2627 ‚a
1149 2560 1270 2614 servos
1303 2559 1363 2612 eos
1394 2560 1470 2616 esse.
1503 2535 1838 2627 contendentibus,
1858 2536 1968 2636 quasi

528 2639 673 2716 barbati
695 2637 861 2722 homines
875 2660 912 2717 et
929 2660 1161 2720 contumaces
1175 2690 1193 2734 ,,
1212 2639 1409 2740 palamque.
1425 2639 1639 2744 religionem
1660 2657 1886 2732 aversantes,
1903 2634 1960 2736 ju·

527 2765 567 2818 re
593 2741 683 2818 belli
706 2740 900 2842 justissime
917 2743 1016 2843 capti
1044 2761 1158 2822 essent
1174 2769 1189 2820 :.
1212 2745 1388 2823 Genesius
1410 2742 1694 2845 Sepulveda,.vir
1722 2763 1847 2820 nostra
1869 2762 1958 2821 tem-

527 2863 664 2946 pestate
693 2845 863 2928 doctrina
890 2866 927 2923 et
961 2846 1168 2944 eloquentia
1190 2847 1369 2940 ilustris„
1389 2847 1536 2928 illorum
1566 2869 1707 2927 causam
1735 2845 1862 2923 libello
1888 2845 1960 2922 ele-·

526 2949 768 3049 generosiora„
787 2951 866 3030 aliis
903 2972 1034 3028 contraw
1065 2949 1334 3041 asserentibus„
1353 2947 1534 3030 defendit..
1558 2946 1678 3048 Hujus
1711 2950 1770 3025 rei¹
1795 2949 1958 3050 cognitio

527 3070 669 3140 nostrae
692 3051 893 3133 academiae
915 3053 1109 3132 commissa-
1126 3072 1203 3133 est:
1231 3077 1331 3153 quae
1346 3069 1426 3153 post
1448 3055 1594 3156 longam
1614 3077 1704 3134 cum
1721 3053 1881 3130 Genesin
1903 3050 1966 3126 di·

525 3156 795 3253 sputationem,
822 3155 922 3237 hisce
936 3155 1062 3234 verbis.
1082 3152 1134 3234 ad.
1149 3159 1290 3260 regium
1304 3178 1465 3248 senatum
1479 3158 1621 3258 scripsit
1637 3157 1867 3254 :„Doctrina
1888 3153 1958 3230 ltu·

528 3253 894 3358 „juslibtiaccurare
919 3258 1051 3358 probat
1077 3257 1178 3359 qnod
1203 3262 1374 3339 assumit:
1401 3260 1464 3338 sed
1492 3263 1672 3361 quoniam.
1698 3281 1771 3334 non
1798 3278 1854 3335 est
1880 3257 1959 3334 saris

525 3378 661 3458 ,‚tuta‚
686 3361 821 3438 librum
836 3361 935 3444 hunc
949 3363 1112 3461 imprimi
1124 3385 1190 3444 aut
1202 3363 1364 3465 evulgari
1392 3361 1745 3464 aequum,non.est.“
1768 3363 1897 3462 Atque
1909 3361 1957 3436 ita

525 3461 625 3642 jepta
654 3465 921 3572 Complutensis
948 3463 1156 3550 academiae
1175 3465 1367 3549 decretum
1389 3465 1536 3548 factum
1560 3491 1640 3547 esse.
1675 3466 1713 3542 in
1739 3462 1845 3546 hunc
1864 3465 1964 3543 dens

522 3589 564 3646 ur
588 3590 706 3652 emusc

577 3771 811 3856 DlDACUS
841 3776 1152 3858 GRACIANUS'
1172 3782 1218 3855 iu:
1242 3783 1413 3858 versione
1436 3781 1629 3878 Hispano
1646 3777 1845 3856 moralium.
1866 3774 1964 3852 Pru·-

402 3868 404 3874 ’
525 3881 659 3955 varchi
693 3885 732 3956 in
755 3882 937 3978 praefat„

608 3983 735 4060 Puedo
769 3982 832 4061 dar
862 4010 930 4090 por
960 3987 1094 4088 tentigo
1124 3989 1293 4084 (nempe
1310 3985 1689 4087 diligentiae,.quam
1716 3987 1762 4060 itt·
1790 3987 1959 4060 versione

528 4105 598 4159 sun
627 4085 835 4182 adhibuit)
857 4096 889 4170 al
915 4092 1059 4170 Doctor
1086 4090 1236 4167 Ginesio
1262 4088 1307 4166 de
1329 4090 1533 4189 Sepuiueda
1551 4091 1743 4168 Coronista
1770 4086 1816 4164 de
1841 4088 1876 4163 S.
1902 4083 1962 4160 M..

526 4209 639 4267 varon
671 4187 881 4282 doctissimo
907 4216 952 4268 en
975 4193 1063 4271 todo
1090 4215 1223 4296 genero
1252 4192 1297 4270 de
1320 4192 1511 4287 doctrina,
1541 4217 1571 4294 y
1604 4212 1704 4269 tanto
1732 4213 1777 4269 en
1808 4191 1963 4288 Griego,¹

523 4313 632 4370 como
654 4317 699 4370 en
715 4291 849 4389 Laeni,
876 4321 905 4398 y
933 4318 978 4371 en
1001 4296 1088 4373 todo
1108 4297 1387 4398 singolarmente
1403 4325 1417 4372 ε,
1440 4321 1467 4396 y
1497 4321 1522 4374 a
1543 4296 1741 4374 Ambrosio
1762 4293 1808 4370 de
1829 4294 1963 4369 Mora--

525 4394 576 4470 les
594 4423 603 4470 ε
620 4423 657 4472 z:
681 4421 752 4474 con
777 4399 832 4474 los
857 4399 980 4499 quales
1008 4423 1059 4499 yo
1085 4398 1274 4499 conieti‘y
1296 4397 1518 4500 comuni'quei
1546 4399 1650 4478 todos
1672 4399 1726 4478 los
1744 4395 1885 4500 lugares
1904 4413 1957 4470 ess

480 4521 485 4534 ’
523 4521 630 4575 curos
660 4523 687 4598 y
711 4521 829 4597 passos
851 4501 1006 4582 difieiies
1032 4525 1105 4604 que
1129 4497 1242 4580 habia
1267 4528 1318 4582 en.
1340 4524 1421 4582 esta
1440 4501 1549 4581 obta..

574 4703 683 4806 JAC.
716 4705 806 4788 Ab..
834 4705 1087 4786 THUANUS
1104 4707 1223 4784 Hisr.
1237 4713 1297 4783 sui
1321 4725 1437 4804 temp..
1456 4707 1529 4786 libt
1550 4729 1612 4808 54.
1640 4707 1700 4784 ad'
1717 4731 1778 4786 an.
1797 4727 1907 4805 1572.

598 4809 780 4887 Ultimum
805 4835 934 4912 agmen
961 4809 1106 4890 claudet
1142 4811 1194 4904 lo.
1219 4813 1266 4889 G.
1291 4810 1490 4911 Sepulueda
1512 4809 1783 4905 Cordubensis,
1805 4809 1954 4887 salman·

518 4913 636 5004 ricae,
666 4913 730 4991 ubi
758 4916 849 4992 sacti
871 4915 1031 5016 Collegii
1063 4893 1316 5008 sociassent,
1345 4937 1534 5007 mortuus,
1562 4940 1650 4992 cum
1681 4918 1777 4994 vitae
1804 4929 1954 4990 cursum

516 5041 601 5096 cum
624 5017 767 5098 saeculo
788 5039 1013 5099 numeraret:
1042 5015 1155 5098 homo
1171 5021 1309 5100 Graece
1324 5019 1523 5120 Latineque
1548 5017 1703 5115 docus,
1725 5041 1762 5100 et
1783 5015 1936 5192 philpso·

1826 5145 1852 5222 P
1878 5139 1911 5188 1·
