4326 5986
565 451 654 546 374·
956 439 1041 523 DE
1077 439 1283 530 REBUS
1322 437 1544 524 GESTIS

521 603 624 704 dere
660 585 839 740 coepit,
876 593 1150 757 conturbatis
1187 594 1322 694 etiam
1359 591 1536 736 reliquis
1554 672 1569 718 ,
1590 587 1670 734 qui
1705 587 1769 694 rei
1804 632 1977 702 eausam

522 739 813 888 ignorabant3
851 742 925 840 sed
960 739 1091 839 armis
1134 739 1322 857 sumtis,
1358 737 1437 838 ubi
1482 780 1526 839 se
1568 738 1758 877 Hispani
1801 777 1970 902 recepe-

522 925 655 1007 runt,
684 882 862 983 hortatu
899 919 1058 984 mutuo
1095 882 1143 983 in
1178 815 1352 982 hostem
1387 881 1589 984 conversi
1623 881 1769 1022 ipsum
1805 881 1970 1026 impres

524 1033 647 1132 sione
697 1022 811 1127 facta
863 1028 1151 1166 repulerunt,
1199 1021 1444 1168 fugientem
1489 1067 1624 1169 paene
1666 1025 1722 1124 ad
1774 1029 1977 1134 Goletam

523 1215 663 1338 usque
697 1207 1030 1314 persequentes.
1078 1179 1245 1312 Neque
1280 1207 1389 1270 tero
1424 1171 1571 1270 ceteris
1613 1206 1864 1274 nostronrm
1899 1215 1979 1276 co-

526 1319 611 1461 piis
652 1315 831 1418 interim
872 1356 899 1416 a
939 1319 1116 1415 Tunete
1160 1351 1205 1414 et
1252 1311 1507 1416 Charadino
1552 1313 1676 1454 quies
1717 1351 1856 1437 crat,
1906 1321 1976 1421 sed

527 1459 788 1606 quotidiana
823 1459 1136 1562 consuetudine
1170 1454 1369 1620 frequens
1405 1457 1601 1560 hostium
1639 1459 1858 1600 equitatus
1903 1503 1977 1603 pe·

527 1608 671 1710 ditatu
705 1607 993 1768 subsequente
1017 1645 1104 1704 sese
1140 1604 1284 1704 eastris
1321 1601 1578 1704 ostendebat
1595 1638 1894 1746 ,nostrosque
1922 1608 1975 1708 ad

527 1791 661 1895 parva
697 1748 937 1851 certamina
974 1747 1283 1889 provocabat,
1333 1749 1444 1848 duce
1491 1755 1702 1888 Azanaga
1747 1747 1976 1869 eunucho,

528 1897 709 1996 natione
744 1896 912 2010 Sard0‚
936 1890 1277 2032 Charadinique
1325 1889 1514 2011 liberto,
1556 1931 1582 1990 a
1619 1930 1713 2032 quo
1754 1929 1858 2030 puer
1898 1933 1974 1992 ca-

526 2075 627 2179 ptus
661 2033 959 2138 Christianam
994 2034 1276 2176 Religionem
1319 2035 1594 2155 deseruerat,
1641 2069 1687 2134 er
1722 2034 1972 2175 turpissimis

527 2177 752 2322 obsequiis
797 2219 918 2284 carus
961 2215 1153 2341 patrono
1199 2177 1310 2278 ab
1299 2214 1477 2280 meunte
1533 2213 1673 2279 aetate
1714 2171 1893 2298 fuerat,
1934 2215 1978 2279 et
2110 2215 2113 2224 ·

525 2357 629 2425 tunc
678 2357 856 2486 propter
902 2321 1042 2422 animi
1069 2321 1540 2486 'promritudinem
1528 2321 1788 2462 mgeniique
1842 2323 1977 2423 soler-

525 2467 634 2570 tiam
678 2467 871 2608 primum
896 2465 1182 2567 auctoritatis
1225 2465 1533 2607 amicitiaeque
1574 2468 1726 2566 locum
1772 2465 1947 2608 apud
1934 2503 1976 2565 ι-

524 2649 654 2753 psum
689 2607 1088 2716 obtinebat..

596 2764 671 2856 VI
746 2751 899 2853 Hoc
885 2786 1034 2893 itaque
1075 2752 1187 2853 duce
1227 2750 1373 2852 hostes
1409 2791 1435 2850 a
1477 2757 1653 2854 Tunete
1695 2749 1977 2912 quotidianas

526 2894 795 2997 excursiones
831 2891 1082 3014 faciebant,
1124 2931 1249 2996 tanto
1292 2895 1422 2996 etiam
1463 2895 1814 3015 incunctantius,
1835 2893 1978 3056 quod

525 3073 696 3140 nostros
738 3037 949 3140 videbant
990 3081 1014 3138 a
1057 3039 1222 3140 Carolo
1260 3038 1495 3208 diligenter
1537 3039 1682 3139 castris
1726 3037 1980 3199 contineri,

525 3181 628 3283 licet
665 3183 850 3322 quidam
892 3181 1203 3300 interdum,
1191 3181 1325 3323 ipsius
1361 3191 1558 3312 mjussu,
1597 3181 1810 3323 privatim
1859 3220 1975 3280 exce-

418 3395 425 3410 ·
526 3325 703 3443 derent,
743 3358 932 3465 quotum
980 3261 1233 3425 nonnuilos
1256 3322 1314 3426 ab
1357 3322 1555 3424 hostibus
1597 3362 1794 3464 praesens
1836 3361 1979 3484 poena

528 3464 811 3610 sequebatur.
850 3468 989 3586 Quod
1025 3467 1187 3568 accidit
1223 3467 1392 3600 Joanni
1427 3468 1597 3568 Xuario
1634 3466 1808 3568 homini
1843 3465 1985 3568 notis-

534 3612 649 3714 simo
687 3651 734 3710 ιιι
770 3609 982 3751 Principis
1018 3611 1143 3711 aula
1180 3610 1273 3712 Hic
1309 3607 1462 3731 enim,
1502 3647 1552 3712 ur
1588 3647 1676 3712 erat
1710 3609 1841 3752 paulo
1881 3611 1988 3752 glo-

402 3817 408 3828 ·
532 3754 721 3870 riosior,
757 3792 893 3916 quam
929 3748 1090 3856 fortem
1126 3754 1555 3916 prudentemque
1513 3793 1661 3856 virum
1697 3757 1846 3874 decet,
1879 3793 1989 3858 cum

530 3895 577 4000 in
619 3897 844 4038 praetorio
888 3896 1038 4014 multis
1082 3897 1375 4000 audientibus
1395 3937 1556 4040 magna
1601 3896 1735 4001 verba
1775 3898 1989 4039 loquere-

531 4075 630 4162 tut,
666 4039 907 4140 Franciscus
955 4049 1147 4162 Covus,
1187 4081 1323 4182 quem
1366 4081 1490 4183 saepe
1533 4041 1905 4160 nominavimus,
1944 4044 1990 4143 in

532 4223 637 4285 eum
674 4181 922 4284 cavillatus:
960 4119 1221 4306 Commodius,
1259 4185 1439 4326 inquit,
1465 4195 1506 4286 in
1534 4191 1628 4288 bello
1647 4187 1813 4317 fhrtt'ter
1829 4189 1990 4320 fitctt‘s,

531 4365 644 4461 quam
672 4331 767 4426 berb
770 4335 803 4426 is
837 4332 1043 4463 magnificis
1080 4337 1205 4430 uirtus
1243 4359 1493 4431 ostentatur·
1485 4397 1497 4440 ‚
1532 4332 1703 4462 fhcilt'us
1740 4341 1868 4470 igitur
1901 4369 1988 4429 curt

529 4473 675 4588 hoste,
708 4509 773 4604 qut
766 4473 1051 4609 prope-adest
1065 4547 1080 4590 ,
1107 4478 1347 4609 pugnando,
1385 4511 1500 4608 quam
1539 4479 1765 4611 loquendo,
1805 4477 1916 4574 rubis
1946 4503 1983 4570 re

529 4623 656 4713 bitum
688 4651 767 4714 esse
788 4610 941 4741 sortem
974 4618 1186 4748 probabis.
1234 4615 1320 4716 His
1356 4615 1428 4716 ille
1466 4617 1620 4720 verbis
1646 4653 1897 4718 commotus
1930 4651 1982 4711 ac

530 4756 700 4897 pudore
757 4787 977 4899 correptus
1026 4757 1237 4906 postridie
1276 4759 1564 4868 redeuntibus
1592 4761 1644 4868 in
1681 4797 1818 4868 castra
1853 4797 1989 4919 expe·
