4294 5972
523 423 613 528 284
931 431 1015 512 DE
1057 425 1254 510 REBUS
1292 421 1513 506 Gestis

481 588 691 704 'sfortiani
728 587 976 726 conjunctis
1012 586 1161 690 castris
1197 584 1253 684 ad
1289 581 1599 721 Melignanum
1635 611 1958 687 convenerant.

380 845 383 854 ,
562 750 621 844 V.
696 739 776 842 Sed
813 733 1177 838 Caesarianorum
1211 726 1352 870 copiis
1390 763 1522 837 manu
1559 722 1632 822 illa
1656 724 1970 864 Hispanorum

343 903 360 908 ”
496 885 666 1005 auctis,
685 879 934 984 Mediolani
969 875 1248 1019 oppugnatio
1284 867 1442 972 frustra
1477 862 1575 969 fore
1608 866 1869 980 videbatu13
1892 874 1967 975 ita·

500 1073 590 1176 que
630 1027 778 1130 Gallus
814 1035 1008 1127 Venetos
1044 1056 1089 1121 et
1123 1016 1363 1122 sfortianos
1398 1013 1627 1132 hortatus,
1654 1049 1704 1112 ut
1739 1054 1966 1156 opportu-

503 1179 569 1278 nis
611 1171 717 1276 locis
758 1170 813 1270 ad
850 1168 1137 1284 Cassianum,
1172 1161 1353 1303 Papiam
1387 1193 1431 1257 et
1466 1155 1769 1298 Viglevenum
1815 1163 1966 1264 consi-

505 1323 655 1421 dentes
705 1310 1025 1416 commeatibus
1072 1306 1217 1410 hostes
1261 1298 1496 1444 prohibere
1540 1339 1837 1425 conarentur,
1873 1307 1889 1405 i
1921 1347 1966 1407 se

507 1460 702 1564 deductis
739 1457 879 1599 copiis
919 1465 1124 1556 Genuam
1161 1448 1360 1551 tentandi
1396 1445 1569 1588 gratia,
1597 1481 1648 1544 ut
1674 1489 1699 1548 a
1721 1459 1847 1590 Rege
1871 1346 1966 1550 deie-

506 1644 573 1707 rat
607 1607 891 1745 imperatum,
913 1596 1226 1740 proficiscitur.
1263 1594 1344 1694 Sed
1376 1589 1651 1692 Laudianum
1676 1590 1825 1691 vicum
1852 1595 1971 1694 duo-·

507 1749 653 1852 decim
688 1790 714 1848 a
750 1744 1012 1846 Mediolano
1049 1737 1240 1843 millibus
1276 1774 1381 1837 curn
1416 1731 1694 1875 procesissetr
1718 1737 1967 1858 Antonius,

508 1895 587 2035 qui
623 1891 786 1990 nullam
823 1887 1102 1986 occasionem
1137 1884 1198 1985 tei
1231 1879 1346 1982 benc
1383 1879 1601 2021 gerendae
1622 1919 1773 2020 aequo
1804 1880 1961 1984 animo

506 2032 796 2178 praeteribat,
821 2029 1084 2132 Mediolano
1122 2026 1260 2167 prima
1295 2023 1451 2167 vigilia
1474 2025 1619 2163 copias
1643 2024 1808 2144 educit,
1834 2065 1965 2166 quat·

506 2217 551 2280 ta
588 2218 683 2280 non
717 2178 850 2314 longe
885 2171 940 2273 ab
977 2168 1176 2271 hostibus
1225 2207 1455 2312 progresso
1499 2165 1781 2287 Borbonius,
1818 2171 1964 2309 primo

505 2325 681 2466 agmine
716 2317 969 2424 antecedere
1005 2325 1154 2446 jussu,
1186 2313 1278 2453 ipse
1321 2351 1425 2414 cum
1461 2310 1640 2452 reliquis
1683 2312 1825 2454 copiis
1871 2349 1961 2416 tor-

504 2468 751 2605 mentisque
788 2459 995 2599 subsequi
1029 2501 1055 2558 a
1091 2457 1330 2602 praemissis
1360 2455 1701 2597 speculatoribus
1725 2457 1957 2560 nuntiatur.

506 2617 635 2710 Tunc
672 2647 776 2706 vero
813 2637 1040 2702 trecentos
1063 2603 1285 2744 Hispanos
1321 2601 1577 2734 jaculatores
1614 2641 1717 2701 curn
1754 2641 1887 2741 parvo
1920 2644 1955 2702 e·

430 2826 431 2832 a
508 2753 680 2892 quitatu
726 2785 960 2892 properare
1006 2787 1056 2847 ac
1108 2737 1373 2848 novissimos
1419 2746 1654 2863 lacessere,
1702 2743 1962 2888 hostemque

507 2895 666 2994 morari
706 2892 864 3025 jubet.
916 2891 982 2992 Hi
1026 2929 1129 2992 cum
1171 2891 1220 2990 in
1261 2924 1548 3031 conspectum
1590 2888 1785 2992 hostium
1829 2891 1964 2994 venis·

506 3076 628 3157 sent,
650 3049 963 3140 Germanorum
989 3031 1188 3138 hostium
1209 3035 1371 3152 aciem,
1397 3073 1511 3173 quae
1536 3036 1592 3134 ad
1620 3070 1840 3136 tormenta
1865 3033 1965 3137 sub-

507 3183 695 3300 stiterat,
736 3179 968 3322 scloppetis
1004 3179 1174 3280 eminus
1211 3217 1469 3320 oppugnare
1506 3177 1745 3422 incipiunt.
1783 3191 1959 3282 Germa-

505 3327 555 3426 ni
598 3328 798 3466 despecta
840 3324 1057 3464 paucitate
1102 3326 1151 3424 in
1200 3363 1274 3424 eos
1317 3322 1535 3463 impetum
1597 3323 1774 3441 aciunt,
1808 3361 1850 3424 et
1891 3319 1966 3424 fu-

505 3470 704 3610 gientes,
729 3471 869 3570 donec
906 3467 954 3566 in
989 3467 1177 3570 Antonii
1212 3506 1498 3610 conspectum
1534 3504 1721 3572 ventum
1755 3505 1840 3589 est,
1857 3469 1967 3570 inse-

506 3650 713 3716 ctantur.
752 3611 972 3714 Antonius
1011 3613 1197 3751 primam
1234 3612 1401 3732 aciem,
1429 3652 1541 3756 quae
1577 3614 1885 3755 Hispanorum
1921 3655 1970 3714 ea

504 3794 599 3878 rat,
636 3757 686 3858 in
722 3767 967 3858 Germanos
1002 3755 1230 3858 immittit.
1269 3768 1451 3860 Horum
1493 3757 1714 3898 impetum
1759 3757 1972 3866 Germani

504 3895 617 4002 ferre
653 3935 954 4042 nequeuntes,
994 3899 1142 4002 multis
1180 3901 1506 4043 scloppetorum
1542 3901 1638 4006 telis
1674 3900 1859 4019 occisis,
1896 3943 1972 4002 ce-

504 4044 589 4146 teri
623 4039 776 4186 fugam
810 4082 1069 4184 capessunt,
1088 4046 1248 4148 nostris
1282 4049 1337 4146 ad
1374 4046 1526 4148 locum
1551 4086 1689 4188 usque
1719 4081 1973 4146 tormento-

504 4227 634 4308 rum,
655 4188 735 4290 ubi
771 4187 1001 4292 Gallorum
1036 4189 1381 4330 Italicorumque
1416 4192 1528 4291 acies
1565 4189 1879 4309 constiterant,
1899 4190 1970 4288 in-

505 4334 790 4437 sectantibus.
829 4333 919 4436 Hic
956 4372 1063 4436 vero
1098 4335 1268 4471 praelio
1302 4334 1598 4476 redintegrato
1634 4371 1807 4434 summa
1833 4333 1882 4433 vi
1914 4329 1966 4430 ab

505 4470 701 4613 utrisque
737 4475 1050 4582 contenditur.
1090 4480 1171 4578 Sed
1208 4517 1290 4576 nee
1327 4514 1428 4577 tune
1478 4479 1658 4617 quidem
1676 4541 1680 4553 ·
1700 4473 1847 4580 hostes
1889 4475 1964 4574 diu

506 4617 870 4765 Caesarianorum
912 4616 1133 4756 impeturn
1166 4613 1298 4726 ,ferte
1328 4657 1588 4758 potueruntr
1632 4633 1786 4760 ltaque
1821 4616 1963 4718 omni-

505 4757 586 4870 bus
616 4755 726 4868 'fusis
762 4757 1045 4906 fugatisque,
1071 4755 1382 4904 maguaqfacta
1418 4767 1578 4886 carde,
1598 4765 1839 4907 franciscus
1867 4761 1969 4898 'ipse

1779 4986 1780 4994 a
1853 4919 1966 5008 Bot-
