4368 5984
713 417 833 488 VITA
858 417 923 488 ET
947 418 1160 494 SCRIPTA·
1584 447 1622 494 tt
1667 453 1670 460 ’

199 547 376 636 Romam
395 572 523 634 mense
552 541 761 656 Septembri
780 537 968 660 profectus
985 605 996 650 ,
1015 543 1173 658 trajecto
1188 541 1315 628 Tiberi
1332 604 1343 648 ‚
1362 533 1503 632 'vicum
1521 548 1650 634 subur·

198 668 344 754 banurn
357 726 374 771 ,⁴
398 665 467 780 qui
483 665 639 772 Burgus
657 661 824 768 dicitur,
850 662 1013 778 primunr
1032 663 1262 779 occupavit,
1292 662 1428 750 deinde
1460 665 1564 751 Urbe
1580 699 1649 782 po·

191 785 285 872 titus
312 799 369 870 e'st
402 784 565 870 nemine*
580 779 818 896 prohibente.
845 787 949 865 Nam
965 808 1172 898 postquam·
1186 783 1349 868 narravit
1365 781 1428 868 lib.
1446 784 1513 867 Vl.
1531 790 1576 868 de
1587 815 1646 869 re-

189 907 264 990 bus
288 911 419 1013 gestis
443 902 570 986 Carol.
585 902 632 984 V.
651 916 665 956 ¹
689 929 790 1014 quae
807 928 856 984 eo
878 901 938 986 die
966 925 1070 1017 gesta
1087 897 1192 986 fuere
1208 961 1220 1005 ,
1235 900 1443 1018 subjungit:
1473 901 1561 1010 Me,
1579 915 1645 1012 qui

189 1051 276 1108 cum
309 1030 381 1106 mci
394 1025 538 1107 ordinis
553 1025 919 1102 etnationisamicis
947 1027 989 1101 in
1002 1021 1176 1131 Burgum
1187 1025 1391 1128 spectandi
1398 1029 1531 1130 gratia
1551 1041 1641 1134 pro·

194 1168 397 1242 cesseram,
410 1145 656 1247 conspiciente
670 1165 722 1220 ex
734 1135 913 1242 fenestra
928 1145 1073 1222 scilicet
1096 1142 1331 1221 ornamenta.

280 1263 367 1344 Nos
393 1285 482 1342 sane
513 1283 603 1339 cum
617 1253 901 1369 Sepulvedam,
930 1284 977 1340 ex
1006 1285 1086 1371 quo
1114 1256 1344 1342 Bononiensi
1371 1255 1545 1376 Collegio
1571 1289 1638 1350 va·

187 1376 349 1482 ledixit,
374 1375 482 1489 apud
510 1377 725 1485 Carporum
756 1373 965 1487 Principem
983 1375 1210 1460 diversatum
1236 1369 1349 1460 baisse
1373 1377 1635 1489 existimemus,

188 1493 301 1581 facile
332 1520 491 1609 quoque
536 1489 799 1597 adducimur,
847 1520 891 1576 ut
926 1493 1167 1598 credamus,
1212 1496 1378 1578 Romam
1403 1523 1490 1580 eunt
1528 1527 1637 1586 anno

196 1640 321 1722 1525.
338 1640 521 1696 unacum
554 1607 632 1694 hoc
666 1609 749 1696 viro
772 1608 1063 1724 praeclarissimo
1089 1612 1353 1717 contendisse,
1389 1614 1455 1726 qui
1478 1643 1638 1733 propter

188 1732 394 1846 plurimum
426 1757 552 1814 renum
583 1756 693 1812 usum
729 1752 768 1812 et
807 1752 974 1814 veterem
1021 1730 1253 1814 nobilitatem
1291 1729 1466 1845 singulari
1493 1733 1631 1821 doctri·

188 1877 239 1934 na
268 1847 502 1936 cumulatam
533 1905 544 1949 ‚
575 1875 599 1928 a
623 1845 816 1930 Francisco
843 1849 981 1962 Reget
1001 1846 1146 1964 legatus
1180 1848 1231 1933 ad
1272 1879 1465 1934 summum
1503 1854 1631 1940 Ponti·

185 1963 300 2054 ficem
331 1965 458 2052 numus
482 2026 499 2069 ,
522 1993 602 2048 non
618 1963 739 2049 modo
754 1961 955 2049 Gallorum
974 1966 1094 2052 sedet
1109 1995 1191 2050 suas
1217 1994 1274 2050 res
1305 1969 1558 2082 procurabat,
1575 1972 1632 2057 in·

183 2082 299 2176 senso
316 2086 354 2170 in
369 2084 553 2170 Carolmn
568 2086 767 2167 Caesarem
786 2080 916 2168 anino
944 2109 1100 2198 propter
1114 2089 1343 2198 Carpensem
1372 2087 1633 2202 principatum,

186 2231 272 2319 quo
288 2201 410 2290 luerat
425 2232 447 2287 a
463 2199 693 2286 Caesarianis
705 2199 885 2312 dejectus.
910 2203 1000 2286 Hoc
1016 2203 1169 2316 quidem
1193 2202 1415 2288 luculentius
1428 2209 1633 2321 apparebit,

189 2325 221 2406 si
258 2322 420 2408 auctoris
446 2320 562 2404 nostri
575 2321 691 2404 verba
709 2321 1009 2434 perpendamus,
1022 2319 1090 2435 qui
1104 2321 1199 2406 libro
1214 2323 1637 2438 V11.s·.1o.pag.221..

190 2443 396 2524 Romanae
408 2437 507 2523 urbis·
533 2437 851 2553 expugnationem
877 2466 968 2521 ann.
989 2467 1114 2546 1527.
1131 2466 1325 2524 enarrans:
1363 2441 1471 2521 Nam
1484 2458 1525 2524 et
1536 2471 1633 2552 ego,

186 2556 344 2674 inquit,
371 2583 421 2642 en
436 2563 523 2642 aulo
541 2553 741 2667 pontificia
762 2582 817 2639 me
832 2561 872 2638 in
899 2583 1025 2640 arcem
1036 2575 1249 2666 receperam
1265 2583 1352 2640 cum
1372 2557 1635 2670 AlbertoPio,

188 2681 299 2785 cujus
314 2703 417 2758 eram
432 2701 503 2760 non
518 2684 745 2782 negotiorum
767 2677 1018 2778 administer,
1047 2680 1119 2758 sed
1137 2679 1375 2780 studiorum,
1405 2683 1631 2782 quemadmo-

188 2799 277 2878 dum
291 2801 376 2903 ipse
391 2797 517 2878 dicere
532 2795 704 2892 solebat,
726 2799 851 2876 socius
867 2851 881 2898 ,
899 2806 941 2875 ut
956 2799 1026 2878 vir
1041 2797 1103 2875 ille
1119 2797 1359 2876 doctissimus
1380 2799 1481 2876 nulla
1509 2823 1552 2879 re
1569 2825 1634 2880 ae·

184 2937 256 3020 que
271 2939 321 2995 ac
334 2916 588 2998 doctrinarum
602 2915 744 2996 madiis
756 2927 795 2995 et
808 2911 993 2996 bominum
1013 2935 1085 2996 non
1111 2914 1343 2996 indoctorum
1368 2919 1628 3001 oomuetudine
1724 2977 1731 2990 .

192 3034 468 3116 delectabatur.

195 3215 198 3220 .
281 3154 388 3234 Dum
403 3155 554 3236 Rornae
580 3147 764 3236 Genesim
791 3173 1041 3253 versaretur,
1081 3174 1227 3235 tantum
1259 3147 1311 3232 rbi
1336 3147 1497 3234 nominis
1526 3148 1630 3238 clari·

187 3291 308 3356 tatem
332 3267 398 3354 sibi
427 3267 595 3383 peperit,
625 3292 670 3353 ut
691 3266 868 3353 Clemens
883 3269 967 3352 Vll.
989 3271 1032 3352 P.
1050 3268 1103 3364 O.
1122 3270 1181 3352 M.
1210 3293 1254 3350 ac
1285 3265 1532 3352 littermorum
1547 3265 1627 3354 fau·

188 3411 253 3472 tor
284 3386 482 3504 egreglus,
509 3415 649 3502 magna
672 3385 721 3471 de
752 3382 829 3498 ejus
860 3385 987 3471 studiis
1018 3408 1218 3500 praecepta
1230 3383 1439 3498 opinione,
1474 3385 1628 3500 provin-

189 3504 288 3590 ciam
326 3503 393 3618 ipsi
432 3503 667 3591 demandarit
706 3502 746 3587 in
785 3505 963 3590 Latinum
1008 3502 1181 3590 vertendi
1214 3501 1424 3588 Aristotelis
1476 3501 1629 3616 ejsuque

190 3627 433 3708 Graecorum
460 3647 718 3709 enarraturum
746 3637 806 3727 ‚³
844 3651 915 3707 ceu
938 3645 1072 3736 postea
1092 3620 1202 3706 latius
1225 3619 1509 3735 explicabimus.
1557 3623 1630 3703 Ce-

193 3764 317 3826 tenun
342 3768 431 3825 curn
460 3741 586 3826 abeo
616 3738 742 3827 studio
764 3739 1036 3859 aliquantulum
1063 3762 1245 3843 vacaret,
1276 3737 1516 3823 tumultuaria
1539 3750 1560 3808 4
1587 3765 1631 3820 0-

191 3889 283 3974 pera
305 3858 490 3946 subcisivis
514 3857 614 3944 horis
641 3855 806 3944 libellum
832 3857 1075 3964 lucubravit,
1096 3858 1164 3974 qui
1192 3855 1331 3968 prodiit
1359 3859 1505 3940 Romae
1520 3881 1631 3938 men-

189 4006 232 4062 se
257 3977 376 4090 Junio
404 3975 569 4084 ejsudem
595 3977 684 4062 anni
699 3979 770 4064 sub
792 3979 867 4064 hac
888 3976 1149 4090 inscriptione:
1182 3973 1245 4089 Jo.
1262 3975 1417 4056 Genesii
1440 3971 1630 4080 Sepulve-

191 4099 261 4178 dae
288 4094 566 4199 Cordubensis,
595 4098 755 4180 Artium
781 4113 821 4182 et
848 4095 1072 4204 Theologiae
1088 4097 1274 4177 Doctoris
1297 4085 1444 4176 delato
1459 4115 1496 4175 et
1513 4090 1630 4176 libero

194 4212 348 4300 arbitrio
367 4215 462 4298 libri
484 4230 594 4297 tres:
632 4241 700 4322 quo
717 4223 756 4295 in
784 4236 897 4324 opere
919 4218 1051 4320 dogma
1066 4207 1256 4315 nefitrium
1280 4209 1449 4293 Martini
1470 4209 1632 4291 Lutberi

192 4335 243 4414 de
263 4349 481 4416 mmnarm
507 4339 692 4414 actionum
721 4347 1000 4436 eventorumque
1027 4337 1249 4412 necessitate
1279 4343 1361 4410 tum
1386 4329 1635 4432 naturalibos,

192 4463 271 4536 tum
297 4451 516 4558 theologicis
536 4449 748 4534 rationibus
776 4453 990 4534 doctissime
1025 4472 1075 4531 ac
1102 4452 1379 4557 elegantissime
1400 4440 1634 4549 confutatur.

235 4701 253 4746 t
296 4686 365 4744 Vol.
373 4688 398 4744 l.
418 4688 468 4744 lib.
478 4687 533 4746 VI.
553 4688 636 4764 §.su
658 4708 722 4766 pag.
734 4707 801 4769 rog.
1034 4565 1110 4650 ΒΖ
1597 4587 1635 4648 Ι.

234 4786 249 4822 a
294 4767 364 4823 lid,
384 4765 498 4826 lib.Vl.
513 4770 619 4826 dereb.
631 4785 703 4844 gest.
723 4769 793 4828 Car.
811 4769 850 4827 V.
867 4769 894 4844 ς.
913 4767 953 4825 Π.
979 4783 1045 4843 ρας.
1059 4781 1124 4841 173.

235 4860 252 4916 3
292 4847 339 4904 lta
354 4861 567 4906 auctornoster
589 4862 650 4906 tum
667 4851 695 4906 in
714 4853 798 4923 epist.
816 4849 852 4906 ad
872 4846 1057 4906 Clementem
1078 4846 1147 4904 vlt.
1164 4844 1319 4920 praemissa
1340 4840 1498 4902 Alexandri
1515 4839 1637 4920 Aphro-
1729 4895 1733 4906 .

195 4918 276 4980 distet
292 4929 536 4999 commentariis,
558 4943 619 4985 tum
635 4930 665 4984 in
679 4932 762 5002 epist.
774 4929 814 4990 ¹ad
828 4929 933 5001 Joann.
955 4927 1111 4987 Ruinium:
1128 4927 1164 4985 de
1176 4926 1276 5000 quibus
1285 4921 1413 4986 inferius.
1535 4995 1540 5005 ⁵

230 5020 253 5082 4
293 5007 397 5067 Verba
413 5022 482 5067 sunt
503 5010 639 5067 laudatae
661 5011 803 5086 epistolae
819 5009 857 5067 acl
873 5008 1017 5067 Risinium.
