4292 5984
527 444 601 514 XX.
982 436 1484 516 SUMMARIUM.

505 560 687 652 Ilorbonii
719 590 764 650 ex
789 560 969 677 Hispania
992 587 1081 646 cum
1113 587 1211 643 sum
1320 559 1502 642 XXXIX
1563 556 1739 644 Clemens
1770 554 1969 666 pontiur,
2134 605 2135 648 r

507 708 570 770 ma
597 680 738 799 imperii
760 681 925 769 reditus.
1261 674 1355 762 dum
1386 676 1511 764 hostes
1539 677 1589 764 ad
1616 675 1706 765 Divi
1721 675 1876 790 Joannis
1898 683 1973 761 La-

565 805 725 886 XXXII.
784 800 1077 886 Foederatorum
1124 822 1212 880 cum
1262 793 1460 880 teranensis
1492 794 1627 894 aedem
1642 807 1734 884 ‘sese
1766 823 1813 882 ex
1844 794 1974 882 itinere

508 918 733 1016 Caesarianis
775 916 859 1004 leve
907 914 1106 1031 praelium.
1161 912 1215 996 Illi
1263 909 1468 1018 reficiunt,
1506 912 1658 998 militem
1706 913 1757 1000 ad
1796 911 1975 1001 obsistere

509 1037 772 1155 Mdignanum
817 1058 1080 1122 revertuntur.
1146 1035 1217 1115 De·
1265 1031 1359 1118 dum
1385 1032 1597 1119 conducere
1627 1029 1752 1144 jubet.

510 1155 658 1270 speratis
697 1154 807 1240 rebus
839 1159 929 1242 Dux
968 1148 1104 1237 Sfortia
1134 1149 1218 1233 Me·
1323 1149 1406 1234 XL
1466 1149 1661 1235 Moncada
1688 1149 1862 1259 Burgum
1895 1155 1974 1240 Ro-

512 1273 763 1360 diolanensem
793 1299 917 1356 arcem
956 1268 1062 1356 certis
1094 1265 1218 1362 condi·
1267 1295 1351 1354 mae
1366 1267 1491 1356 vicum
1515 1268 1770 1354 suburbanum
1786 1296 1973 1384 occupat.

511 1391 674 1480 tionibus
700 1390 836 1480 tradit.
1326 1388 1425 1471 XLI.
1484 1385 1660 1502 Hugonis
1679 1387 1896 1472 Moncadae
1923 1389 1972 1476 ad

571 1512 749 1595 XXXIII.
809 1503 944 1597 Slortia
966 1509 1057 1590 Dux
1083 1533 1106 1588 a
1131 1508 1218 1588 Foe-
1268 1501 1501 1590 Clementem
1537 1501 1757 1590 Pontificem
1809 1505 1975 1622 legatio,

514 1626 647 1714 deratis
694 1650 860 1741 recepnus
876 1624 943 1731 ‚in
978 1652 1110 1710 eorum
1160 1649 1219 1705 ca·
1269 1649 1346 1736 qua
1369 1622 1488 1738 ipsum
1503 1677 1516 1728 ,
1533 1647 1576 1708 ut
1592 1623 1641 1710 ab
1653 1622 1762 1708 armis
1785 1622 1975 1730 discedat,
2135 1721 2136 1732 p

511 1746 590 1832 stris
615 1771 831 1861 permanere
857 1739 1071 1828 constituit.
1270 1763 1309 1824 et
1338 1768 1426 1826 cum
1442 1739 1583 1827 Carolo
1614 1742 1828 1830 societatem
1851 1741 1971 1847 ineat,

572 1865 753 1948 XXXIV.
814 1859 1009 1946 foederati
1052 1855 1219 1944 Helveti·
1272 1855 1436 1969 pluribus
1456 1859 1575 1947 verbis
1600 1885 1750 1947 monet.
1914 1897 1921 1900 ·

513 2009 626 2068 orum
667 1979 718 2066 ad
777 1975 1062 2093 quatuordecim
1111 1973 1220 2058 millia
1331 1977 1445 2062 XLII.
1503 1981 1752 2068 Moncadaa
1793 1975 1977 2064 Pontilice

515 2097 723 2185 accessione
757 2094 855 2182 facta
889 2093 1039 2182 recreati
1071 2091 1217 2178 Medio
1273 2091 1514 2210 colloquendi
1550 2098 1668 2214 gratia
1699 2121 1860 2185 evocato
1883 2123 1977 2213 qua·

514 2217 644 2305 lanum
672 2244 795 2300 rursus
818 2214 987 2300 obsidere
1012 2236 1166 2328 parant.
1272 2235 1361 2296 tuor
1383 2214 1566 2300 mensium
1594 2215 1762 2304 induciae
1781 2213 1899 2301 fiunt.

383 2414 387 2424 .
561 2336 731 2418 XXXV.
789 2331 991 2416 Malatesra
1020 2329 1140 2414 Ballio
1154 2333 1221 2414 Pe·
1276 2425 1280 2430 ,
1330 2331 1450 2416 XLIII
1507 2331 1668 2420 lllecuun
1685 2333 1874 2420 Colutmna
1890 2334 1979 2418 Car·

514 2451 659 2540 rusinus
683 2477 771 2535 curn
802 2448 1002 2533 hominum
1030 2471 1121 2530 octo
1144 2445 1222 2530 mil·
1275 2446 1386 2532 dinali
1400 2449 1600 2564 Neapolim
1629 2450 1845 2540 reuertitur.
1877 2455 1979 2535 Pon·

516 2568 611 2655 libus
639 2568 689 2652 ad
725 2571 955 2651 Cremonam
995 2591 1219 2679 oppugnatr-
1273 2560 1364 2652 tifex
1393 2597 1475 2652 suas
1508 2569 1632 2684 copias
1663 2599 1710 2658 ex
1739 2567 1863 2656 castris
1887 2573 1978 2654 Foe-

516 2685 607 2771 dam
639 2684 767 2769 missus
803 2707 860 2770 ter
898 2681 1223 2800 oppugnationem
1275 2682 1493 2770 deratorum
1521 2713 1704 2795 revocat,
1728 2689 1794 2776 sed
1831 2714 1894 2772 eas
1927 2686 1979 2771 in·

517 2801 679 2917 repetit,
704 2826 837 2921 terque
863 2800 1043 2918 rejicitur.
1276 2799 1544 2888 ducitinfines
1559 2801 1981 2909 Columnemium,ubi

576 2921 758 3004 XXXVI.
817 2924 906 3004 Dux
926 2919 1087 3006 Urbinas
1110 2943 1223 3034 nego
1274 2915 1390 3036 longe
1435 2919 1582 3038 lateque
1635 2949 1795 3042 stragem
1858 2921 1981 3010 edunt

516 3035 614 3124 tium
651 3035 719 3126 sibi
745 3036 891 3152 suscipit
933 3035 1223 3152 oppugnationis
1277 3037 1326 3124 ad
1349 3039 1555 3128 advennsm
1583 3071 1703 3160 usque
1716 3037 1891 3130 ausdliaris
1907 3069 1982 3126 nra·

519 3155 740 3241 tentandae.
762 3153 972 3241 Caesariam
993 3151 1222 3252 deditionem
1276 3181 1347 3241 nus
1373 3185 1419 3242 ex
1446 3158 1650 3272 Hispania.

518 3268 678 3362 faciunt.
1334 3275 1472 3360 XLIV.
1530 3280 1643 3363 Hanc
1678 3277 1796 3364 classis
1828 3272 1984 3364 susnule-

577 3392 776 3478 XXXVII.
844 3393 990 3478 Interea
1032 3386 1223 3476 Columna
1276 3415 1334 3476 rat
1349 3451 1362 3496 ,
1377 3420 1475 3506 quae
1499 3394 1689 3480 Corsicam
1705 3395 1867 3502 ,deinde
1908 3396 1983 3478 Ge·

518 3507 722 3594 Cardinalis
767 3511 817 3594 et'
853 3510 976 3624 Hugo
1026 3508 1223 3596 Moncada
1276 3536 1393 3594 nuam
1409 3510 1694 3616 delata,subito
1718 3511 1869 3596 malacia
1889 3536 1983 3594 con·

517 3651 607 3712 cum
638 3624 895 3739 Hispanontm
924 3651 964 3712 et
994 3621 1221 3711 Columnen-
1277 3653 1430 3732 menta,
1452 3629 1655 3716 necessario
1686 3631 1735 3717 ibi
1765 3627 1956 3716 consistit.

518 3742 564 3828 sis
587 3739 752 3830 factionis
783 3741 941 3828 militum
984 3768 1101 3828 manu
1145 3748 1224 3830 Ro
1277 3815 1280 3820 Δ
1333 3747 1455 3830 XLV.
1500 3747 1596 3842 Quo
1621 3747 1879 3850 animadverso
1905 3750 1984 3830 Do

517 3887 618 3952 mam
647 3859 863 3954 invadunt.
1276 3858 1330 3944 ria
1373 3889 1412 3947 et
1443 3868 1635 3950 Navarrus
1683 3864 1821 3952 hostilis
1865 3862 1985 3950 classis

576 3972 799 4062 XXXVIII.
856 3978 978 4094 Hugo
1028 3978 1223 4064 Moncada
1276 3974 1450 4091 praefecti
1479 4006 1644 4067 nostram
1674 4007 1900 4100 oppugnant
1916 4042 1930 4087 ,
1946 4011 1984 4066 u·

516 4116 557 4180 et
589 4093 805 4182 Ludovicus
837 4093 1042 4180 Cordubae
1078 4098 1223 4180 Suessa-
1275 4123 1441 4211 namque
1469 4099 1596 4187 navim
1629 4100 1874 4216 deprimunt,
1904 4127 1983 4215 qua

516 4236 587 4296 nus
613 4215 704 4299 Dux
736 4211 785 4298 de
820 4210 1091 4326 compositione
1135 4239 1224 4300 cum
1274 4212 1431 4328 Hispani
1445 4217 1708 4335 quadringenti
1728 4219 1983 4321 vehebantur,

515 4325 696 4414 Pontifice
727 4323 859 4416 fisuna
887 4353 1030 4444 agrmt.
1077 4333 1223 4440 Suessa·
1275 4358 1440 4446 quorum
1464 4333 1571 4422 multi
1601 4364 1689 4422 cum
1721 4336 1886 4422 triremes
1918 4365 1980 4448 ap

516 4443 685 4536 niDucis
705 4445 889 4532 interino.
920 4445 1116 4538 Moncada
1129 4475 1222 4534 con·
1275 4450 1552 4562 prehendissent
1575 4454 1755 4557 ,concisis
1790 4453 1839 4538 ab
1870 4452 1979 4538 hoste

514 4559 631 4652 siliom
690 4563 926 4648 Clementem
985 4563 1219 4674 opprimendi
1273 4569 1444 4656 manIbus
1494 4571 1572 4658 alto
1621 4571 1755 4658 redditi
1801 4593 1970 4686 pereunt,

444 4743 447 4749 -
514 4707 602 4768 cum
624 4680 814 4770 Columna
837 4678 1026 4766 Cardinali
1050 4706 1220 4768 commu·
1274 4683 1340 4768 sed
1371 4709 1499 4770 exorta
1530 4711 1749 4822 tempestate
1779 4689 1905 4823 hostes
1943 4687 1984 4772 in

513 4795 634 4887 nicat.
920 4891 923 4896 ,
1086 4913 1109 4930 ,Ι
1271 4825 1426 4913 pornun
1468 4832 1507 4891 se
1549 4804 1774 4940 recipiunt,
1813 4809 1982 5008 Huspdupp
