4292 5984
583 471 823 554 cauom
874 473 926 556 v.
977 467 1098 558 cru:
1127 481 1162 555 r.
1198 465 1224 480 ’“
1522 443 1579 582 ἐς

154 627 491 776 Episcoporum'
515 627 775 730 'doctrinm
826 625 895 730 et'
925 623 1234 736 auctoritatem
1275 619 1421 737 'secuti
1445 619 1467 754 ,¹
1534 657 1623 774 uo'J

150 820 253 881 rum
289 772 568 917 Theophilus
606 809 872 877 memoratur
908 776 1114 881 Concilio
1150 781 1352 883 Nicaeno
1401 677 1626 918 intedsisf·

146 963 229 1048 se,
265 961 309 1025 et
356 937 613 1024 Sanctorum
658 927 840 1018 Patrum
887 915 941 1016 de
989 919 1077 1019 fide
1123 920 1353 1056 Catholica
1396 927 1620 1034 decretum

145 1105 261 1168 voce
298 1102 342 1166 et
379 1067 542 1208 scripto
587 1063 916 1206 comprobasse.
967 1066 1105 1184 Quod
1151 1068 1424 1208 Concilium*
1454 1105 1624 1175 constat

144 1210 400 1354 principatu
436 1208 719 1312 Constantini
741 1207 900 1350 Magni
932 1201 1062 1310 fuisse
1090 1203 1416 1332 convocatum,
1454 1247 1499 1313 et
1535 1236 1622 1316 tre-'-
1698 1293 1704 1314 .

146 1392 380 1458 centorum
426 1356 580 1454 decem
624 1387 673 1450 ‘ec
714 1387 819 1450 octo
867 1351 1188 1496 Episcopomm
1242 1391 1294 1456 ex
1338 1358 1485 1474 omni
1509 1358 1619 1461 orbe

132 1497 403 1622 ‚Christiano
438 1531 662 1600 conventu
698 1491 997 1615 celebratum,
1032 1495 1089 1599 ab
1123 1501 1375 1644 eisdemque
1408 1499 1622 1642 haeresim

149 1643 364 1746 Arianam
401 1678 569 1784 magno
606 1680 817 1742 consensu
854 1641 1119 1744 damnatam.
1524 1663 1551 1734 .'

220 1798 389 1891 XXVI.
466 1784 555 1886 Sub
592 1783 710 1886 hunc
748 1783 882 1924 igitur
919 1783 1193 1892 Gotthorum
1236 1788 1479 1896 adventum
1524 1805 1620 1895 Eu-

148 1930 306 2032 doxius
344 1930 588 2072 Episcopus
629 1927 900 2062 Byzantius,
941 1931 1141 2072 princeps
1179 1933 1226 2033 id
1264 1939 1476 2079 temporis
1511 1935 1621 2036 hae-

146 2075 247 2174 resis
286 2074 444 2198 illius,
480 2067 694 2188 Valenti,
732 2071 813 2210 qui
850 2069 892 2170 et
928 2072 1019 2213 ipse
1056 2109 1160 2179 cum
1182 2077 1356 2212 Arianis
1392 2079 1621 2201 sentiebat,

145 2253 300 2320 auctor
338 2217 422 2335 fit,
467 2250 517 2314 ut
565 2254 593 2313 a
635 2211 909 2314 Gotthorum
953 2215 1225 2355 Principibus
1276 2253 1423 2358 perat,
1461 2224 1527 2321 uti
1564 2225 1621 2324 ad

144 2400 307 2502 pacem
334 2356 597 2490 'majoribus
640 2356 826 2458 vinculis
873 2352 1177 2460 stabiliendam
1224 2363 1391 2502 dogma
1436 2401 1620 2502 quoque

144 2503 374 2642 religionis
412 2539 518 2600 curn
554 2495 750 2598 amicitia
787 2501 1101 2602 Romanorum
1145 2501 1381 2642 accipiant.
1420 2503 1502 2604 Illis
1539 2531 1627 2604 au-J

147 2679 240 2746 tem
284 2641 572 2744 renitentibus
614 2638 966 2785 negantibusque
1011 2687 1055 2744 se
1099 2685 1125 2745 a
1176 2654 1398 2779 majorum
1444 2645 1621 2749 institu-

150 2789 203 2890 tis
242 2787 534 2908 discessuros,
567 2784 770 2928 Ulphilas
806 2821 960 2890 eonrm
1008 2789 1249 2932 Episcopus
1301 2790 1463 2932 partim
1498 2787 1627 2892 fallas

153 2929 275 3034 cibus
309 2930 487 3052 verbis,
524 2931 688 3074 partim
720 2930 974 3034 muneribus
1018 2973 1068 3032 ac
1106 2934 1499 3077 pollicitationibus
1536 2947 1623 3038 Eu·
1724 3009 1725 3012 κ

151 3076 276 3178 doxii
324 3113 590 3220 conuptus,
626 3074 915 3183 Gotthorum-
938 3074 1108 3180 animos
1145 3081 1373 3182 mendacio
1411 3078 1584 3182 deflexit
1603 3111 1622 3198 ,'

149 3216 372 3326 affirmans
408 3261 460 3321 ea
495 3223 710 3364 dogmata
752 3259 801 3322 re
841 3223 960 3326 nulla
1005 3223 1171 3344 solida,
1220 3226 1294 3325 sed
1340 3224 1460 3328 inani
1504 3257 1620 3367 qua-

152 3366 257 3477 dam
293 3364 536 3468 verborum
572 3365 864 3507 discrepantia
901 3364 1094 3481 differre3
1138 3409 1412 3512 quamquam
1448 3369 1495 3468 id
1534 3395 1629 3500 “¹²5

150 3509 250 3612 lum
285 3553 312 3612 a
347 3511 524 3616 Gotthis
562 3553 653 3616 non
690 3548 833 3655 post,
871 3515 950 3614 sed
980 3553 1080 3617 ante
1127 3513 1429 3618 transmissum
1462 3505 1622 3615 Istrum

148 3649 281 3756 fuisse
330 3691 605 3760 contracutm
640 3672 834 3759 Socrates
876 3659 923 3760 in
964 3661 1123 3761 eodem
1155 3659 1269 3762 libro
1300 3659 1529 3802 prodidit,
1564 3693 1627 3753 re-·

147 3792 313 3903 ferente
349 3799 462 3906 hanc
498 3802 685 3947 gratiam
721 3802 1007 3946 Fridigerno,
1043 3816 1167 3948 Rege
1202 3807 1424 3938 ipsorum,
1461 3807 1625 3902 varen·
1757 3855 1760 3862 ·

147 3943 226 4058 ti,
262 3956 384 4080 cujus
419 3948 583 4050 auxilio
621 3945 940 4052 Athanaricum
975 3958 1159 4051 alterum
1205 3945 1490 4048 Gotthorum'
1524 3954 1631 4043 rte-¹

149 4123 295 4228 gem,
332 4130 358 4189 a
394 4130 487 4233 quo
522 4090 639 4193 bello
676 4093 800 4212 civili
834 4095 976 4195 victus
1012 4088 1190 4210 firerat,
1228 4115 1493 4231 superasset,
1538 4086 1627 4184 ali-⁴

152 4264 271 4370 quot
307 4235 461 4356 annis,
505 4273 743 4377 antequam
786 4238 966 4378 utrique
1009 4235 1121 4334 inter
1165 4269 1208 4333 sc
1254 4229 1522 4368 reconciliati
1565 4229 1626 4330 ad

151 4373 442 4498 Valentem,
469 4381 851 4520 quemadmodum
896 4377 1262 4498 memoravimus,
1299 4371 1619 4516 confugerent.

155 4526 268 4618 Earn
305 4517 438 4659 igitur
474 4520 621 4625 labem
657 4519 815 4621 Gotthi
851 4520 965 4622 circa
992 4562 1071 4621 vcav
1094 4557 1295 4661 tempora
1342 4549 1621 4634 contraxere,

156 4695 200 4760 et
237 4661 293 4761 ad
330 4663 509 4766 tertium
543 4707 682 4806 usque
719 4665 975 4768 Concilium
1000 4664 1305 4784 Toletanum,
1343 4666 1468 4803 quod
1503 4672 1632 4809 lice-⁴¹

158 4803 317 4904 caredo
351 4817 475 4952 Rege
511 4847 719 4926 coactum
754 4845 853 4929 est,
887 4808 1165 4948 pertinaciter
1201 4809 1500 4912 retinuerunt.
1519 4807 1620 4905 ·Sed

228 4949 340 5050 Tam.
364 4956 396 5050 Ι.
916 4947 920 4954 ’
1180 4961 1226 5056 D
1515 4988 1619 5055 cum
