<?xml version="1.0" encoding="UTF-8"?>
<!DOCTYPE html PUBLIC "-//W3C//DTD XHTML 1.0 Transitional//EN"
    "http://www.w3.org/TR/xhtml1/DTD/xhtml1-transitional.dtd">
<html xmlns="http://www.w3.org/1999/xhtml" xml:lang="en" lang="en">
 <head>
  <title>
</title>
<meta http-equiv="Content-Type" content="text/html;charset=utf-8" />
  <meta name='ocr-system' content='tesseract 3.04.00' />
  <meta name='ocr-capabilities' content='ocr_page ocr_carea ocr_par ocr_line ocrx_word'/>
</head>
<body>
  <div class='ocr_page' id='page_1' title='image "./joannisgenesiis02sepgoog_0669.png"; bbox 0 0 4326 5986; ppageno 0'>
   <div class='ocr_carea' id='block_1_1' title="bbox 525 505 1978 834">
    <p class='ocr_par' dir='ltr' id='par_1_1' title="bbox 525 505 1978 834">
     <span class='ocr_line' id='line_1_1' title="bbox 568 505 1594 611; baseline 0.003 -28"><span class='ocrx_word' id='word_1_1' title='bbox 568 521 659 611; x_wconf 79' lang='lat'>432</span> <span class='ocrx_word' id='word_1_2' title='bbox 992 507 1070 590; x_wconf 81' lang='lat' dir='ltr'>nn</span> <span class='ocrx_word' id='word_1_3' title='bbox 1113 507 1319 587; x_wconf 79' lang='lat' dir='ltr'>nanus</span> <span class='ocrx_word' id='word_1_4' title='bbox 1370 505 1594 588; x_wconf 80' lang='lat' dir='ltr'>Gnsrrs</span> 
     </span>
     <span class='ocr_line' id='line_1_2' title="bbox 525 667 1978 834; baseline -0.006 -53"><span class='ocrx_word' id='word_1_5' title='bbox 525 669 862 789; x_wconf 88' lang='lat' dir='ltr'>Almirallium,</span> <span class='ocrx_word' id='word_1_6' title='bbox 901 708 956 768; x_wconf 88' lang='lat' dir='ltr'>ne</span> <span class='ocrx_word' id='word_1_7' title='bbox 992 667 1172 766; x_wconf 88' lang='lat' dir='ltr'>ulterius</span> <span class='ocrx_word' id='word_1_8' title='bbox 1220 670 1581 810; x_wconf 83' lang='lat' dir='ltr'>progrederetur,</span> <span class='ocrx_word' id='word_1_9' title='bbox 1614 699 1795 834; x_wconf 69' lang='lat' dir='ltr'>monet,</span> <span class='ocrx_word' id='word_1_10' title='bbox 1827 667 1978 813; x_wconf 81' lang='lat' dir='ltr'>quippe</span> 
     </span>
    </p>
   </div>
   <div class='ocr_carea' id='block_1_2' title="bbox 520 811 1991 4990">
    <p class='ocr_par' dir='ltr' id='par_1_2' title="bbox 520 811 1991 4990">
     <span class='ocr_line' id='line_1_3' title="bbox 525 811 1973 954; baseline -0.003 -32"><span class='ocrx_word' id='word_1_11' title='bbox 525 859 701 922; x_wconf 91' lang='lat' dir='ltr'>senon</span> <span class='ocrx_word' id='word_1_12' title='bbox 737 813 971 932; x_wconf 87' lang='lat' dir='ltr'>dubitare,</span> <span class='ocrx_word' id='word_1_13' title='bbox 1008 811 1117 952; x_wconf 90' lang='lat' dir='ltr'>quin</span> <span class='ocrx_word' id='word_1_14' title='bbox 1153 812 1333 912; x_wconf 84' lang='lat' dir='ltr'>Carolus</span> <span class='ocrx_word' id='word_1_15' title='bbox 1370 813 1601 952; x_wconf 88' lang='lat' dir='ltr'>cognitis,</span> <span class='ocrx_word' id='word_1_16' title='bbox 1637 853 1749 954; x_wconf 89' lang='lat' dir='ltr'>quae</span> <span class='ocrx_word' id='word_1_17' title='bbox 1785 853 1877 954; x_wconf 81' lang='lat' dir='ltr'>ipse</span> <span class='ocrx_word' id='word_1_18' title='bbox 1910 819 1973 917; x_wconf 85' lang='lat' dir='ltr'>dt-</span> 
     </span>
     <span class='ocr_line' id='line_1_4' title="bbox 524 955 1977 1101; baseline -0.003 -35"><span class='ocrx_word' id='word_1_19' title='bbox 524 960 670 1085; x_wconf 86' lang='lat' dir='ltr'>ferat,</span> <span class='ocrx_word' id='word_1_20' title='bbox 709 957 936 1101; x_wconf 86' lang='lat' dir='ltr'>postulatis</span> <span class='ocrx_word' id='word_1_21' title='bbox 984 955 1253 1056; x_wconf 88' lang='lat' dir='ltr'>conditionis</span> <span class='ocrx_word' id='word_1_22' title='bbox 1299 957 1569 1096; x_wconf 82' lang='lat' dir='ltr'>aequitatem</span> <span class='ocrx_word' id='word_1_23' title='bbox 1612 957 1666 1054; x_wconf 91' lang='lat' dir='ltr'>sit</span> <span class='ocrx_word' id='word_1_24' title='bbox 1708 995 1977 1098; x_wconf 87' lang='lat' dir='ltr'>accepturus.</span> 
     </span>
     <span class='ocr_line' id='line_1_5' title="bbox 524 1097 1981 1249; baseline -0.003 -41"><span class='ocrx_word' id='word_1_25' title='bbox 524 1119 678 1249; x_wconf 90' lang='lat' dir='ltr'>Itaque</span> <span class='ocrx_word' id='word_1_26' title='bbox 700 1101 942 1207; x_wconf 88' lang='lat' dir='ltr'>Cardinalis</span> <span class='ocrx_word' id='word_1_27' title='bbox 964 1097 1142 1200; x_wconf 88' lang='lat' dir='ltr'>hortatu</span> <span class='ocrx_word' id='word_1_28' title='bbox 1160 1140 1254 1200; x_wconf 88' lang='lat' dir='ltr'>suas</span> <span class='ocrx_word' id='word_1_29' title='bbox 1277 1099 1428 1240; x_wconf 82' lang='lat' dir='ltr'>copias</span> <span class='ocrx_word' id='word_1_30' title='bbox 1445 1100 1715 1203; x_wconf 81' lang='lat' dir='ltr'>AlmIrallius</span> <span class='ocrx_word' id='word_1_31' title='bbox 1735 1101 1784 1200; x_wconf 93' lang='lat' dir='ltr'>in</span> <span class='ocrx_word' id='word_1_32' title='bbox 1811 1109 1981 1204; x_wconf 79' lang='lat' dir='ltr'>Sanctum</span> 
     </span>
     <span class='ocr_line' id='line_1_6' title="bbox 524 1244 1980 1384; baseline -0.001 -34"><span class='ocrx_word' id='word_1_33' title='bbox 524 1263 755 1352; x_wconf 85' lang='lat' dir='ltr'>Germanum</span> <span class='ocrx_word' id='word_1_34' title='bbox 793 1244 1006 1380; x_wconf 86' lang='lat' dir='ltr'>(castello</span> <span class='ocrx_word' id='word_1_35' title='bbox 1044 1245 1091 1343; x_wconf 92' lang='lat' dir='ltr'>id</span> <span class='ocrx_word' id='word_1_36' title='bbox 1135 1284 1298 1344; x_wconf 90' lang='lat' dir='ltr'>nomen</span> <span class='ocrx_word' id='word_1_37' title='bbox 1343 1249 1447 1379; x_wconf 75' lang='lat' dir='ltr'>est)</span> <span class='ocrx_word' id='word_1_38' title='bbox 1491 1283 1697 1384; x_wconf 83' lang='lat' dir='ltr'>passuum</span> <span class='ocrx_word' id='word_1_39' title='bbox 1739 1287 1810 1344; x_wconf 84' lang='lat' dir='ltr'>sex</span> <span class='ocrx_word' id='word_1_40' title='bbox 1855 1249 1980 1348; x_wconf 84' lang='lat' dir='ltr'>millia</span> 
     </span>
     <span class='ocr_line' id='line_1_7' title="bbox 525 1388 1981 1496; baseline -0.002 0"><span class='ocrx_word' id='word_1_41' title='bbox 525 1395 725 1496; x_wconf 86' lang='lat' dir='ltr'>reduxit.</span> <span class='ocrx_word' id='word_1_42' title='bbox 764 1391 885 1492; x_wconf 86' lang='lat' dir='ltr'>Hinc</span> <span class='ocrx_word' id='word_1_43' title='bbox 920 1388 1163 1490; x_wconf 86' lang='lat' dir='ltr'>Cardinalis</span> <span class='ocrx_word' id='word_1_44' title='bbox 1194 1389 1315 1492; x_wconf 90' lang='lat' dir='ltr'>idem</span> <span class='ocrx_word' id='word_1_45' title='bbox 1350 1389 1484 1488; x_wconf 91' lang='lat' dir='ltr'>misso</span> <span class='ocrx_word' id='word_1_46' title='bbox 1511 1389 1795 1490; x_wconf 82' lang='lat' dir='ltr'>caduceatore</span> <span class='ocrx_word' id='word_1_47' title='bbox 1823 1391 1879 1492; x_wconf 90' lang='lat' dir='ltr'>ab</span> <span class='ocrx_word' id='word_1_48' title='bbox 1904 1401 1981 1492; x_wconf 88' lang='lat' dir='ltr'>An·</span> 
     </span>
     <span class='ocr_line' id='line_1_8' title="bbox 526 1530 1979 1680; baseline -0.001 -39"><span class='ocrx_word' id='word_1_49' title='bbox 526 1538 656 1642; x_wconf 91' lang='lat' dir='ltr'>tonio</span> <span class='ocrx_word' id='word_1_50' title='bbox 692 1536 834 1680; x_wconf 89' lang='lat' dir='ltr'>petit,</span> <span class='ocrx_word' id='word_1_51' title='bbox 867 1569 919 1634; x_wconf 90' lang='lat' dir='ltr'>ut</span> <span class='ocrx_word' id='word_1_52' title='bbox 955 1530 1040 1633; x_wconf 83' lang='lat' dir='ltr'>sibi</span> <span class='ocrx_word' id='word_1_53' title='bbox 1075 1531 1204 1632; x_wconf 89' lang='lat' dir='ltr'>liceat</span> <span class='ocrx_word' id='word_1_54' title='bbox 1239 1543 1330 1668; x_wconf 90' lang='lat' dir='ltr'>ejus</span> <span class='ocrx_word' id='word_1_55' title='bbox 1367 1534 1595 1634; x_wconf 86' lang='lat' dir='ltr'>voluntate</span> <span class='ocrx_word' id='word_1_56' title='bbox 1633 1572 1709 1671; x_wconf 89' lang='lat' dir='ltr'>per</span> <span class='ocrx_word' id='word_1_57' title='bbox 1741 1535 1979 1640; x_wconf 80' lang='lat' dir='ltr'>Mediolani</span> 
     </span>
     <span class='ocr_line' id='line_1_9' title="bbox 525 1678 1979 1822; baseline 0.001 -39"><span class='ocrx_word' id='word_1_58' title='bbox 525 1681 636 1784; x_wconf 83' lang='lat' dir='ltr'>fines</span> <span class='ocrx_word' id='word_1_59' title='bbox 672 1685 728 1782; x_wconf 94' lang='lat' dir='ltr'>ad</span> <span class='ocrx_word' id='word_1_60' title='bbox 761 1679 976 1780; x_wconf 86' lang='lat' dir='ltr'>Catulum</span> <span class='ocrx_word' id='word_1_61' title='bbox 1013 1687 1276 1797; x_wconf 87' lang='lat' dir='ltr'>Caesarem,</span> <span class='ocrx_word' id='word_1_62' title='bbox 1306 1679 1362 1777; x_wconf 89' lang='lat' dir='ltr'>ad</span> <span class='ocrx_word' id='word_1_63' title='bbox 1399 1716 1535 1816; x_wconf 90' lang='lat' dir='ltr'>quem</span> <span class='ocrx_word' id='word_1_64' title='bbox 1577 1678 1744 1819; x_wconf 85' lang='lat' dir='ltr'>legatus</span> <span class='ocrx_word' id='word_1_65' title='bbox 1787 1679 1842 1778; x_wconf 89' lang='lat' dir='ltr'>de</span> <span class='ocrx_word' id='word_1_66' title='bbox 1883 1719 1979 1822; x_wconf 89' lang='lat' dir='ltr'>pace</span> 
     </span>
     <span class='ocr_line' id='line_1_10' title="bbox 524 1821 1978 1960; baseline -0.002 -30"><span class='ocrx_word' id='word_1_67' title='bbox 524 1827 677 1930; x_wconf 37' lang='lat' dir='ltr'>,veniat</span> <span class='ocrx_word' id='word_1_68' title='bbox 713 1867 737 1926; x_wconf 86' lang='lat' dir='ltr'>a</span> <span class='ocrx_word' id='word_1_69' title='bbox 774 1824 999 1924; x_wconf 86' lang='lat' dir='ltr'>Gallorum</span> <span class='ocrx_word' id='word_1_70' title='bbox 1033 1831 1157 1960; x_wconf 87' lang='lat' dir='ltr'>Rege</span> <span class='ocrx_word' id='word_1_71' title='bbox 1193 1821 1375 1940; x_wconf 80' lang='lat' dir='ltr'>missus,</span> <span class='ocrx_word' id='word_1_72' title='bbox 1412 1821 1621 1922; x_wconf 83' lang='lat' dir='ltr'>transite.</span> <span class='ocrx_word' id='word_1_73' title='bbox 1658 1823 1901 1944; x_wconf 89' lang='lat' dir='ltr'>Antonius,</span> <span class='ocrx_word' id='word_1_74' title='bbox 1933 1865 1978 1929; x_wconf 89' lang='lat' dir='ltr'>ut</span> 
     </span>
     <span class='ocr_line' id='line_1_11' title="bbox 526 1963 1975 2108; baseline -0.001 -39"><span class='ocrx_word' id='word_1_75' title='bbox 526 1969 720 2108; x_wconf 86' lang='lat' dir='ltr'>spatium</span> <span class='ocrx_word' id='word_1_76' title='bbox 755 1965 1075 2080; x_wconf 87' lang='lat' dir='ltr'>intercederet,</span> <span class='ocrx_word' id='word_1_77' title='bbox 1114 1964 1223 2064; x_wconf 90' lang='lat' dir='ltr'>dum</span> <span class='ocrx_word' id='word_1_78' title='bbox 1258 1963 1450 2084; x_wconf 88' lang='lat' dir='ltr'>milites,</span> <span class='ocrx_word' id='word_1_79' title='bbox 1494 1965 1575 2104; x_wconf 88' lang='lat' dir='ltr'>qui</span> <span class='ocrx_word' id='word_1_80' title='bbox 1610 1967 1864 2106; x_wconf 88' lang='lat' dir='ltr'>propediem</span> <span class='ocrx_word' id='word_1_81' title='bbox 1903 2009 1975 2068; x_wconf 85' lang='lat' dir='ltr'>ex-</span> 
     </span>
     <span class='ocr_line' id='line_1_12' title="bbox 526 2107 1981 2252; baseline 0.001 -39"><span class='ocrx_word' id='word_1_82' title='bbox 526 2107 1219 2252; x_wconf 83' lang='lat' dir='ltr'>spectabantur,convenirent,</span> <span class='ocrx_word' id='word_1_83' title='bbox 1254 2149 1297 2208; x_wconf 90' lang='lat' dir='ltr'>se</span> <span class='ocrx_word' id='word_1_84' title='bbox 1333 2111 1588 2248; x_wconf 87' lang='lat' dir='ltr'>respondit,</span> <span class='ocrx_word' id='word_1_85' title='bbox 1609 2109 1645 2208; x_wconf 89' lang='lat' dir='ltr'>si</span> <span class='ocrx_word' id='word_1_86' title='bbox 1681 2149 1757 2251; x_wconf 89' lang='lat' dir='ltr'>per</span> <span class='ocrx_word' id='word_1_87' title='bbox 1783 2111 1981 2214; x_wconf 82' lang='lat' dir='ltr'>Almiral-</span> 
     </span>
     <span class='ocr_line' id='line_1_13' title="bbox 524 2252 1979 2394; baseline 0.001 -38"><span class='ocrx_word' id='word_1_88' title='bbox 524 2257 637 2358; x_wconf 90' lang='lat' dir='ltr'>lium</span> <span class='ocrx_word' id='word_1_89' title='bbox 675 2257 829 2372; x_wconf 88' lang='lat' dir='ltr'>liceat,</span> <span class='ocrx_word' id='word_1_90' title='bbox 870 2252 1018 2357; x_wconf 88' lang='lat' dir='ltr'>virum</span> <span class='ocrx_word' id='word_1_91' title='bbox 1053 2291 1235 2394; x_wconf 85' lang='lat' dir='ltr'>gravem</span> <span class='ocrx_word' id='word_1_92' title='bbox 1269 2253 1324 2354; x_wconf 93' lang='lat' dir='ltr'>ad</span> <span class='ocrx_word' id='word_1_93' title='bbox 1360 2253 1641 2354; x_wconf 88' lang='lat' dir='ltr'>Cardinalem</span> <span class='ocrx_word' id='word_1_94' title='bbox 1677 2293 1782 2357; x_wconf 88' lang='lat' dir='ltr'>curn</span> <span class='ocrx_word' id='word_1_95' title='bbox 1809 2258 1979 2359; x_wconf 83' lang='lat' dir='ltr'>manda·</span> 
     </span>
     <span class='ocr_line' id='line_1_14' title="bbox 526 2396 1977 2537; baseline 0.004 -39"><span class='ocrx_word' id='word_1_96' title='bbox 526 2401 582 2499; x_wconf 92' lang='lat' dir='ltr'>tis</span> <span class='ocrx_word' id='word_1_97' title='bbox 619 2400 920 2515; x_wconf 84' lang='lat' dir='ltr'>missurum,</span> <span class='ocrx_word' id='word_1_98' title='bbox 958 2396 1005 2496; x_wconf 89' lang='lat' dir='ltr'>ui</span> <span class='ocrx_word' id='word_1_99' title='bbox 1050 2433 1275 2536; x_wconf 89' lang='lat' dir='ltr'>prospecta</span> <span class='ocrx_word' id='word_1_100' title='bbox 1310 2397 1442 2537; x_wconf 88' lang='lat' dir='ltr'>ipsius</span> <span class='ocrx_word' id='word_1_101' title='bbox 1488 2399 1696 2499; x_wconf 87' lang='lat' dir='ltr'>adventus</span> <span class='ocrx_word' id='word_1_102' title='bbox 1739 2440 1908 2522; x_wconf 88' lang='lat' dir='ltr'>causa,</span> <span class='ocrx_word' id='word_1_103' title='bbox 1937 2398 1977 2504; x_wconf 84' lang='lat' dir='ltr'>¹si</span> 
     </span>
     <span class='ocr_line' id='line_1_15' title="bbox 527 2437 1971 2686; baseline 0.001 -42"><span class='ocrx_word' id='word_1_104' title='bbox 527 2544 671 2646; x_wconf 90' lang='lat' dir='ltr'>visum</span> <span class='ocrx_word' id='word_1_105' title='bbox 715 2542 891 2680; x_wconf 88' lang='lat' dir='ltr'>utrique</span> <span class='ocrx_word' id='word_1_106' title='bbox 925 2437 1108 2661; x_wconf 71' lang='lat' dir='ltr'>luerit,</span> <span class='ocrx_word' id='word_1_107' title='bbox 1150 2541 1358 2642; x_wconf 88' lang='lat' dir='ltr'>eumdem</span> <span class='ocrx_word' id='word_1_108' title='bbox 1412 2539 1694 2683; x_wconf 89' lang='lat' dir='ltr'>colloquendi</span> <span class='ocrx_word' id='word_1_109' title='bbox 1750 2545 1891 2686; x_wconf 86' lang='lat' dir='ltr'>gratia</span> <span class='ocrx_word' id='word_1_110' title='bbox 1930 2546 1971 2645; x_wconf 94' lang='lat' dir='ltr'>in</span> 
     </span>
     <span class='ocr_line' id='line_1_16' title="bbox 524 2684 1975 2826; baseline 0.002 -39"><span class='ocrx_word' id='word_1_111' title='bbox 524 2728 599 2787; x_wconf 90' lang='lat' dir='ltr'>sua</span> <span class='ocrx_word' id='word_1_112' title='bbox 634 2722 765 2788; x_wconf 89' lang='lat' dir='ltr'>castra</span> <span class='ocrx_word' id='word_1_113' title='bbox 802 2684 1015 2785; x_wconf 82' lang='lat' dir='ltr'>deducat.</span> <span class='ocrx_word' id='word_1_114' title='bbox 1062 2695 1181 2785; x_wconf 91' lang='lat' dir='ltr'>Cum</span> <span class='ocrx_word' id='word_1_115' title='bbox 1216 2686 1292 2826; x_wconf 81' lang='lat' dir='ltr'>per</span> <span class='ocrx_word' id='word_1_116' title='bbox 1327 2685 1656 2788; x_wconf 78' lang='lat' dir='ltr'>caduceatorem</span> <span class='ocrx_word' id='word_1_117' title='bbox 1691 2686 1810 2790; x_wconf 91' lang='lat' dir='ltr'>ultro</span> <span class='ocrx_word' id='word_1_118' title='bbox 1853 2688 1975 2790; x_wconf 88' lang='lat' dir='ltr'>citro-</span> 
     </span>
     <span class='ocr_line' id='line_1_17' title="bbox 526 2827 1977 2972; baseline 0.005 -43"><span class='ocrx_word' id='word_1_119' title='bbox 526 2871 614 2972; x_wconf 91' lang='lat' dir='ltr'>que</span> <span class='ocrx_word' id='word_1_120' title='bbox 648 2866 972 2937; x_wconf 90' lang='lat' dir='ltr'>commeantem</span> <span class='ocrx_word' id='word_1_121' title='bbox 1015 2827 1201 2930; x_wconf 89' lang='lat' dir='ltr'>relatum</span> <span class='ocrx_word' id='word_1_122' title='bbox 1236 2865 1341 2930; x_wconf 90' lang='lat' dir='ltr'>esset</span> <span class='ocrx_word' id='word_1_123' title='bbox 1383 2829 1551 2952; x_wconf 90' lang='lat' dir='ltr'>licere,</span> <span class='ocrx_word' id='word_1_124' title='bbox 1592 2831 1741 2932; x_wconf 89' lang='lat' dir='ltr'>missus</span> <span class='ocrx_word' id='word_1_125' title='bbox 1783 2871 1847 2934; x_wconf 91' lang='lat' dir='ltr'>est</span> <span class='ocrx_word' id='word_1_126' title='bbox 1893 2843 1977 2936; x_wconf 88' lang='lat' dir='ltr'>Gu-</span> 
     </span>
     <span class='ocr_line' id='line_1_18' title="bbox 525 2969 1977 3095; baseline 0.005 -23"><span class='ocrx_word' id='word_1_127' title='bbox 525 2975 678 3078; x_wconf 87' lang='lat' dir='ltr'>ticrrus</span> <span class='ocrx_word' id='word_1_128' title='bbox 714 2975 910 3095; x_wconf 84' lang='lat' dir='ltr'>Padilla,</span> <span class='ocrx_word' id='word_1_129' title='bbox 948 3011 991 3074; x_wconf 92' lang='lat' dir='ltr'>et</span> <span class='ocrx_word' id='word_1_130' title='bbox 1035 2969 1092 3072; x_wconf 90' lang='lat' dir='ltr'>ab</span> <span class='ocrx_word' id='word_1_131' title='bbox 1135 3014 1189 3074; x_wconf 91' lang='lat' dir='ltr'>eo</span> <span class='ocrx_word' id='word_1_132' title='bbox 1236 2973 1478 3075; x_wconf 87' lang='lat' dir='ltr'>Cardinalis</span> <span class='ocrx_word' id='word_1_133' title='bbox 1520 2975 1568 3075; x_wconf 89' lang='lat' dir='ltr'>in</span> <span class='ocrx_word' id='word_1_134' title='bbox 1610 2975 1801 3077; x_wconf 88' lang='lat' dir='ltr'>Antonii</span> <span class='ocrx_word' id='word_1_135' title='bbox 1850 3015 1977 3079; x_wconf 86' lang='lat' dir='ltr'>castra</span> 
     </span>
     <span class='ocr_line' id='line_1_19' title="bbox 522 3115 1977 3261; baseline 0.001 -41"><span class='ocrx_word' id='word_1_136' title='bbox 522 3115 763 3222; x_wconf 87' lang='lat' dir='ltr'>deductus.</span> <span class='ocrx_word' id='word_1_137' title='bbox 811 3120 893 3220; x_wconf 88' lang='lat' dir='ltr'>Sed</span> <span class='ocrx_word' id='word_1_138' title='bbox 938 3154 1173 3259; x_wconf 86' lang='lat' dir='ltr'>postquam</span> <span class='ocrx_word' id='word_1_139' title='bbox 1219 3119 1355 3220; x_wconf 89' lang='lat' dir='ltr'>multa</span> <span class='ocrx_word' id='word_1_140' title='bbox 1398 3121 1453 3219; x_wconf 92' lang='lat' dir='ltr'>de</span> <span class='ocrx_word' id='word_1_141' title='bbox 1500 3120 1829 3261; x_wconf 88' lang='lat' dir='ltr'>compositione</span> <span class='ocrx_word' id='word_1_142' title='bbox 1880 3123 1977 3222; x_wconf 90' lang='lat' dir='ltr'>inter</span> 
     </span>
     <span class='ocr_line' id='line_1_20' title="bbox 524 3257 1976 3405; baseline 0.001 -41"><span class='ocrx_word' id='word_1_143' title='bbox 524 3262 783 3405; x_wconf 88' lang='lat' dir='ltr'>Principes,</span> <span class='ocrx_word' id='word_1_144' title='bbox 829 3298 872 3362; x_wconf 90' lang='lat' dir='ltr'>et</span> <span class='ocrx_word' id='word_1_145' title='bbox 913 3263 1111 3363; x_wconf 88' lang='lat' dir='ltr'>sedandis</span> <span class='ocrx_word' id='word_1_146' title='bbox 1154 3261 1383 3363; x_wconf 89' lang='lat' dir='ltr'>discordiis</span> <span class='ocrx_word' id='word_1_147' title='bbox 1425 3257 1600 3365; x_wconf 89' lang='lat' dir='ltr'>fuerunt</span> <span class='ocrx_word' id='word_1_148' title='bbox 1647 3265 1896 3392; x_wconf 86' lang='lat' dir='ltr'>collocuti,</span> <span class='ocrx_word' id='word_1_149' title='bbox 1928 3267 1976 3365; x_wconf 90' lang='lat' dir='ltr'>de</span> 
     </span>
     <span class='ocr_line' id='line_1_21' title="bbox 525 3405 1980 3550; baseline 0.003 -44"><span class='ocrx_word' id='word_1_150' title='bbox 525 3405 779 3508; x_wconf 89' lang='lat' dir='ltr'>exercitibus</span> <span class='ocrx_word' id='word_1_151' title='bbox 800 3406 877 3506; x_wconf 38' lang='lat' dir='ltr'>‘sic</span> <span class='ocrx_word' id='word_1_152' title='bbox 912 3407 1024 3507; x_wconf 89' lang='lat' dir='ltr'>inter</span> <span class='ocrx_word' id='word_1_153' title='bbox 1059 3406 1175 3548; x_wconf 89' lang='lat' dir='ltr'>ipsos</span> <span class='ocrx_word' id='word_1_154' title='bbox 1211 3405 1421 3508; x_wconf 85' lang='lat' dir='ltr'>convenit</span> <span class='ocrx_word' id='word_1_155' title='bbox 1436 3485 1451 3529; x_wconf 94' lang='lat'>,</span> <span class='ocrx_word' id='word_1_156' title='bbox 1484 3446 1535 3508; x_wconf 92' lang='lat' dir='ltr'>ut</span> <span class='ocrx_word' id='word_1_157' title='bbox 1571 3408 1799 3512; x_wconf 88' lang='lat' dir='ltr'>Gallorum</span> <span class='ocrx_word' id='word_1_158' title='bbox 1836 3409 1980 3550; x_wconf 85' lang='lat' dir='ltr'>copias</span> 
     </span>
     <span class='ocr_line' id='line_1_22' title="bbox 523 3550 1985 3694; baseline 0.003 -42"><span class='ocrx_word' id='word_1_159' title='bbox 523 3551 791 3652; x_wconf 84' lang='lat' dir='ltr'>Almirallius</span> <span class='ocrx_word' id='word_1_160' title='bbox 826 3551 874 3650; x_wconf 93' lang='lat' dir='ltr'>in</span> <span class='ocrx_word' id='word_1_161' title='bbox 916 3556 1162 3694; x_wconf 88' lang='lat' dir='ltr'>Augustam</span> <span class='ocrx_word' id='word_1_162' title='bbox 1203 3591 1341 3694; x_wconf 91' lang='lat' dir='ltr'>usque</span> <span class='ocrx_word' id='word_1_163' title='bbox 1388 3550 1691 3655; x_wconf 87' lang='lat' dir='ltr'>Taurinorum</span> <span class='ocrx_word' id='word_1_164' title='bbox 1733 3556 1985 3677; x_wconf 88' lang='lat' dir='ltr'>reduceret,</span> 
     </span>
     <span class='ocr_line' id='line_1_23' title="bbox 521 3691 1986 3838; baseline 0.001 -42"><span class='ocrx_word' id='word_1_165' title='bbox 521 3691 746 3798; x_wconf 79' lang='lat' dir='ltr'>&#39;Antonius</span> <span class='ocrx_word' id='word_1_166' title='bbox 781 3695 889 3795; x_wconf 87' lang='lat' dir='ltr'>citra</span> <span class='ocrx_word' id='word_1_167' title='bbox 929 3697 1118 3838; x_wconf 88' lang='lat' dir='ltr'>Cegiam</span> <span class='ocrx_word' id='word_1_168' title='bbox 1154 3695 1316 3796; x_wconf 83' lang='lat' dir='ltr'>flumen</span> <span class='ocrx_word' id='word_1_169' title='bbox 1361 3735 1464 3796; x_wconf 90' lang='lat' dir='ltr'>cum</span> <span class='ocrx_word' id='word_1_170' title='bbox 1500 3697 1585 3798; x_wconf 88' lang='lat' dir='ltr'>suis</span> <span class='ocrx_word' id='word_1_171' title='bbox 1622 3739 1666 3798; x_wconf 92' lang='lat' dir='ltr'>se</span> <span class='ocrx_word' id='word_1_172' title='bbox 1709 3699 1986 3820; x_wconf 88' lang='lat' dir='ltr'>contineret,</span> 
     </span>
     <span class='ocr_line' id='line_1_24' title="bbox 524 3837 1988 3984; baseline 0.004 -46"><span class='ocrx_word' id='word_1_173' title='bbox 524 3875 569 3938; x_wconf 91' lang='lat' dir='ltr'>et</span> <span class='ocrx_word' id='word_1_174' title='bbox 606 3840 757 3941; x_wconf 92' lang='lat' dir='ltr'>decem</span> <span class='ocrx_word' id='word_1_175' title='bbox 794 3840 970 3942; x_wconf 91' lang='lat' dir='ltr'>dierum</span> <span class='ocrx_word' id='word_1_176' title='bbox 1004 3837 1197 3942; x_wconf 87' lang='lat' dir='ltr'>inducias</span> <span class='ocrx_word' id='word_1_177' title='bbox 1224 3840 1522 3980; x_wconf 84' lang='lat' dir='ltr'>paciscuntur:</span> <span class='ocrx_word' id='word_1_178' title='bbox 1563 3844 1689 3983; x_wconf 91' lang='lat' dir='ltr'>quod</span> <span class='ocrx_word' id='word_1_179' title='bbox 1719 3878 1898 3984; x_wconf 90' lang='lat' dir='ltr'>tempus</span> <span class='ocrx_word' id='word_1_180' title='bbox 1936 3884 1988 3944; x_wconf 88' lang='lat' dir='ltr'>sa-</span> 
     </span>
     <span class='ocr_line' id='line_1_25' title="bbox 522 3977 1988 4129; baseline 0.004 -47"><span class='ocrx_word' id='word_1_181' title='bbox 522 3980 578 4082; x_wconf 88' lang='lat' dir='ltr'>tis</span> <span class='ocrx_word' id='word_1_182' title='bbox 615 3977 711 4083; x_wconf 88' lang='lat' dir='ltr'>fore</span> <span class='ocrx_word' id='word_1_183' title='bbox 752 3983 898 4084; x_wconf 84' lang='lat' dir='ltr'>visum</span> <span class='ocrx_word' id='word_1_184' title='bbox 943 4017 1030 4102; x_wconf 91' lang='lat' dir='ltr'>est,</span> <span class='ocrx_word' id='word_1_185' title='bbox 1060 4022 1110 4084; x_wconf 92' lang='lat' dir='ltr'>ut</span> <span class='ocrx_word' id='word_1_186' title='bbox 1146 3983 1385 4086; x_wconf 88' lang='lat' dir='ltr'>Cardinalis</span> <span class='ocrx_word' id='word_1_187' title='bbox 1415 3986 1621 4088; x_wconf 86' lang='lat' dir='ltr'>mandata</span> <span class='ocrx_word' id='word_1_188' title='bbox 1653 3988 1788 4129; x_wconf 87' lang='lat' dir='ltr'>Regis</span> <span class='ocrx_word' id='word_1_189' title='bbox 1814 3991 1876 4090; x_wconf 87' lang='lat' dir='ltr'>ad</span> <span class='ocrx_word' id='word_1_190' title='bbox 1905 3999 1988 4090; x_wconf 89' lang='lat' dir='ltr'>Ca·</span> 
     </span>
     <span class='ocr_line' id='line_1_26' title="bbox 523 4122 1990 4270; baseline 0.003 -42"><span class='ocrx_word' id='word_1_191' title='bbox 523 4126 668 4228; x_wconf 85' lang='lat' dir='ltr'>tolum</span> <span class='ocrx_word' id='word_1_192' title='bbox 717 4137 808 4259; x_wconf 88' lang='lat' dir='ltr'>jam</span> <span class='ocrx_word' id='word_1_193' title='bbox 860 4140 1010 4229; x_wconf 90' lang='lat' dir='ltr'>Roma</span> <span class='ocrx_word' id='word_1_194' title='bbox 1046 4123 1293 4269; x_wconf 85' lang='lat' dir='ltr'>profectum</span> <span class='ocrx_word' id='word_1_195' title='bbox 1329 4122 1563 4270; x_wconf 84' lang='lat' dir='ltr'>perferret,</span> <span class='ocrx_word' id='word_1_196' title='bbox 1589 4166 1633 4231; x_wconf 91' lang='lat' dir='ltr'>et</span> <span class='ocrx_word' id='word_1_197' title='bbox 1671 4134 1727 4234; x_wconf 85' lang='lat' dir='ltr'>de</span> <span class='ocrx_word' id='word_1_198' title='bbox 1759 4133 1990 4234; x_wconf 89' lang='lat' dir='ltr'>conventis</span> 
     </span>
     <span class='ocr_line' id='line_1_27' title="bbox 523 4267 1991 4414; baseline 0.007 -44"><span class='ocrx_word' id='word_1_199' title='bbox 523 4267 637 4372; x_wconf 87' lang='lat' dir='ltr'>inter</span> <span class='ocrx_word' id='word_1_200' title='bbox 673 4272 789 4414; x_wconf 87' lang='lat' dir='ltr'>ipsos</span> <span class='ocrx_word' id='word_1_201' title='bbox 825 4310 1191 4412; x_wconf 89' lang='lat' dir='ltr'>cognosceretur.</span> <span class='ocrx_word' id='word_1_202' title='bbox 1236 4273 1316 4374; x_wconf 88' lang='lat' dir='ltr'>Sed</span> <span class='ocrx_word' id='word_1_203' title='bbox 1358 4273 1560 4394; x_wconf 90' lang='lat' dir='ltr'>Carolo,</span> <span class='ocrx_word' id='word_1_204' title='bbox 1612 4274 1686 4376; x_wconf 88' lang='lat' dir='ltr'>cui</span> <span class='ocrx_word' id='word_1_205' title='bbox 1731 4277 1787 4376; x_wconf 89' lang='lat' dir='ltr'>ad</span> <span class='ocrx_word' id='word_1_206' title='bbox 1831 4276 1991 4380; x_wconf 87' lang='lat' dir='ltr'>urbem</span> 
     </span>
     <span class='ocr_line' id='line_1_28' title="bbox 522 4415 1989 4561; baseline 0.004 -47"><span class='ocrx_word' id='word_1_207' title='bbox 522 4425 651 4514; x_wconf 86' lang='lat' dir='ltr'>Senas</span> <span class='ocrx_word' id='word_1_208' title='bbox 687 4415 930 4515; x_wconf 88' lang='lat' dir='ltr'>Cardinalis</span> <span class='ocrx_word' id='word_1_209' title='bbox 966 4417 1155 4516; x_wconf 90' lang='lat' dir='ltr'>occurrit</span> <span class='ocrx_word' id='word_1_210' title='bbox 1191 4453 1234 4516; x_wconf 91' lang='lat' dir='ltr'>et</span> <span class='ocrx_word' id='word_1_211' title='bbox 1270 4415 1540 4556; x_wconf 88' lang='lat' dir='ltr'>legationem</span> <span class='ocrx_word' id='word_1_212' title='bbox 1576 4419 1808 4559; x_wconf 85' lang='lat' dir='ltr'>exposuit,</span> <span class='ocrx_word' id='word_1_213' title='bbox 1831 4459 1989 4561; x_wconf 86' lang='lat' dir='ltr'>parum</span> 
     </span>
     <span class='ocr_line' id='line_1_29' title="bbox 521 4555 1983 4705; baseline 0.003 -48"><span class='ocrx_word' id='word_1_214' title='bbox 521 4556 752 4696; x_wconf 86' lang='lat' dir='ltr'>aequitatis</span> <span class='ocrx_word' id='word_1_215' title='bbox 789 4555 948 4660; x_wconf 89' lang='lat' dir='ltr'>habere</span> <span class='ocrx_word' id='word_1_216' title='bbox 985 4561 1202 4699; x_wconf 82' lang='lat' dir='ltr'>postulata</span> <span class='ocrx_word' id='word_1_217' title='bbox 1247 4559 1382 4699; x_wconf 86' lang='lat' dir='ltr'>Regis</span> <span class='ocrx_word' id='word_1_218' title='bbox 1420 4561 1511 4660; x_wconf 89' lang='lat' dir='ltr'>visa</span> <span class='ocrx_word' id='word_1_219' title='bbox 1531 4599 1691 4672; x_wconf 65' lang='lat' dir='ltr'>‚sunt3</span> <span class='ocrx_word' id='word_1_220' title='bbox 1729 4566 1900 4705; x_wconf 87' lang='lat' dir='ltr'>quippe</span> <span class='ocrx_word' id='word_1_221' title='bbox 1941 4566 1983 4662; x_wconf 88' lang='lat' dir='ltr'>in</span> 
     </span>
     <span class='ocr_line' id='line_1_30' title="bbox 520 4699 1989 4844; baseline 0.001 -41"><span class='ocrx_word' id='word_1_222' title='bbox 520 4743 578 4803; x_wconf 92' lang='lat' dir='ltr'>eo</span> <span class='ocrx_word' id='word_1_223' title='bbox 615 4699 899 4844; x_wconf 87' lang='lat' dir='ltr'>persistebat,</span> <span class='ocrx_word' id='word_1_224' title='bbox 941 4735 990 4801; x_wconf 92' lang='lat' dir='ltr'>ut</span> <span class='ocrx_word' id='word_1_225' title='bbox 1027 4701 1233 4816; x_wconf 85' lang='lat' dir='ltr'>liliorum.</span> <span class='ocrx_word' id='word_1_226' title='bbox 1259 4741 1362 4840; x_wconf 25' lang='lat' dir='ltr'>non·</span> <span class='ocrx_word' id='word_1_227' title='bbox 1388 4705 1630 4826; x_wconf 48' lang='lat' dir='ltr'>Carolus»,</span> <span class='ocrx_word' id='word_1_228' title='bbox 1657 4707 1731 4808; x_wconf 89' lang='lat' dir='ltr'>sed</span> <span class='ocrx_word' id='word_1_229' title='bbox 1768 4708 1989 4816; x_wconf 67' lang='lat' dir='ltr'>Henncus</span> 
     </span>
     <span class='ocr_line' id='line_1_31' title="bbox 522 4832 1989 4990; baseline 0.001 -42"><span class='ocrx_word' id='word_1_230' title='bbox 522 4859 627 4948; x_wconf 83' lang='lat' dir='ltr'>Dux</span> <span class='ocrx_word' id='word_1_231' title='bbox 662 4845 911 4952; x_wconf 81' lang='lat' dir='ltr'>Mediolani</span> <span class='ocrx_word' id='word_1_232' title='bbox 939 4832 1296 4982; x_wconf 53' lang='lat' dir='ltr'>constitueretur,</span> <span class='ocrx_word' id='word_1_233' title='bbox 1333 4849 1572 4962; x_wconf 67' lang='lat' dir='ltr'>Caroli-nelis</span> <span class='ocrx_word' id='word_1_234' title='bbox 1596 4851 1731 4990; x_wconf 83' lang='lat' dir='ltr'>igitur</span> <span class='ocrx_word' id='word_1_235' title='bbox 1757 4891 1802 4952; x_wconf 89' lang='lat' dir='ltr'>re</span> <span class='ocrx_word' id='word_1_236' title='bbox 1827 4845 1989 4954; x_wconf 86' lang='lat' dir='ltr'>infecta</span> 
     </span>
    </p>
   </div>
   <div class='ocr_carea' id='block_1_3' title="bbox 523 4989 1983 5098">
    <p class='ocr_par' dir='ltr' id='par_1_3' title="bbox 523 4989 1983 5098">
     <span class='ocr_line' id='line_1_32' title="bbox 523 4989 1983 5098; baseline -0.003 -4"><span class='ocrx_word' id='word_1_237' title='bbox 523 4989 740 5098; x_wconf 87' lang='lat' dir='ltr'>discessit.</span> <span class='ocrx_word' id='word_1_238' title='bbox 1825 5004 1983 5098; x_wconf 84' lang='lat' dir='ltr'>XXIII.</span> 
     </span>
    </p>
   </div>
   <div class='ocr_carea' id='block_1_4' title="bbox 0 0 2168 5986">
    <p class='ocr_par' dir='ltr' id='par_1_4' title="bbox 0 0 2168 5986">
     <span class='ocr_line' id='line_1_33' title="bbox 0 0 2168 5986; baseline 0 0"><span class='ocrx_word' id='word_1_239' title='bbox 0 0 2168 5986; x_wconf 95' lang='lat' dir='ltr'> </span> 
     </span>
    </p>
   </div>
  </div>
 </body>
</html>
