4298 5980
554 377 644 506 ,⁹⁶⁴
910 389 1035 476 ,oe
1082 387 1291 472 nauus
1322 383 1557 470 essars
1791 397 1868 536 q

545 596 614 662 tos
659 563 872 658 Genuam,
896 543 952 652 ad
987 550 1133 691 ipsum
1169 545 1440 688 Philippinus
1476 545 1688 654 miserata
1719 579 1764 648 et
1799 539 1868 652 hi's
1907 557 2001 652 coh

510 602 792 808 liortantibus
842 735 1055 836 suamquc
1092 729 1274 835 operam
1311 693 1368 791 ad
1403 690 1637 832 negotium
1673 729 1777 794 cum
1811 695 1996 803 Carolo

510 861 694 953 Caesare
738 882 814 985 per
860 839 1019 940 litteras
1063 874 1107 940 et
1149 835 1321 938 nuntios
1366 833 1689 938 conficiendum
1733 836 1996 981 pollicentia·

510 990 626 1112 bus,
651 987 740 1086 hoc
775 981 1096 1088 incunctantius
1132 981 1436 1084 conditionem
1464 980 1768 1127 accipiendam
1795 1023 1887 1086 esse
1914 1007 1991 1094 sta'·

512 1119 626 1248 tuit,
646 1133 770 1272 quod
801 1131 857 1229 ad
890 1167 1054 1231 veteres
1081 1125 1367 1231 contumelias
1390 1123 1624 1226 accedebat
1651 1167 1770 1227 nova
1797 1127 1988 1261 injuria,

512 1277 602 1421 qua
633 1318 678 1378 se
710 1315 749 1374 a·
764 1284 887 1417 R’ege
913 1268 1029 1374 affici
1058 1269 1357 1390 existimabat,
1387 1307 1437 1371 ut
1468 1271 1583 1374 viros
1609 1272 1824 1414 principes
1852 1311 1986 1418 atque

514 1417 785 1564 praefectos,
819 1457 968 1560 pugna
1003 1417 1146 1520 navali
1171 1459 1195 1516 a
1225 1414 1482 1557 Philippino
1513 1452 1662 1557 captos
1692 1418 1749 1518 ad
1773 1458 1817 1518 se
1845 1436 1983 1522 trans

513 1566 735 1684 mitteret,
759 1563 1039 1704 postulante.
1085 1568 1210 1662 Nam
1246 1559 1410 1703 praelio
1447 1597 1575 1702 capta
1609 1556 1666 1661 ab
1702 1559 1782 1684 iis,
1823 1564 1907 1704 qui
1945 1563 1987 1666 i.-

513 1711 634 1851 psius
662 1707 887 1850 stipendiis
924 1743 967 1806 et
1000 1703 1203 1848 auspiciis
1239 1705 1494 1826 militarent,
1521 1707 1644 1816 adse
1670 1706 1724 1806 de
1756 1716 1850 1838 jure
1870 1745 1984 1850 per.-

513 1854 679 1972 tinere,
717 1886 869 1952 contra
906 1890 1020 1992 quae
1057 1849 1252 1950 Andreas
1292 1859 1468 1990 Regem
1504 1849 1728 1970 victoria,
1771 1889 1881 1990 quae
1917 1853 1983 1954 ad

514 1995 808 2098 maximarum
859 2031 1005 2094 rerum
1053 1990 1321 2134 imperiique
1368 1992 1511 2094 ltaliae
1560 2032 1781 2096 summam
1837 1993 1979 2134 pluri·

515 2177 642 2242 mum
665 2131 904 2258 conferret,
928 2172 1190 2238 contentum
1218 2175 1306 2238 esse
1338 2133 1496 2240 debere
1520 2135 1836 2256 contendebat,
1861 2176 1981 2242 eum-

515 2284 620 2384 dem
654 2279 888 2421 praedam,
921 2281 990 2382 vel
1026 2281 1250 2422 captivos,
1279 2318 1392 2421 quos
1427 2280 1519 2422 ipse
1555 2320 1633 2422 per
1664 2321 1765 2382 suos
1789 2275 1979 2422 praefec-

516 2463 611 2548 tos,
650 2425 901 2566 militesque
937 2460 981 2526 et
1026 2425 1220 2528 triremes
1256 2422 1486 2564 cepisset,
1522 2462 1572 2526 ut
1616 2422 1708 2556 sibi·
1737 2427 1976 2546 tradantur,

510 2568 868 2714 postularemus
905 2608 992 2670 esse
1027 2567 1194 2710 Regiae
1228 2563 1517 2691 liberalitatis,
1552 2607 1595 2674 et
1622 2610 1648 2670 a
1672 2567 1836 2704 justitia
1861 2569 1977 2676 rnul-

510 2749 623 2816 tum
659 2709 923 2820 abhorrere.
1373 2735 1375 2742 '

491 2880 516 2976 ‘a‘
606 2862 792 2960 XXVII.
879 2868 931 2960 ln
965 2853 1047 2958 hac
1091 2857 1226 3003 igitur
1265 2857 1565 2964 controversia
1620 2892 1664 2960 et
1714 2855 1979 2962 dissensione

481 3099 486 3109 .
518 3040 612 3103 non
648 2996 734 3102 fuit
770 2996 949 3102 difficile
986 3004 1178 3104 Ascanio
1211 3040 1254 3104 et
1285 3003 1414 3105 Vasti
1443 3001 1722 3124 Marchioni,
1750 3038 1854 3144 post
1881 3000 1981 3104 Phi-

512 3143 673 3248 -liberti
707 3145 1027 3286 legationem,
1071 3145 1262 3248 dubium
1297 3147 1474 3250 ¹Doriae
1518 3184 1568 3250 et
1617 3145 1838 3249 labantem
1878 3146 1983 3248 ani-
2057 3155 2067 3187 ⁸

526 3326 653 3392 mum
701 3286 963 3429 impellere..
1016 3300 1169 3431 Itaque
1216 3288 1285 3391 his
1322 3287 1671 3396 cohortantibus
1735 3292 1790 3392 ad
1839 3287 1975 3392 Phili·

514 3431 633 3552 ¹berti
667 3429 936 3572 legationem
971 3432 1206 3544 liberaliter,
1237 3435 1505 3576 respondit,
1541 3432 1762 3575 simulque
1799 3433 1856 3534 ad
1891 3445 1984 3536 Ca.-

517 3577 669 3687 tolum
705 3572 937 3708 Caesarem
974 3575 1169 3716 legatum
1206 3617 1309 3680 cum
1344 3578 1590 3700 mandatis,
1622 3579 1799 3718 suisque
1829 3613 1874 3702 et
1915 3585 1986 3684 Aa

523 3720 637 3820 canii
671 3758 731 3818 ac.
755 3717 1028 3824 Marchionis
1065 3721 1220 3824 litteris
1255 3724 1303 3825 in
1338 3722 1603 3864 Hispaniam
1638 3721 1822 3834 mittit..
1847 3735 1986 3829 Cato·

522 3861 588 3968 lus
624 3898 773 3962 autem
809 3863 857 3964 in
894 3905 944 3967 ea
979 3904 1126 3965 retum
1161 3865 1398 4007 iniquitate
1429 3867 1737 3970 conditionem
1776 3864 1862 3967 sibi
1892 3905 1987 3970 non

523 4007 838 4148 aspernandam
873 4044 987 4110 ratus
1011 4004 1137 4110 facile
1172 4010 1265 4151 ipse
1301 4049 1483 4153 quoque
1518 4011 1777 4133 adducitur,
1804 4047 1855 4111 ut
1889 4021 1987 4116 Do.-

518 4148 636 4264 tiam
672 4189 776 4252 cum
815 4148 944 4254 classe
991 4153 1041 4254 in
1084 4179 1209 4259 suam
1251 4152 1389 4266 fidem
1429 4155 1787 4299 clientelamque.
1809 4157 1987 4299 aequb

518 4291 648 4394 simis
684 4294 748 4394 illi
783 4294 1113 4398 conditionibus
1148 4296 1380 4442 reciperet.
1400 4393 1415 4412 ,.
1520 4363 1524 4370 -
1743 4407 1747 4414 ,
1802 4408 1806 4414 ,

517 4495 530 4546 z.
603 4445 809 4536 XXVIIL
881 4449 995 4544 Intet
1023 4439 1138 4560 ,haec
1181 4443 1237 4552 ad
1271 4444 1513 4587 Neapolim
1557 4441 1985 4588 frequentantem·

451 4605 454 4610 “
521 4573 733 4718 ,pentibus
754 4582 1034 4684 Caesarianis
1070 4582 1238 4696 laribus
1279 4590 1449 4728 praeliis
1473 4666 1488 4709 ,
1509 4624 1572 4702 ‚ut
1595 4611 1703 4701 toto
1730 4587 1825 4705 ¹‚fere
1858 4589 1986 4696 obsta

403 4831 408 4843 .
529 4718 672 4838 dionis
715 4724 1092 4884 temperentia
1117 4723 1669 4858 ,fortunadinlcabaue
1724 4733 1986 4850 teutsinus

1912 4915 1989 4987 Ul?

464 4951 634 5030 “³‘'AE
