4298 5980
581 436 664 542 184
966 449 1055 532 -DE
1104 445 1305 530 REBUS
1356 439 1574 528 GESTIS
1930 378 1931 382 Ν

532 615 660 716 mum
696 600 904 710 omnium
939 605 995 704 ad
1032 637 1185 732 ornnes
1222 599 1441 700 bellorum
1478 637 1623 700 causas
1648 585 1922 723 tollendas,
1958 639 2010 712 ut
2138 679 2139 714 ,

372 769 385 784 ’
534 767 630 856 Rex
666 763 762 884 jure
808 754 1005 862 cederet,
1054 746 1179 886 quod
1222 753 1289 877 jus
1331 784 1374 843 se
1421 739 1604 842 habere‘
1621 741 1761 843 videti
1803 745 2003 870 volebat,

535 939 634 1000 tum
668 897 718 996 in
753 909 965 1034 Regnum
1002 887 1381 1030 Neapolitanum,
1416 922 1514 986 tum
1551 885 1599 984 in
1636 899 1860 990 Ducatum
1901 903 2002 994 Me-

535 1041 865 1157 diolanensem,
908 1030 1034 1176 quod
1074 1073 1117 1131 se
1165 1030 1280 1132 Galli
1327 1031 1459 1130 armis
1504 1030 1703 1170 persequi
1744 1029 1999 1162 jactabant,
2135 1072 2138 1087 ·

537 1183 709 1325 quoties
745 1179 863 1282 bello
905 1177 1078 1280 Italiam
1120 1169 1407 1274 infestarent.
1459 1175 1672 1293 Deinde,
1716 1210 1766 1273 ut
1811 1216 1997 1300 omnes,

470 1379 472 1384 ·
536 1326 619 1470 qui
652 1325 861 1464 utrinque
897 1321 1018 1425 bellis
1055 1315 1353 1460 superioribus⁴
1386 1316 1504 1457 capti
1539 1311 1739 1435 fuissent,
1766 1315 1998 1423 liberaren-

538 1501 638 1590 tut,
676 1504 718 1568 et
755 1467 1028 1607 quicumque
1059 1466 1205 1602 'partes
1249 1459 1385 1560 secuti
1423 1460 1565 1560 solum
1606 1460 1863 1583 vertissent,
1912 1507 1997 1567 non

538 1617 594 1714 ad
629 1612 796 1722 Patriae
818 1612 1000 1728 modu,
1027 1609 1101 1707 sed
1136 1605 1271 1710 etiam
1303 1601 1363 1704 ad
1400 1644 1506 1746 opes
1542 1638 1585 1702 et
1620 1603 1925 1745 Principatus‚
1965 1609 1996 1710 si

537 1753 697 1898 quihus
733 1754 906 1894 spoliati
943 1786 1108 1871 essent,
1144 1749 1494 1850 restituerentur.
1540 1755 1662 1848 Tum
1707 1760 1839 1869 Rex,
1881 1791 1993 1852 acce-

539 1936 613 2042 pta
648 1897 696 1996 in
740 1896 1073 1994 matrimonium
1114 1902 1347 2010 Leonora,
1391 1890 1541 1991 Caroli
1586 1929 1733 1993 sorore
1769 1927 1875 1992 natu
1914 1933 1994 1993 ma·

538 2051 664 2174 jore,
713 2078 824 2182 quae
866 2032 1006 2135 fuerat
1050 2035 1279 2134 Emanueli
1325 2033 1444 2174 Regi
1489 2033 1781 2176 Portugalliae
1828 2075 1991 2178 nupta,

538 2219 711 2323 partem
748 2185 845 2280 eam
881 2179 1073 2298 Galliac,
1113 2217 1226 2318 qnae
1260 2215 1375 2280 nunc
1412 2179 1666 2322 Burgundia
1700 2177 1887 2297 dicinn,
1920 2191 1995 2279 Ca·

537 2325 637 2427 tolo
672 2325 899 2443 redderet,
936 2361 1030 2424 non
1074 2319 1165 2419 tam
1207 2359 1323 2420 nova
1363 2321 1486 2460 lege,
1530 2359 1665 2460 quam
1707 2319 1996 2442 hereditario,

539 2468 818 2608 antiquoque
853 2476 948 2592 jure
985 2463 1223 2604 repetenti.
1253 2473 1390 2595 Cujus
1417 2465 1589 2601 antiqui
1626 2463 1727 2595 juris
1763 2466 1992 2586 rationem,

541 2650 633 2711 non
669 2610 752 2710 erit
788 2605 893 2705 huic
928 2605 1030 2705 loco
1068 2606 1262 2704 alienum
1298 2607 1446 2744 paucis
1485 2604 1630 2708 verbis
1665 2606 1898 2748 explicare.

610 2759 751 2850 XVII.
825 2749 1008 2849 Carolus
1045 2748 1241 2863 Quintus
1277 2760 1373 2855 Rex
1409 2748 1670 2868 Gallorum,
1707 2751 1786 2891 qui
1819 2753 1997 2851 Prudens

540 2890 628 2994 fuit
663 2892 1029 3034 cognominatus,
1078 2890 1321 3033 Philippo,
1369 2888 1583 2993 fratruum
1627 2927 1732 2993 natu
1778 2892 1996 3013 minimo,

540 3036 815 3176 Burgundiae
848 3035 1147 3177 Principatum
1174 3045 1269 3166 jure
1292 3071 1508 3178 perpetuo
1543 3035 1747 3136 tradidit.
1778 3036 1996 3178 Philippus

542 3179 832 3320 Margaritam
873 3177 1011 3277 filiam
1055 3179 1234 3277 unicam
1280 3178 1500 3278 Ludovici
1544 3178 1766 3279 Flandtiae
1807 3181 1992 3281 Comitis

543 3320 592 3421 in
629 3320 965 3423 matrimonium
1001 3321 1151 3441 duxit,
1188 3362 1241 3420 err
1277 3361 1414 3460 eaque
1451 3327 1676 3457 Joannem
1712 3321 1854 3425 filium
1894 3361 1995 3462 pro·

543 3465 741 3566 creavit.
786 3463 879 3564 Hic
921 3461 1178 3605 Philippum
1229 3466 1432 3606 genuit,
1487 3463 1712 3604 Philippus
1761 3465 1989 3583 carolum,

545 3607 624 3748 qui
645 3611 827 3706 'Pellana
848 3605 1273 3749 cognominabatur.
1307 3607 1520 3726 Carolus,
1549 3609 1659 3706 dum
1687 3617 1899 3742 Lacejum
1926 3649 1997 3748 op·

501 3843 504 3848 Α
544 3751 702 3891 pidum
738 3747 987 3868 obsideret,
1023 3749 1094 3848 cui
1118 3761 1310 3851 Renatus
1335 3747 1647 3892 Lothntingiae
1681 3763 1785 3852 Dux
1821 3752 1996 3894 imperi-¹

546 3890 701 4012 tabat,
743 3889 801 3993 ab
843 3895 1004 3993 eodem
1051 3905 1225 3994 Renato
1283 3893 1446 4034 praelio
1496 3894 1710 3995 lacessitus
1755 3895 1996 4012 occubuit,

547 4073 636 4176 qua
677 4035 906 4138 occasione
940 4041 1048 4138 ¹usus
1090 4036 1341 4137 Ludovicus
1382 4048 1478 4138 Rex
1526 4036 1753 4139 Gallorum
1799 4051 1997 4183 Burgun-

546 4181 644 4280 diae
686 4177 982 4318 Principatum
1019 4217 1097 4320 per
1133 4181 1256 4299 vim,
1291 4215 1336 4279 et
1371 4179 1577 4312 injuriam
1614 4180 1892 4321 occupavit,
1933 4221 2000 4280 er·

547 4323 660 4424 clusa
704 4321 848 4426 Maria
888 4322 1040 4423 Caroli
1084 4322 1198 4443 filia,
1248 4332 1370 4457 cujus
1421 4361 1507 4426 erat
1547 4333 1614 4457 jus
1658 4322 1999 4426 hereditatium.

547 4472 671 4570 Haec
705 4465 1017 4567 Maximiliano
1054 4467 1231 4610 nupsit,
1266 4465 1458 4569 Fedcrici
1492 4468 1611 4570 tertii
1644 4467 1916 4610 Imperatoris
1952 4463 2001 4564 fin

548 4606 646 4727 lio,
682 4605 764 4748 qui
803 4640 844 4709 et
892 4606 982 4748 ipse
1026 4603 1112 4705 fuit
1153 4620 1432 4750 Imperator,
1475 4649 1518 4711 et
1563 4652 1614 4712 ex
1662 4613 1819 4712 cadem
1861 4606 2002 4710 Maria

549 4745 805 4894 Philippum
841 4749 1028 4904 genuit,
1064 4785 1236 4902 partem
1270 4753 1737 4878 carolicastrum
1773 4765 1898 4896 cujus
1933 4793 2007 4898 po-
2043 4743 2079 4794 '⁴

1946 4935 2006 5002 te·
