<?xml version="1.0" encoding="UTF-8"?>
<!DOCTYPE html PUBLIC "-//W3C//DTD XHTML 1.0 Transitional//EN"
    "http://www.w3.org/TR/xhtml1/DTD/xhtml1-transitional.dtd">
<html xmlns="http://www.w3.org/1999/xhtml" xml:lang="en" lang="en">
 <head>
  <title>
</title>
<meta http-equiv="Content-Type" content="text/html;charset=utf-8" />
  <meta name='ocr-system' content='tesseract 3.04.00' />
  <meta name='ocr-capabilities' content='ocr_page ocr_carea ocr_par ocr_line ocrx_word'/>
</head>
<body>
  <div class='ocr_page' id='page_1' title='image "./joannisgenesiis02sepgoog_0487.png"; bbox 0 0 4298 5980; ppageno 0'>
   <div class='ocr_carea' id='block_1_1' title="bbox 306 427 1690 800">
    <p class='ocr_par' dir='ltr' id='par_1_1' title="bbox 306 427 1690 800">
     <span class='ocr_line' id='line_1_1' title="bbox 801 427 1590 516; baseline -0.051 39"><span class='ocrx_word' id='word_1_1' title='bbox 801 466 808 480; x_wconf 81' lang='grc'><strong>“</strong></span> <span class='ocrx_word' id='word_1_2' title='bbox 1519 427 1590 516; x_wconf 81' lang='lat'>.24</span> 
     </span>
     <span class='ocr_line' id='line_1_2' title="bbox 306 435 1690 800; baseline -0.022 -39"><span class='ocrx_word' id='word_1_3' title='bbox 306 607 432 800; x_wconf 84' lang='lat' dir='ltr'>Jo.</span> <span class='ocrx_word' id='word_1_4' title='bbox 482 605 881 740; x_wconf 80' lang='lat' dir='ltr'>ennnsu</span> <span class='ocrx_word' id='word_1_5' title='bbox 939 604 1552 739; x_wconf 79' lang='lat' dir='ltr'>sururvuonn</span> <span class='ocrx_word' id='word_1_6' title='bbox 1592 435 1690 693; x_wconf 70' lang='lat'>³4</span> 
     </span>
    </p>
   </div>
   <div class='ocr_carea' id='block_1_2' title="bbox 297 875 1715 1308">
    <p class='ocr_par' dir='ltr' id='par_1_2' title="bbox 297 875 1715 1308">
     <span class='ocr_line' id='line_1_3' title="bbox 520 875 1360 1062; baseline -0.007 -72"><span class='ocrx_word' id='word_1_7' title='bbox 520 880 643 990; x_wconf 74' lang='lat' dir='ltr'>nu</span> <span class='ocrx_word' id='word_1_8' title='bbox 700 876 981 988; x_wconf 73' lang='lat' dir='ltr'>nanus</span> <span class='ocrx_word' id='word_1_9' title='bbox 1033 875 1360 1062; x_wconf 74' lang='lat' dir='ltr'>onsrrs</span> 
     </span>
     <span class='ocr_line' id='line_1_4' title="bbox 297 1093 1715 1308; baseline -0.005 -23"><span class='ocrx_word' id='word_1_10' title='bbox 297 1115 904 1284; x_wconf 85' lang='lat' dir='ltr'>CAROLI</span> <span class='ocrx_word' id='word_1_11' title='bbox 988 1115 1561 1308; x_wconf 82' lang='lat' dir='ltr'>QUINTI</span> <span class='ocrx_word' id='word_1_12' title='bbox 1712 1093 1715 1100; x_wconf 22' lang='lat'><em>⁶</em></span> 
     </span>
    </p>
   </div>
   <div class='ocr_carea' id='block_1_3' title="bbox 378 1407 1619 1520">
    <p class='ocr_par' dir='ltr' id='par_1_3' title="bbox 378 1407 1619 1520">
     <span class='ocr_line' id='line_1_5' title="bbox 378 1407 1619 1520; baseline -0.002 -1"><span class='ocrx_word' id='word_1_13' title='bbox 378 1433 808 1519; x_wconf 77' lang='lat' dir='ltr'>rurunaronrs</span> <span class='ocrx_word' id='word_1_14' title='bbox 840 1407 1114 1516; x_wconf 73' lang='lat' dir='ltr'>arrecta</span> <span class='ocrx_word' id='word_1_15' title='bbox 1145 1442 1474 1520; x_wconf 71' lang='lat' dir='ltr'>nrsranrau</span> <span class='ocrx_word' id='word_1_16' title='bbox 1617 1447 1619 1454; x_wconf 53' lang='lat'><strong><em>⁴</em></strong></span> 
     </span>
    </p>
   </div>
   <div class='ocr_carea' id='block_1_4' title="bbox 558 1773 1317 1890">
    <p class='ocr_par' dir='ltr' id='par_1_4' title="bbox 558 1713 1317 1890">
     <span class='ocr_line' id='line_1_6' title="bbox 558 1773 1317 1890; baseline 0.011 -8"><span class='ocrx_word' id='word_1_17' title='bbox 558 1777 806 1883; x_wconf 75' lang='lat' dir='ltr'>ursan</span> <span class='ocrx_word' id='word_1_18' title='bbox 881 1773 1317 1890; x_wconf 78' lang='lat' dir='ltr'><strong>OCTAVUS.</strong></span> 
     </span>
    </p>
   </div>
   <div class='ocr_carea' id='block_1_5' title="bbox 189 1974 1711 5028">
    <p class='ocr_par' dir='ltr' id='par_1_5' title="bbox 189 1974 1711 4639">
     <span class='ocr_line' id='line_1_7' title="bbox 229 1974 1661 2191; baseline -0.001 -35"><span class='ocrx_word' id='word_1_19' title='bbox 229 2063 261 2155; x_wconf 86' lang='grc' dir='ltr'>Ι.</span> <span class='ocrx_word' id='word_1_20' title='bbox 297 1974 497 2154; x_wconf 84' lang='lat' dir='ltr'>DUM</span> <span class='ocrx_word' id='word_1_21' title='bbox 544 2044 651 2146; x_wconf 88' lang='lat' dir='ltr'>haec</span> <span class='ocrx_word' id='word_1_22' title='bbox 702 2042 751 2144; x_wconf 90' lang='lat' dir='ltr'>in</span> <span class='ocrx_word' id='word_1_23' title='bbox 796 2041 1013 2188; x_wconf 75' lang='lat' dir='ltr'>Hispania</span> <span class='ocrx_word' id='word_1_24' title='bbox 1055 2046 1287 2188; x_wconf 76' lang='lat' dir='ltr'>Galliaque</span> <span class='ocrx_word' id='word_1_25' title='bbox 1331 2084 1579 2191; x_wconf 86' lang='lat' dir='ltr'>geruntur,</span> <span class='ocrx_word' id='word_1_26' title='bbox 1616 2089 1661 2155; x_wconf 91' lang='lat' dir='ltr'>et</span> 
     </span>
     <span class='ocr_line' id='line_1_8' title="bbox 189 2187 1660 2334; baseline -0.002 -35"><span class='ocrx_word' id='word_1_27' title='bbox 189 2233 337 2299; x_wconf 88' lang='lat' dir='ltr'>novus</span> <span class='ocrx_word' id='word_1_28' title='bbox 384 2188 591 2293; x_wconf 78' lang='lat' dir='ltr'>exercitus</span> <span class='ocrx_word' id='word_1_29' title='bbox 640 2187 852 2290; x_wconf 87' lang='lat' dir='ltr'>Francisci</span> <span class='ocrx_word' id='word_1_30' title='bbox 897 2187 1173 2332; x_wconf 89' lang='lat' dir='ltr'>Henricique</span> <span class='ocrx_word' id='word_1_31' title='bbox 1212 2203 1391 2334; x_wconf 88' lang='lat' dir='ltr'>Regum</span> <span class='ocrx_word' id='word_1_32' title='bbox 1436 2232 1660 2334; x_wconf 87' lang='lat' dir='ltr'>exspecta-</span> 
     </span>
     <span class='ocr_line' id='line_1_9' title="bbox 191 2328 1661 2476; baseline -0.002 -35"><span class='ocrx_word' id='word_1_33' title='bbox 191 2373 302 2447; x_wconf 80' lang='lat' dir='ltr'>tur3</span> <span class='ocrx_word' id='word_1_34' title='bbox 353 2333 514 2437; x_wconf 88' lang='lat' dir='ltr'>Veneti</span> <span class='ocrx_word' id='word_1_35' title='bbox 568 2329 897 2476; x_wconf 85' lang='lat' dir='ltr'>Franciscusque</span> <span class='ocrx_word' id='word_1_36' title='bbox 946 2328 1104 2436; x_wconf 89' lang='lat' dir='ltr'>Sfortia</span> <span class='ocrx_word' id='word_1_37' title='bbox 1159 2335 1298 2475; x_wconf 86' lang='lat' dir='ltr'>copiis</span> <span class='ocrx_word' id='word_1_38' title='bbox 1353 2335 1512 2436; x_wconf 78' lang='lat' dir='ltr'>coactis</span> <span class='ocrx_word' id='word_1_39' title='bbox 1566 2345 1661 2438; x_wconf 72' lang='lat' dir='ltr'>An⁴</span> 
     </span>
     <span class='ocr_line' id='line_1_10' title="bbox 190 2475 1661 2622; baseline -0.001 -39"><span class='ocrx_word' id='word_1_40' title='bbox 190 2482 367 2583; x_wconf 88' lang='lat' dir='ltr'>tonium</span> <span class='ocrx_word' id='word_1_41' title='bbox 402 2480 619 2598; x_wconf 88' lang='lat' dir='ltr'>Leivam,</span> <span class='ocrx_word' id='word_1_42' title='bbox 656 2477 736 2622; x_wconf 88' lang='lat' dir='ltr'>qui</span> <span class='ocrx_word' id='word_1_43' title='bbox 776 2517 880 2582; x_wconf 92' lang='lat' dir='ltr'>cum</span> <span class='ocrx_word' id='word_1_44' title='bbox 923 2478 1140 2620; x_wconf 87' lang='lat' dir='ltr'>praesidio</span> <span class='ocrx_word' id='word_1_45' title='bbox 1187 2475 1497 2583; x_wconf 73' lang='lat' dir='ltr'><strong>Mediolanum</strong></span> <span class='ocrx_word' id='word_1_46' title='bbox 1542 2478 1661 2582; x_wconf 81' lang='lat' dir='ltr'>obti-</span> 
     </span>
     <span class='ocr_line' id='line_1_11' title="bbox 190 2621 1711 2766; baseline -0.001 -40"><span class='ocrx_word' id='word_1_47' title='bbox 190 2624 358 2746; x_wconf 83' lang='lat' dir='ltr'>nebat,</span> <span class='ocrx_word' id='word_1_48' title='bbox 385 2659 642 2766; x_wconf 82' lang='lat' dir='ltr'>oppugnare</span> <span class='ocrx_word' id='word_1_49' title='bbox 670 2623 978 2725; x_wconf 87' lang='lat' dir='ltr'>constituunt.</span> <span class='ocrx_word' id='word_1_50' title='bbox 1005 2621 1247 2744; x_wconf 86' lang='lat' dir='ltr'>Antonius,</span> <span class='ocrx_word' id='word_1_51' title='bbox 1275 2661 1549 2765; x_wconf 87' lang='lat' dir='ltr'>quamquam</span> <span class='ocrx_word' id='word_1_52' title='bbox 1574 2662 1660 2726; x_wconf 83' lang='lat' dir='ltr'>nu·</span> <span class='ocrx_word' id='word_1_53' title='bbox 1709 2705 1711 2712; x_wconf 82' lang='grc'>.</span> 
     </span>
     <span class='ocr_line' id='line_1_12' title="bbox 192 2762 1659 2888; baseline -0.001 -17"><span class='ocrx_word' id='word_1_54' title='bbox 192 2808 322 2871; x_wconf 89' lang='lat' dir='ltr'>mero</span> <span class='ocrx_word' id='word_1_55' title='bbox 356 2769 552 2868; x_wconf 80' lang='lat' dir='ltr'>militum</span> <span class='ocrx_word' id='word_1_56' title='bbox 588 2804 681 2868; x_wconf 90' lang='lat' dir='ltr'>erat</span> <span class='ocrx_word' id='word_1_57' title='bbox 715 2762 931 2888; x_wconf 73' lang='lat' dir='ltr'>inferior,</span> <span class='ocrx_word' id='word_1_58' title='bbox 961 2800 1109 2869; x_wconf 87' lang='lat' dir='ltr'>tamen</span> <span class='ocrx_word' id='word_1_59' title='bbox 1153 2800 1379 2870; x_wconf 85' lang='lat' dir='ltr'>contemta</span> <span class='ocrx_word' id='word_1_60' title='bbox 1423 2765 1659 2869; x_wconf 86' lang='lat' dir='ltr'>collectitia</span> 
     </span>
     <span class='ocr_line' id='line_1_13' title="bbox 192 2908 1659 3055; baseline -0.001 -41"><span class='ocrx_word' id='word_1_61' title='bbox 192 2951 333 3014; x_wconf 89' lang='lat' dir='ltr'>manu</span> <span class='ocrx_word' id='word_1_62' title='bbox 351 2909 643 3014; x_wconf 86' lang='lat' dir='ltr'>-venientibus</span> <span class='ocrx_word' id='word_1_63' title='bbox 686 2911 997 3053; x_wconf 86' lang='lat' dir='ltr'>Melignanum</span> <span class='ocrx_word' id='word_1_64' title='bbox 1040 2951 1193 3055; x_wconf 90' lang='lat' dir='ltr'>usque·</span> <span class='ocrx_word' id='word_1_65' title='bbox 1224 2908 1409 3014; x_wconf 88' lang='lat' dir='ltr'>obviam</span> <span class='ocrx_word' id='word_1_66' title='bbox 1453 2949 1659 3054; x_wconf 86' lang='lat' dir='ltr'>progres-</span> 
     </span>
     <span class='ocr_line' id='line_1_14' title="bbox 191 3054 1659 3198; baseline -0.003 -40"><span class='ocrx_word' id='word_1_67' title='bbox 191 3097 296 3177; x_wconf 90' lang='lat' dir='ltr'>sus,</span> <span class='ocrx_word' id='word_1_68' title='bbox 338 3056 506 3182; x_wconf 87' lang='lat' dir='ltr'>injecto</span> <span class='ocrx_word' id='word_1_69' title='bbox 542 3056 730 3177; x_wconf 88' lang='lat' dir='ltr'>timore,</span> <span class='ocrx_word' id='word_1_70' title='bbox 768 3055 909 3158; x_wconf 89' lang='lat' dir='ltr'>hostes</span> <span class='ocrx_word' id='word_1_71' title='bbox 946 3056 1180 3158; x_wconf 83' lang='lat' dir='ltr'>consistere</span> <span class='ocrx_word' id='word_1_72' title='bbox 1220 3055 1381 3198; x_wconf 85' lang='lat' dir='ltr'>cogit,</span> <span class='ocrx_word' id='word_1_73' title='bbox 1430 3054 1659 3157; x_wconf 86' lang='lat' dir='ltr'>Mediola-</span> 
     </span>
     <span class='ocr_line' id='line_1_15' title="bbox 191 3199 1659 3343; baseline -0.002 -39"><span class='ocrx_word' id='word_1_74' title='bbox 191 3239 396 3343; x_wconf 91' lang='lat' dir='ltr'>numque</span> <span class='ocrx_word' id='word_1_75' title='bbox 431 3202 691 3306; x_wconf 86' lang='lat' dir='ltr'>revertitur.</span> <span class='ocrx_word' id='word_1_76' title='bbox 724 3199 1035 3316; x_wconf 82' lang='lat' dir='ltr'>Premebantur</span> <span class='ocrx_word' id='word_1_77' title='bbox 1070 3202 1119 3304; x_wconf 91' lang='lat' dir='ltr'>id</span> <span class='ocrx_word' id='word_1_78' title='bbox 1155 3237 1350 3343; x_wconf 90' lang='lat' dir='ltr'>tempus,</span> <span class='ocrx_word' id='word_1_79' title='bbox 1376 3231 1427 3300; x_wconf 92' lang='lat' dir='ltr'>ut</span> <span class='ocrx_word' id='word_1_80' title='bbox 1461 3199 1659 3340; x_wconf 56' lang='lat' dir='ltr'>plerum*-</span> 
     </span>
     <span class='ocr_line' id='line_1_16' title="bbox 192 3341 1656 3488; baseline -0.001 -42"><span class='ocrx_word' id='word_1_81' title='bbox 192 3385 324 3488; x_wconf 88' lang='lat' dir='ltr'>que‚</span> <span class='ocrx_word' id='word_1_82' title='bbox 366 3346 614 3448; x_wconf 84' lang='lat' dir='ltr'>Caesariani</span> <span class='ocrx_word' id='word_1_83' title='bbox 652 3345 943 3485; x_wconf 74' lang='lat' dir='ltr'>&#39;pecuniarum</span> <span class='ocrx_word' id='word_1_84' title='bbox 984 3343 1174 3488; x_wconf 87' lang='lat' dir='ltr'>inopia,</span> <span class='ocrx_word' id='word_1_85' title='bbox 1223 3377 1493 3464; x_wconf 77' lang='lat' dir='ltr'>necerat,</span> <span class='ocrx_word' id='word_1_86' title='bbox 1540 3341 1656 3444; x_wconf 89' lang='lat' dir='ltr'>unde</span> 
     </span>
     <span class='ocr_line' id='line_1_17' title="bbox 191 3483 1657 3632; baseline -0.002 -40"><span class='ocrx_word' id='word_1_87' title='bbox 191 3490 436 3592; x_wconf 87' lang='lat' dir='ltr'>Germanis.</span> <span class='ocrx_word' id='word_1_88' title='bbox 458 3483 796 3632; x_wconf 84' lang='lat' dir='ltr'>efflagitantibus</span> <span class='ocrx_word' id='word_1_89' title='bbox 832 3490 1100 3631; x_wconf 84' lang='lat' dir='ltr'>stipendium</span> <span class='ocrx_word' id='word_1_90' title='bbox 1136 3483 1421 3592; x_wconf 85' lang='lat' dir='ltr'>conferretur.</span> <span class='ocrx_word' id='word_1_91' title='bbox 1455 3499 1657 3590; x_wconf 89' lang='lat' dir='ltr'>Genuam</span> 
     </span>
     <span class='ocr_line' id='line_1_18' title="bbox 193 3629 1700 3798; baseline -0.005 -62"><span class='ocrx_word' id='word_1_92' title='bbox 193 3635 365 3798; x_wconf 78' lang='lat' dir='ltr'>igitur,</span> <span class='ocrx_word' id='word_1_93' title='bbox 400 3672 513 3775; x_wconf 89' lang='lat' dir='ltr'>quae</span> <span class='ocrx_word' id='word_1_94' title='bbox 548 3632 595 3734; x_wconf 88' lang='lat' dir='ltr'>in</span> <span class='ocrx_word' id='word_1_95' title='bbox 629 3630 717 3734; x_wconf 85' lang='lat' dir='ltr'>fide</span> <span class='ocrx_word' id='word_1_96' title='bbox 741 3634 890 3735; x_wconf 87' lang='lat' dir='ltr'>Caroli</span> <span class='ocrx_word' id='word_1_97' title='bbox 916 3635 1110 3737; x_wconf 86' lang='lat' dir='ltr'>Caesaris</span> <span class='ocrx_word' id='word_1_98' title='bbox 1146 3671 1266 3756; x_wconf 90' lang='lat' dir='ltr'>erat,</span> <span class='ocrx_word' id='word_1_99' title='bbox 1292 3630 1515 3735; x_wconf 85' lang='lat' dir='ltr'>Antonius</span> <span class='ocrx_word' id='word_1_100' title='bbox 1551 3629 1656 3730; x_wconf 85' lang='lat' dir='ltr'>mit·</span> <span class='ocrx_word' id='word_1_101' title='bbox 1698 3713 1700 3716; x_wconf 92' lang='lat'>.</span> 
     </span>
     <span class='ocr_line' id='line_1_19' title="bbox 193 3767 1655 3921; baseline -0.004 -43"><span class='ocrx_word' id='word_1_102' title='bbox 193 3813 287 3895; x_wconf 87' lang='lat' dir='ltr'>trt,</span> <span class='ocrx_word' id='word_1_103' title='bbox 329 3778 453 3919; x_wconf 88' lang='lat' dir='ltr'>siqua</span> <span class='ocrx_word' id='word_1_104' title='bbox 499 3777 611 3916; x_wconf 86' lang='lat' dir='ltr'>ratio</span> <span class='ocrx_word' id='word_1_105' title='bbox 659 3776 763 3880; x_wconf 88' lang='lat' dir='ltr'>initi</span> <span class='ocrx_word' id='word_1_106' title='bbox 811 3814 958 3921; x_wconf 89' lang='lat' dir='ltr'>posset</span> <span class='ocrx_word' id='word_1_107' title='bbox 1008 3767 1242 3921; x_wconf 85' lang='lat' dir='ltr'>pecuniam</span> <span class='ocrx_word' id='word_1_108' title='bbox 1295 3775 1542 3918; x_wconf 82' lang='lat' dir='ltr'>exigendi,</span> <span class='ocrx_word' id='word_1_109' title='bbox 1584 3769 1655 3873; x_wconf 87' lang='lat' dir='ltr'>vel</span> 
     </span>
     <span class='ocr_line' id='line_1_20' title="bbox 192 3915 1654 4066; baseline -0.003 -44"><span class='ocrx_word' id='word_1_110' title='bbox 192 3921 454 4043; x_wconf 83' lang='lat' dir='ltr'>mutuandi,</span> <span class='ocrx_word' id='word_1_111' title='bbox 474 3963 612 4064; x_wconf 89' lang='lat' dir='ltr'>eaque</span> <span class='ocrx_word' id='word_1_112' title='bbox 636 3960 711 4066; x_wconf 89' lang='lat' dir='ltr'>spe</span> <span class='ocrx_word' id='word_1_113' title='bbox 737 3934 977 4026; x_wconf 88' lang='lat' dir='ltr'>Germanos</span> <span class='ocrx_word' id='word_1_114' title='bbox 1001 3923 1281 4064; x_wconf 82' lang='lat' dir='ltr'>aliquamdiu.</span> <span class='ocrx_word' id='word_1_115' title='bbox 1290 3916 1510 4019; x_wconf 91' lang='lat' dir='ltr'>continuit</span> <span class='ocrx_word' id='word_1_116' title='bbox 1531 3954 1543 4025; x_wconf 83' lang='lat'>3</span> <span class='ocrx_word' id='word_1_117' title='bbox 1579 3915 1654 4018; x_wconf 88' lang='lat' dir='ltr'>sed</span> 
     </span>
     <span class='ocr_line' id='line_1_21' title="bbox 193 4058 1654 4206; baseline -0.003 -42"><span class='ocrx_word' id='word_1_118' title='bbox 193 4064 366 4205; x_wconf 89' lang='lat' dir='ltr'>elapso,</span> <span class='ocrx_word' id='word_1_119' title='bbox 403 4067 482 4206; x_wconf 92' lang='lat' dir='ltr'>qui</span> <span class='ocrx_word' id='word_1_120' title='bbox 518 4067 656 4167; x_wconf 89' lang='lat' dir='ltr'>dictus</span> <span class='ocrx_word' id='word_1_121' title='bbox 691 4063 853 4189; x_wconf 87' lang='lat' dir='ltr'>fuerat,</span> <span class='ocrx_word' id='word_1_122' title='bbox 890 4069 960 4168; x_wconf 88' lang='lat' dir='ltr'>die</span> <span class='ocrx_word' id='word_1_123' title='bbox 973 4143 988 4186; x_wconf 95' lang='lat'>,</span> <span class='ocrx_word' id='word_1_124' title='bbox 1026 4067 1215 4166; x_wconf 92' lang='lat' dir='ltr'>necdum</span> <span class='ocrx_word' id='word_1_125' title='bbox 1249 4099 1422 4162; x_wconf 84' lang='lat' dir='ltr'>reverso</span> <span class='ocrx_word' id='word_1_126' title='bbox 1459 4058 1654 4179; x_wconf 90' lang='lat' dir='ltr'>nuntio,</span> 
     </span>
     <span class='ocr_line' id='line_1_22' title="bbox 197 4204 1654 4348; baseline -0.003 -40"><span class='ocrx_word' id='word_1_127' title='bbox 197 4207 440 4327; x_wconf 88' lang='lat' dir='ltr'>Germani,</span> <span class='ocrx_word' id='word_1_128' title='bbox 473 4204 587 4308; x_wconf 82' lang='lat' dir='ltr'>facta</span> <span class='ocrx_word' id='word_1_129' title='bbox 620 4213 881 4330; x_wconf 90' lang='lat' dir='ltr'>secessione,</span> <span class='ocrx_word' id='word_1_130' title='bbox 901 4209 1174 4310; x_wconf 86' lang='lat' dir='ltr'>tumultuari</span> <span class='ocrx_word' id='word_1_131' title='bbox 1210 4241 1488 4348; x_wconf 80' lang='lat' dir='ltr'>coepentnt,</span> <span class='ocrx_word' id='word_1_132' title='bbox 1530 4240 1654 4305; x_wconf 88' lang='lat' dir='ltr'>tanto</span> 
     </span>
     <span class='ocr_line' id='line_1_23' title="bbox 196 4347 1655 4502; baseline -0.002 -50"><span class='ocrx_word' id='word_1_133' title='bbox 196 4347 346 4452; x_wconf 79' lang='lat' dir='ltr'>furore</span> <span class='ocrx_word' id='word_1_134' title='bbox 393 4387 451 4502; x_wconf 30' lang='lat' dir='ltr'>ut·</span> <span class='ocrx_word' id='word_1_135' title='bbox 492 4353 681 4452; x_wconf 92' lang='lat' dir='ltr'>domum</span> <span class='ocrx_word' id='word_1_136' title='bbox 742 4393 833 4494; x_wconf 90' lang='lat' dir='ltr'>qua</span> <span class='ocrx_word' id='word_1_137' title='bbox 892 4351 1189 4456; x_wconf 85' lang='lat' dir='ltr'>diversabatur</span> <span class='ocrx_word' id='word_1_138' title='bbox 1252 4349 1474 4452; x_wconf 82' lang='lat' dir='ltr'>Antonius</span> <span class='ocrx_word' id='word_1_139' title='bbox 1545 4347 1655 4451; x_wconf 73' lang='lat' dir='ltr'>diri-</span> 
     </span>
     <span class='ocr_line' id='line_1_24' title="bbox 198 4529 1611 4639; baseline -0.008 -42"><span class='ocrx_word' id='word_1_140' title='bbox 198 4529 381 4639; x_wconf 88' lang='lat' dir='ltr'>perent.</span> <span class='ocrx_word' id='word_1_141' title='bbox 1609 4583 1611 4586; x_wconf 82' lang='grc'><strong>,</strong></span> 
     </span>
    </p>

    <p class='ocr_par' dir='ltr' id='par_1_6' title="bbox 193 4635 1663 5028">
     <span class='ocr_line' id='line_1_25' title="bbox 193 4635 1659 4783; baseline -0.005 -41"><span class='ocrx_word' id='word_1_142' title='bbox 193 4683 199 4694; x_wconf 87' lang='grc'><em>·</em></span> <span class='ocrx_word' id='word_1_143' title='bbox 258 4653 307 4742; x_wconf 89' lang='lat'>11.</span> <span class='ocrx_word' id='word_1_144' title='bbox 364 4643 560 4782; x_wconf 88' lang='lat' dir='ltr'>Jamque</span> <span class='ocrx_word' id='word_1_145' title='bbox 595 4640 759 4746; x_wconf 88' lang='lat' dir='ltr'>Veneti</span> <span class='ocrx_word' id='word_1_146' title='bbox 793 4635 1092 4782; x_wconf 85' lang='lat' dir='ltr'>Sfortianique</span> <span class='ocrx_word' id='word_1_147' title='bbox 1127 4637 1265 4783; x_wconf 85' lang='lat' dir='ltr'>copiis</span> <span class='ocrx_word' id='word_1_148' title='bbox 1300 4637 1436 4742; x_wconf 88' lang='lat' dir='ltr'>auctis</span> <span class='ocrx_word' id='word_1_149' title='bbox 1472 4641 1529 4740; x_wconf 87' lang='lat' dir='ltr'>ad</span> <span class='ocrx_word' id='word_1_150' title='bbox 1564 4639 1659 4737; x_wconf 87' lang='lat' dir='ltr'>Me·</span> 
     </span>
     <span class='ocr_line' id='line_1_26' title="bbox 201 4781 1663 4920; baseline -0.003 -38"><span class='ocrx_word' id='word_1_151' title='bbox 201 4781 432 4920; x_wconf 82' lang='lat' dir='ltr'>lignanum</span> <span class='ocrx_word' id='word_1_152' title='bbox 481 4785 810 4904; x_wconf 78' lang='lat' dir='ltr'>consederant,</span> <span class='ocrx_word' id='word_1_153' title='bbox 870 4823 911 4886; x_wconf 90' lang='lat' dir='ltr'>et</span> <span class='ocrx_word' id='word_1_154' title='bbox 963 4789 1157 4920; x_wconf 86' lang='lat' dir='ltr'>Joannes</span> <span class='ocrx_word' id='word_1_155' title='bbox 1214 4781 1409 4918; x_wconf 88' lang='lat' dir='ltr'>Jacobus</span> <span class='ocrx_word' id='word_1_156' title='bbox 1460 4782 1663 4887; x_wconf 72' lang='lat' dir='ltr'>Medices&#39;</span> 
     </span>
     <span class='ocr_line' id='line_1_27' title="bbox 1141 4923 1662 5028; baseline 0 0"><span class='ocrx_word' id='word_1_157' title='bbox 1141 4923 1268 5028; x_wconf 80' lang='lat' dir='ltr'>Hh2</span> <span class='ocrx_word' id='word_1_158' title='bbox 1558 4963 1662 5028; x_wconf 89' lang='lat' dir='ltr'>cum</span> 
     </span>
    </p>
   </div>
   <div class='ocr_carea' id='block_1_6' title="bbox 0 0 2165 5972">
    <p class='ocr_par' dir='ltr' id='par_1_7' title="bbox 0 0 2165 5972">
     <span class='ocr_line' id='line_1_28' title="bbox 0 0 2165 5972; baseline 0 0"><span class='ocrx_word' id='word_1_159' title='bbox 0 0 2165 5972; x_wconf 95' lang='lat' dir='ltr'> </span> 
     </span>
    </p>
   </div>
  </div>
 </body>
</html>
