4298 5980
557 471 809 558 ennom
851 469 904 554 v.
945 473 1060 555 trs.
1093 475 1201 556 vn.
1483 479 1571 575 229

141 687 204 752 tes
241 639 380 747 iidem
417 677 469 738 ex
506 634 715 778 proximo
768 633 967 739 conclavi
1010 675 1037 735 a
1092 633 1345 740 custodibus
1388 639 1616 744 Germanis

145 797 299 894 averso
338 779 602 927 perforant,
642 817 688 883 et
723 775 852 881 rebus
889 776 1098 881 omnibus
1139 783 1194 884 ad
1234 778 1389 926 lugam
1431 825 1617 930 compa-

144 938 245 1038 ratis
295 931 410 1032 circa
453 927 646 1031 mediam
688 959 904 1046 noctem,
947 921 1203 1028 custodibus
1249 929 1414 1030 eisdem
1460 971 1617 1036 somno

143 1114 190 1182 et
224 1115 384 1197 mem,
424 1076 551 1216 quod
586 1071 670 1214 ipsi
706 1070 825 1213 large
859 1067 965 1172 cibo
1006 1071 1141 1172 etiam
1183 1073 1354 1213 repleris
1430 1073 1617 1178 raebue-

142 1257 278 1341 rant,
367 1219 505 1320 avaris
543 1253 589 1318 et
624 1211 736 1316 nibil
773 1213 1096 1335 sentientibus,
1139 1253 1276 1320 manu
1317 1259 1343 1318 a
1385 1114 1629 1321 limliari:

143 1363 227 1468 bus
273 1259 491 1464 sublevati
539 1397 615 1501 per
659 1353 860 1464 foramen
905 1359 1216 1501 egrediuntur,
1253 1395 1297 1462 et
1332 1401 1408 1503 per
1443 1364 1619 1466 concla-

141 1510 249 1632 via,
300 1541 342 1607 et
383 1500 620 1623 cubicula,
666 1536 826 1602 cuncta
867 1499 1057 1604 tenebris
1104 1505 1450 1628 obtinentibus,
1490 1549 1620 1651 supra

142 1651 303 1755 hortos
354 1647 502 1750 educti
564 1683 643 1787 per
678 1681 842 1787 aptatas
879 1685 932 1745 ex
974 1641 1159 1748 funibus
1202 1651 1333 1750 scalas
1372 1651 1421 1751 in
1464 1649 1618 1754 hortos

145 1797 450 1901 descendunts
482 1790 642 1892 deinde
679 1789 869 1890 domum
904 1790 1166 1932 contiguam
1202 1795 1447 1936 transgressi
1487 1794 1620 1899 vesti-

146 1937 230 2040 bus
267 1937 447 2038 mutatis
485 1975 508 2032 e
544 1933 701 2071 uisque
735 1931 978 2032 conscensis
1014 1933 1062 2031 in
1105 1970 1273 2072 partem
1315 1937 1435 2038 muri
1481 1978 1508 2038 a
1555 1935 1620 2040 fa·-

147 2080 397 2186 miliaribus
436 1975 700 2217 perloratam
735 2068 957 2193 feruntur,
987 2073 1221 2176 consilium
1257 2081 1491 2208 adjuvante
1524 2075 1620 2185 for·

148 2263 286 2328 tuna.
326 2219 505 2324 Accidit
551 2216 671 2318 enim
718 2252 1082 2358 peropportune,
1126 2254 1177 2317 ut
1222 2260 1272 2319 ea
1314 2255 1475 2341 nocte,
1512 2262 1623 2363 quae

150 2365 239 2470 fuit
278 2365 417 2506 pridie
454 2361 749 2462 Kalendamm
791 2355 1082 2479 Decembris,
1125 2360 1323 2461 tenebras
1366 2401 1409 2462 er
1451 2364 1622 2470 viarum

151 2509 442 2612 solitudinem
480 2503 761 2606 continuatus
806 2499 951 2602 imber
993 2537 1207 2644 augeret.
1258 2506 1471 2607 Postridie
1518 2547 1623 2612 cum
1720 2537 1723 2544 “

154 2656 212 2756 de
251 2650 460 2753 obsidum
496 2643 607 2790 fuga
643 2646 835 2752 Alarcon
871 2683 1057 2787 propere
1093 2647 1403 2789 cognovisset,
1440 2651 1623 2772 veritus,

152 2838 210 2899 ne
249 2797 314 2898 ira
352 2791 507 2935 perciti
543 2789 757 2892 Germani
791 2789 841 2889 in
876 2789 1069 2930 aliquam
1106 2790 1313 2924 injuriam
1347 2791 1625 2932 impelleren-

155 2977 264 3060 tur,
308 2940 535 3078 Hispanos
582 2930 704 3067 jubet
725 2943 729 2950 ’
747 2932 794 3032 in
834 2932 968 3032 armis
1009 2971 1097 3031 esse
1139 2969 1211 3052 et,
1257 2934 1366 3076 quid
1412 2937 1625 3039 Germani

155 3083 427 3199 moliantur,
456 3077 714 3182 observare.
746 3076 955 3178 Germani
990 3074 1243 3217 insequente
1278 3078 1381 3197 die,
1417 3078 1482 3180 ira
1510 3114 1554 3179 et
1581 3121 1626 3181 o·

152 3228 237 3330 dio
280 3226 331 3326 in
374 3225 469 3325 dies
510 3215 877 3364 augescentibus,
919 3219 966 3321 in
1001 3257 1210 3362 campum
1244 3221 1393 3324 Florae
1427 3223 1624 3365 superio-

151 3410 259 3475 rum
296 3369 467 3469 dierum
503 3363 817 3466 consuetudine
842 3364 898 3464 de
924 3360 1152 3465 obsidibus
1188 3367 1489 3467 constituendi
1523 3407 1625 3509 gra-

154 3517 223 3618 tia
261 3544 589 3614 convenerunt.
631 3520 840 3610 Ceterum
876 3504 1104 3610 obsidibus
1146 3510 1334 3650 produci
1374 3511 1526 3645 jussis,
1570 3513 1624 3610 si·

155 3656 258 3764 mul
293 3698 346 3756 ac
382 3656 438 3756 de
473 3652 669 3796 ipsorum
710 3645 819 3790 fuga
860 3689 1140 3792 cognovere,
1182 3655 1270 3758 sine
1311 3654 1503 3758 tumultu
1543 3691 1623 3754 nec

157 3839 377 3942 magnam
435 3795 791 3940 indignationem
849 3788 1135 3938 praeferentes
1196 3833 1362 3938 praeter
1418 3793 1622 3898 omniurn

156 3943 425 4085 opinionem
461 3942 776 4044 discesserunt.

255 4095 362 4190 XX.
456 4095 561 4187 Post
596 4085 708 4187 hanc
743 4080 951 4186 obsidum
985 4079 1139 4225 lugam
1174 4078 1423 4184 Caesariani
1456 4083 1625 4207 duces,

159 4228 249 4372 qui
301 4229 451 4331 multis
509 4229 674 4329 nuntiis
729 4227 969 4367 litterisque
1021 4227 1174 4329 Caroli
1220 4229 1413 4329 Caesaris
1460 4223 1624 4330 moniti

163 4373 386 4514 jussique,
414 4406 465 4473 ut
494 4367 757 4472 Pontificem
781 4404 825 4468 et
851 4366 1130 4490 Cardinales,
1150 4409 1431 4514 quacumque
1455 4370 1624 4474 ratione

164 4519 374 4635 daretur,
400 4516 548 4657 primo
587 4550 769 4653 quoque
803 4544 1003 4656 tempore
1038 4512 1370 4636 liberarent,in
1405 4554 1503 4615 eam
1538 4556 1627 4622 mar.

165 4663 290 4764 xime
341 4698 491 4762 curam
539 4655 830 4766 insistebantt
877 4657 952 4759 sed
1000 4696 1151 4762 eorum
1199 4659 1343 4762 studio
1396 4659 1626 4781 militum,

166 4803 425 4945 praesertim
459 4817 816 4921 Germanorum,
857 4800 1058 4943 pertinax
1099 4799 1312 4942 cupiditas
1354 4797 1627 4922 obsistebat,
1746 4849 1749 4855 ·

1550 4945 1632 5088 qui
