<?xml version="1.0" encoding="UTF-8"?>
<!DOCTYPE html PUBLIC "-//W3C//DTD XHTML 1.0 Transitional//EN"
    "http://www.w3.org/TR/xhtml1/DTD/xhtml1-transitional.dtd">
<html xmlns="http://www.w3.org/1999/xhtml" xml:lang="en" lang="en">
 <head>
  <title>
</title>
<meta http-equiv="Content-Type" content="text/html;charset=utf-8" />
  <meta name='ocr-system' content='tesseract 3.04.00' />
  <meta name='ocr-capabilities' content='ocr_page ocr_carea ocr_par ocr_line ocrx_word'/>
</head>
<body>
  <div class='ocr_page' id='page_1' title='image "./joannisgenesiis02sepgoog_0059.png"; bbox 0 0 4368 5984; ppageno 0'>
   <div class='ocr_carea' id='block_1_1' title="bbox 650 421 1624 500">
    <p class='ocr_par' dir='ltr' id='par_1_1' title="bbox 650 421 1624 500">
     <span class='ocr_line' id='line_1_1' title="bbox 650 421 1624 500; baseline 0.009 -9"><span class='ocrx_word' id='word_1_1' title='bbox 650 435 654 442; x_wconf 86' lang='lat'>&#39;</span> <span class='ocrx_word' id='word_1_2' title='bbox 713 421 832 493; x_wconf 84' lang='lat' dir='ltr'>VITA</span> <span class='ocrx_word' id='word_1_3' title='bbox 857 425 921 494; x_wconf 90' lang='lat' dir='ltr'>ET</span> <span class='ocrx_word' id='word_1_4' title='bbox 946 427 1161 500; x_wconf 86' lang='lat' dir='ltr'>SCRIPTA.</span> <span class='ocrx_word' id='word_1_5' title='bbox 1534 433 1624 500; x_wconf 83' lang='lat' dir='ltr'>XLI.</span> 
     </span>
    </p>
   </div>
   <div class='ocr_carea' id='block_1_2' title="bbox 163 545 1644 3696">
    <p class='ocr_par' dir='ltr' id='par_1_2' title="bbox 193 545 1644 868">
     <span class='ocr_line' id='line_1_2' title="bbox 202 545 1643 669; baseline 0.006 -35"><span class='ocrx_word' id='word_1_6' title='bbox 202 545 395 635; x_wconf 81' lang='lat' dir='ltr'>dumtaxat</span> <span class='ocrx_word' id='word_1_7' title='bbox 410 548 523 636; x_wconf 92' lang='lat' dir='ltr'>trium</span> <span class='ocrx_word' id='word_1_8' title='bbox 538 547 741 635; x_wconf 87' lang='lat' dir='ltr'>verborum</span> <span class='ocrx_word' id='word_1_9' title='bbox 759 551 993 659; x_wconf 82' lang='lat' dir='ltr'>scribebant,</span> <span class='ocrx_word' id='word_1_10' title='bbox 1024 555 1088 640; x_wconf 89' lang='lat' dir='ltr'>sed</span> <span class='ocrx_word' id='word_1_11' title='bbox 1107 553 1252 669; x_wconf 88' lang='lat' dir='ltr'>punctis</span> <span class='ocrx_word' id='word_1_12' title='bbox 1267 555 1459 668; x_wconf 87' lang='lat' dir='ltr'>sejuncta,</span> <span class='ocrx_word' id='word_1_13' title='bbox 1485 554 1524 640; x_wconf 92' lang='lat' dir='ltr'>in</span> <span class='ocrx_word' id='word_1_14' title='bbox 1540 555 1643 642; x_wconf 80' lang='lat' dir='ltr'>huna</span> 
     </span>
     <span class='ocr_line' id='line_1_3' title="bbox 193 665 1644 760; baseline 0.007 -12"><span class='ocrx_word' id='word_1_15' title='bbox 193 665 381 752; x_wconf 90' lang='lat' dir='ltr'>modum:</span> <span class='ocrx_word' id='word_1_16' title='bbox 408 685 421 724; x_wconf 90' lang='lat'>¹</span> <span class='ocrx_word' id='word_1_17' title='bbox 441 669 495 750; x_wconf 90' lang='lat' dir='ltr'>A.</span> <span class='ocrx_word' id='word_1_18' title='bbox 511 667 599 752; x_wconf 85' lang='lat' dir='ltr'>ER.</span> <span class='ocrx_word' id='word_1_19' title='bbox 618 671 674 750; x_wconf 84' lang='lat' dir='ltr'>A.</span> <span class='ocrx_word' id='word_1_20' title='bbox 693 669 819 753; x_wconf 87' lang='lat' dir='ltr'>LXX.</span> <span class='ocrx_word' id='word_1_21' title='bbox 857 674 971 760; x_wconf 88' lang='lat' dir='ltr'>Unde</span> <span class='ocrx_word' id='word_1_22' title='bbox 988 702 1129 759; x_wconf 91' lang='lat' dir='ltr'>nomen</span> <span class='ocrx_word' id='word_1_23' title='bbox 1147 677 1255 760; x_wconf 85' lang='lat' dir='ltr'>Aera</span> <span class='ocrx_word' id='word_1_24' title='bbox 1280 701 1408 760; x_wconf 88' lang='lat' dir='ltr'>ortum</span> <span class='ocrx_word' id='word_1_25' title='bbox 1436 701 1514 759; x_wconf 89' lang='lat' dir='ltr'>esse</span> <span class='ocrx_word' id='word_1_26' title='bbox 1539 676 1644 759; x_wconf 85' lang='lat' dir='ltr'>arbi-&#39;</span> 
     </span>
     <span class='ocr_line' id='line_1_4' title="bbox 193 805 327 868; baseline 0.015 -2"><span class='ocrx_word' id='word_1_27' title='bbox 193 805 327 868; x_wconf 80' lang='lat' dir='ltr'><strong>tratur.</strong></span> 
     </span>
    </p>

    <p class='ocr_par' dir='ltr' id='par_1_3' title="bbox 167 903 1629 2652">
     <span class='ocr_line' id='line_1_5' title="bbox 273 903 1629 1025; baseline 0.009 -39"><span class='ocrx_word' id='word_1_28' title='bbox 273 903 513 988; x_wconf 73' lang='lat' dir='ltr'>(lontarenus</span> <span class='ocrx_word' id='word_1_29' title='bbox 534 930 690 1018; x_wconf 84' lang='lat' dir='ltr'>accepto</span> <span class='ocrx_word' id='word_1_30' title='bbox 704 905 936 1018; x_wconf 84' lang='lat' dir='ltr'>Sepulvedae</span> <span class='ocrx_word' id='word_1_31' title='bbox 951 908 1163 1022; x_wconf 83' lang='lat' dir='ltr'>opuscula,</span> <span class='ocrx_word' id='word_1_32' title='bbox 1191 907 1284 1025; x_wconf 90' lang='lat' dir='ltr'>quid</span> <span class='ocrx_word' id='word_1_33' title='bbox 1301 908 1350 994; x_wconf 92' lang='lat' dir='ltr'>de</span> <span class='ocrx_word' id='word_1_34' title='bbox 1367 936 1417 993; x_wconf 88' lang='lat' dir='ltr'>eo</span> <span class='ocrx_word' id='word_1_35' title='bbox 1448 909 1629 1016; x_wconf 81' lang='lat' dir='ltr'>sentiret,</span> 
     </span>
     <span class='ocr_line' id='line_1_6' title="bbox 181 1014 1629 1144; baseline 0.01 -44"><span class='ocrx_word' id='word_1_36' title='bbox 181 1014 345 1104; x_wconf 57' lang='grc' dir='ltr'>Ιῐῐῑεῐῐίεα</span> <span class='ocrx_word' id='word_1_37' title='bbox 367 1022 418 1106; x_wconf 86' lang='lat' dir='ltr'>ad</span> <span class='ocrx_word' id='word_1_38' title='bbox 446 1043 619 1105; x_wconf 91' lang='lat' dir='ltr'>nostrum</span> <span class='ocrx_word' id='word_1_39' title='bbox 635 1021 730 1107; x_wconf 87' lang='lat' dir='ltr'>datis</span> <span class='ocrx_word' id='word_1_40' title='bbox 746 1027 872 1109; x_wconf 86' lang='lat' dir='ltr'>Roma</span> <span class='ocrx_word' id='word_1_41' title='bbox 886 1057 944 1112; x_wconf 91' lang='lat' dir='ltr'>vu.</span> <span class='ocrx_word' id='word_1_42' title='bbox 974 1024 1060 1112; x_wconf 84' lang='lat' dir='ltr'>Kal.</span> <span class='ocrx_word' id='word_1_43' title='bbox 1079 1027 1174 1136; x_wconf 81' lang='lat' dir='ltr'>Maji</span> <span class='ocrx_word' id='word_1_44' title='bbox 1201 1056 1292 1112; x_wconf 90' lang='lat' dir='ltr'>ann.</span> <span class='ocrx_word' id='word_1_45' title='bbox 1326 1055 1372 1135; x_wconf 86' lang='lat'>15</span> <span class='ocrx_word' id='word_1_46' title='bbox 1384 1057 1451 1136; x_wconf 85' lang='lat'>39.</span> <span class='ocrx_word' id='word_1_47' title='bbox 1481 1031 1629 1144; x_wconf 84' lang='lat' dir='ltr'>egregie</span> 
     </span>
     <span class='ocr_line' id='line_1_7' title="bbox 181 1133 1628 1254; baseline 0.006 -32"><span class='ocrx_word' id='word_1_48' title='bbox 181 1133 431 1248; x_wconf 85' lang='lat' dir='ltr'>significavit:</span> <span class='ocrx_word' id='word_1_49' title='bbox 458 1135 566 1223; x_wconf 81' lang='lat' dir='ltr'>Mihi</span> <span class='ocrx_word' id='word_1_50' title='bbox 576 1197 589 1240; x_wconf 91' lang='lat'>‚</span> <span class='ocrx_word' id='word_1_51' title='bbox 623 1139 767 1254; x_wconf 91' lang='lat' dir='ltr'>inquit,</span> <span class='ocrx_word' id='word_1_52' title='bbox 783 1148 911 1224; x_wconf 82' lang='lat' dir='ltr'>visam</span> <span class='ocrx_word' id='word_1_53' title='bbox 926 1158 986 1226; x_wconf 83' lang='lat' dir='ltr'>est</span> <span class='ocrx_word' id='word_1_54' title='bbox 1005 1151 1217 1253; x_wconf 86' lang='lat' dir='ltr'>opusculum</span> <span class='ocrx_word' id='word_1_55' title='bbox 1233 1161 1335 1227; x_wconf 88' lang='lat' dir='ltr'>tuam</span> <span class='ocrx_word' id='word_1_56' title='bbox 1351 1146 1418 1228; x_wconf 84' lang='lat' dir='ltr'>boc</span> <span class='ocrx_word' id='word_1_57' title='bbox 1445 1154 1572 1230; x_wconf 86' lang='lat' dir='ltr'>maltis</span> <span class='ocrx_word' id='word_1_58' title='bbox 1587 1156 1628 1230; x_wconf 89' lang='lat' dir='ltr'>in</span> 
     </span>
     <span class='ocr_line' id='line_1_8' title="bbox 173 1257 1624 1367; baseline 0.008 -31"><span class='ocrx_word' id='word_1_59' title='bbox 173 1257 359 1359; x_wconf 81' lang='lat' dir='ltr'>partibus</span> <span class='ocrx_word' id='word_1_60' title='bbox 374 1263 535 1338; x_wconf 83' lang='lat' dir='ltr'><em>illustre.</em></span> <span class='ocrx_word' id='word_1_61' title='bbox 573 1257 640 1338; x_wconf 88' lang='lat' dir='ltr'>Ea</span> <span class='ocrx_word' id='word_1_62' title='bbox 665 1283 831 1364; x_wconf 85' lang='lat' dir='ltr'>quoqne,</span> <span class='ocrx_word' id='word_1_63' title='bbox 855 1285 948 1365; x_wconf 87' lang='lat' dir='ltr'>qaae</span> <span class='ocrx_word' id='word_1_64' title='bbox 978 1269 1018 1344; x_wconf 90' lang='lat' dir='ltr'>in</span> <span class='ocrx_word' id='word_1_65' title='bbox 1039 1268 1142 1345; x_wconf 87' lang='lat' dir='ltr'>calce</span> <span class='ocrx_word' id='word_1_66' title='bbox 1173 1269 1271 1347; x_wconf 88' lang='lat' dir='ltr'>dicis</span> <span class='ocrx_word' id='word_1_67' title='bbox 1293 1266 1338 1342; x_wconf 88' lang='lat' dir='ltr'>de</span> <span class='ocrx_word' id='word_1_68' title='bbox 1365 1261 1499 1367; x_wconf 87' lang='lat' dir='ltr'>Aera,</span> <span class='ocrx_word' id='word_1_69' title='bbox 1532 1267 1624 1348; x_wconf 82' lang='lat' dir='ltr'>mibi</span> 
     </span>
     <span class='ocr_line' id='line_1_9' title="bbox 177 1377 1623 1487; baseline 0.013 -36"><span class='ocrx_word' id='word_1_70' title='bbox 177 1377 293 1454; x_wconf 87' lang='lat' dir='ltr'>valde</span> <span class='ocrx_word' id='word_1_71' title='bbox 308 1379 539 1458; x_wconf 79' lang='lat' dir='ltr'><em>verisimilia</em></span> <span class='ocrx_word' id='word_1_72' title='bbox 559 1381 652 1456; x_wconf 83' lang='lat' dir='ltr'>uisa</span> <span class='ocrx_word' id='word_1_73' title='bbox 665 1395 777 1480; x_wconf 85' lang='lat' dir='ltr'>sant,</span> <span class='ocrx_word' id='word_1_74' title='bbox 799 1403 846 1459; x_wconf 91' lang='lat' dir='ltr'>ac</span> <span class='ocrx_word' id='word_1_75' title='bbox 861 1383 1061 1487; x_wconf 80' lang='lat' dir='ltr'>diligenter</span> <span class='ocrx_word' id='word_1_76' title='bbox 1078 1395 1217 1464; x_wconf 87' lang='lat' dir='ltr'>notata.</span> <span class='ocrx_word' id='word_1_77' title='bbox 1251 1379 1398 1464; x_wconf 85' lang='lat' dir='ltr'>Deinde</span> <span class='ocrx_word' id='word_1_78' title='bbox 1418 1380 1498 1464; x_wconf 93' lang='lat' dir='ltr'>duo</span> <span class='ocrx_word' id='word_1_79' title='bbox 1514 1377 1623 1470; x_wconf 85' lang='lat' dir='ltr'>affert</span> 
     </span>
     <span class='ocr_line' id='line_1_10' title="bbox 176 1483 1622 1605; baseline 0.013 -37"><span class='ocrx_word' id='word_1_80' title='bbox 176 1483 289 1594; x_wconf 89' lang='lat' dir='ltr'>loca,</span> <span class='ocrx_word' id='word_1_81' title='bbox 317 1489 356 1576; x_wconf 94' lang='lat' dir='ltr'>in</span> <span class='ocrx_word' id='word_1_82' title='bbox 380 1492 557 1605; x_wconf 87' lang='lat' dir='ltr'>quibusa</span> <span class='ocrx_word' id='word_1_83' title='bbox 582 1491 820 1604; x_wconf 86' lang='lat' dir='ltr'>Sepulveda,</span> <span class='ocrx_word' id='word_1_84' title='bbox 846 1519 886 1580; x_wconf 87' lang='lat' dir='ltr'>at</span> <span class='ocrx_word' id='word_1_85' title='bbox 904 1496 1074 1582; x_wconf 84' lang='lat' dir='ltr'>modeste</span> <span class='ocrx_word' id='word_1_86' title='bbox 1097 1522 1255 1602; x_wconf 81' lang='lat' dir='ltr'>mmert,</span> <span class='ocrx_word' id='word_1_87' title='bbox 1284 1489 1505 1580; x_wconf 71' lang='lat' dir='ltr'>dissentitur.</span> <span class='ocrx_word' id='word_1_88' title='bbox 1539 1499 1622 1588; x_wconf 75' lang='lat' dir='ltr'>Pri-¹</span> 
     </span>
     <span class='ocr_line' id='line_1_11' title="bbox 176 1607 1620 1721; baseline 0.008 -32"><span class='ocrx_word' id='word_1_89' title='bbox 176 1632 246 1691; x_wconf 93' lang='lat' dir='ltr'>mo</span> <span class='ocrx_word' id='word_1_90' title='bbox 260 1607 360 1692; x_wconf 90' lang='lat' dir='ltr'>enim</span> <span class='ocrx_word' id='word_1_91' title='bbox 376 1607 503 1704; x_wconf 82' lang='lat' dir='ltr'>asserit</span> <span class='ocrx_word' id='word_1_92' title='bbox 516 1609 658 1721; x_wconf 91' lang='lat' dir='ltr'>Julium</span> <span class='ocrx_word' id='word_1_93' title='bbox 668 1612 867 1695; x_wconf 86' lang='lat' dir='ltr'>Caesarem</span> <span class='ocrx_word' id='word_1_94' title='bbox 884 1639 964 1696; x_wconf 92' lang='lat' dir='ltr'>non</span> <span class='ocrx_word' id='word_1_95' title='bbox 979 1612 1170 1698; x_wconf 84' lang='lat' dir='ltr'>inchoasse</span> <span class='ocrx_word' id='word_1_96' title='bbox 1185 1643 1329 1696; x_wconf 87' lang='lat' dir='ltr'>annum</span> <span class='ocrx_word' id='word_1_97' title='bbox 1343 1641 1367 1694; x_wconf 90' lang='lat' dir='ltr'>a</span> <span class='ocrx_word' id='word_1_98' title='bbox 1381 1612 1536 1718; x_wconf 90' lang='lat' dir='ltr'>bruma,</span> <span class='ocrx_word' id='word_1_99' title='bbox 1553 1615 1620 1704; x_wconf 90' lang='lat' dir='ltr'>sed</span> 
     </span>
     <span class='ocr_line' id='line_1_12' title="bbox 177 1722 1618 1842; baseline 0.01 -36"><span class='ocrx_word' id='word_1_100' title='bbox 177 1722 334 1838; x_wconf 89' lang='lat' dir='ltr'>aprima</span> <span class='ocrx_word' id='word_1_101' title='bbox 361 1723 453 1809; x_wconf 87' lang='lat' dir='ltr'>luna</span> <span class='ocrx_word' id='word_1_102' title='bbox 479 1752 566 1840; x_wconf 92' lang='lat' dir='ltr'>post</span> <span class='ocrx_word' id='word_1_103' title='bbox 591 1726 779 1811; x_wconf 87' lang='lat' dir='ltr'>brumam.</span> <span class='ocrx_word' id='word_1_104' title='bbox 809 1728 1009 1834; x_wconf 87' lang='lat' dir='ltr'>Secundo,</span> <span class='ocrx_word' id='word_1_105' title='bbox 1025 1757 1113 1814; x_wconf 92' lang='lat' dir='ltr'>cum</span> <span class='ocrx_word' id='word_1_106' title='bbox 1143 1729 1309 1814; x_wconf 89' lang='lat' dir='ltr'>Genesio</span> <span class='ocrx_word' id='word_1_107' title='bbox 1337 1727 1545 1842; x_wconf 84' lang='lat' dir='ltr'>placuisset,</span> <span class='ocrx_word' id='word_1_108' title='bbox 1573 1755 1618 1822; x_wconf 85' lang='lat' dir='ltr'>ut</span> 
     </span>
     <span class='ocr_line' id='line_1_13' title="bbox 176 1842 1618 1961; baseline 0.006 -37"><span class='ocrx_word' id='word_1_109' title='bbox 176 1842 298 1926; x_wconf 86' lang='lat' dir='ltr'>statim</span> <span class='ocrx_word' id='word_1_110' title='bbox 314 1871 360 1928; x_wconf 86' lang='lat' dir='ltr'>ac</span> <span class='ocrx_word' id='word_1_111' title='bbox 376 1842 487 1930; x_wconf 92' lang='lat' dir='ltr'>simul</span> <span class='ocrx_word' id='word_1_112' title='bbox 502 1868 563 1930; x_wconf 92' lang='lat' dir='ltr'>tot</span> <span class='ocrx_word' id='word_1_113' title='bbox 578 1844 709 1930; x_wconf 89' lang='lat' dir='ltr'>diebus</span> <span class='ocrx_word' id='word_1_114' title='bbox 724 1873 846 1930; x_wconf 87' lang='lat' dir='ltr'>annus</span> <span class='ocrx_word' id='word_1_115' title='bbox 861 1874 960 1931; x_wconf 92' lang='lat' dir='ltr'>unus</span> <span class='ocrx_word' id='word_1_116' title='bbox 977 1847 1100 1930; x_wconf 92' lang='lat' dir='ltr'>minor</span> <span class='ocrx_word' id='word_1_117' title='bbox 1117 1845 1223 1933; x_wconf 90' lang='lat' dir='ltr'>fieret</span> <span class='ocrx_word' id='word_1_118' title='bbox 1245 1908 1258 1952; x_wconf 93' lang='lat'>,</span> <span class='ocrx_word' id='word_1_119' title='bbox 1283 1870 1420 1961; x_wconf 89' lang='lat' dir='ltr'>quota</span> <span class='ocrx_word' id='word_1_120' title='bbox 1446 1875 1535 1931; x_wconf 88' lang='lat' dir='ltr'>vera</span> <span class='ocrx_word' id='word_1_121' title='bbox 1555 1875 1618 1933; x_wconf 82' lang='lat' dir='ltr'>re-</span> 
     </span>
     <span class='ocr_line' id='line_1_14' title="bbox 172 1958 1618 2080; baseline 0.003 -34"><span class='ocrx_word' id='word_1_122' title='bbox 172 1958 262 2071; x_wconf 80' lang='lat' dir='ltr'>gula</span> <span class='ocrx_word' id='word_1_123' title='bbox 276 1961 541 2066; x_wconf 84' lang='lat' dir='ltr'>exorbitabat,</span> <span class='ocrx_word' id='word_1_124' title='bbox 563 1961 685 2047; x_wconf 89' lang='lat' dir='ltr'>minus</span> <span class='ocrx_word' id='word_1_125' title='bbox 700 1963 775 2048; x_wconf 91' lang='lat' dir='ltr'>hoe</span> <span class='ocrx_word' id='word_1_126' title='bbox 792 1961 857 2046; x_wconf 89' lang='lat' dir='ltr'>sibi</span> <span class='ocrx_word' id='word_1_127' title='bbox 874 1963 1016 2077; x_wconf 90' lang='lat' dir='ltr'>placere</span> <span class='ocrx_word' id='word_1_128' title='bbox 1032 1961 1212 2080; x_wconf 85' lang='lat' dir='ltr'>significat</span> <span class='ocrx_word' id='word_1_129' title='bbox 1229 2024 1242 2068; x_wconf 90' lang='lat'>,</span> <span class='ocrx_word' id='word_1_130' title='bbox 1273 1971 1435 2069; x_wconf 81' lang='lat' dir='ltr'>quamsi</span> <span class='ocrx_word' id='word_1_131' title='bbox 1458 1966 1618 2050; x_wconf 86' lang='lat' dir='ltr'>dimissa</span> 
     </span>
     <span class='ocr_line' id='line_1_15' title="bbox 170 2077 1616 2188; baseline 0.006 -31"><span class='ocrx_word' id='word_1_132' title='bbox 170 2077 248 2159; x_wconf 89' lang='lat' dir='ltr'>diei</span> <span class='ocrx_word' id='word_1_133' title='bbox 261 2082 575 2186; x_wconf 75' lang='lat' dir='ltr'>intercalatione,</span> <span class='ocrx_word' id='word_1_134' title='bbox 599 2084 752 2163; x_wconf 86' lang='lat' dir='ltr'>totidem</span> <span class='ocrx_word' id='word_1_135' title='bbox 776 2089 912 2186; x_wconf 88' lang='lat' dir='ltr'>annis,</span> <span class='ocrx_word' id='word_1_136' title='bbox 938 2095 1024 2188; x_wconf 84' lang='lat' dir='ltr'>quot</span> <span class='ocrx_word' id='word_1_137' title='bbox 1041 2079 1242 2186; x_wconf 85' lang='lat' dir='ltr'>sufficiant</span> <span class='ocrx_word' id='word_1_138' title='bbox 1259 2085 1513 2165; x_wconf 81' lang='lat' dir='ltr'>resarciendis</span> <span class='ocrx_word' id='word_1_139' title='bbox 1533 2085 1616 2168; x_wconf 87' lang='lat' dir='ltr'>die-</span> 
     </span>
     <span class='ocr_line' id='line_1_16' title="bbox 169 2193 1615 2304; baseline 0.008 -31"><span class='ocrx_word' id='word_1_140' title='bbox 169 2193 242 2276; x_wconf 85' lang='lat' dir='ltr'>bus</span> <span class='ocrx_word' id='word_1_141' title='bbox 262 2202 374 2302; x_wconf 90' lang='lat' dir='ltr'>illis,</span> <span class='ocrx_word' id='word_1_142' title='bbox 405 2200 540 2303; x_wconf 78' lang='lat' dir='ltr'>quibas</span> <span class='ocrx_word' id='word_1_143' title='bbox 571 2205 872 2304; x_wconf 74' lang='lat' dir='ltr'>amevenimus,</span> <span class='ocrx_word' id='word_1_144' title='bbox 898 2207 1035 2280; x_wconf 88' lang='lat' dir='ltr'>sensim</span> <span class='ocrx_word' id='word_1_145' title='bbox 1064 2207 1165 2283; x_wconf 85' lang='lat' dir='ltr'>racio</span> <span class='ocrx_word' id='word_1_146' title='bbox 1193 2207 1281 2280; x_wconf 88' lang='lat' dir='ltr'>anni</span> <span class='ocrx_word' id='word_1_147' title='bbox 1304 2203 1370 2280; x_wconf 88' lang='lat' dir='ltr'>vel</span> <span class='ocrx_word' id='word_1_148' title='bbox 1390 2205 1615 2284; x_wconf 81' lang='lat' dir='ltr'>imtitutaa</span> 
     </span>
     <span class='ocr_line' id='line_1_17' title="bbox 169 2303 1616 2423; baseline 0.005 -31"><span class='ocrx_word' id='word_1_149' title='bbox 169 2303 280 2422; x_wconf 77' lang='lat' dir='ltr'>Julio</span> <span class='ocrx_word' id='word_1_150' title='bbox 296 2313 487 2420; x_wconf 83' lang='lat' dir='ltr'>Caesare,</span> <span class='ocrx_word' id='word_1_151' title='bbox 511 2321 579 2398; x_wconf 87' lang='lat' dir='ltr'>vel</span> <span class='ocrx_word' id='word_1_152' title='bbox 598 2342 691 2423; x_wconf 83' lang='lat' dir='ltr'>qaae</span> <span class='ocrx_word' id='word_1_153' title='bbox 715 2315 899 2400; x_wconf 83' lang='lat' dir='ltr'>exstabat</span> <span class='ocrx_word' id='word_1_154' title='bbox 914 2313 1071 2402; x_wconf 80' lang='lat' dir='ltr'>Consilii</span> <span class='ocrx_word' id='word_1_155' title='bbox 1087 2317 1252 2398; x_wconf 72' lang='lat' dir='ltr'>NJcaeni</span> <span class='ocrx_word' id='word_1_156' title='bbox 1277 2329 1470 2421; x_wconf 85' lang='lat' dir='ltr'>tempore,</span> <span class='ocrx_word' id='word_1_157' title='bbox 1495 2324 1616 2399; x_wconf 88' lang='lat' dir='ltr'>resti-</span> 
     </span>
     <span class='ocr_line' id='line_1_18' title="bbox 169 2431 1615 2548; baseline 0.006 -40"><span class='ocrx_word' id='word_1_158' title='bbox 169 2439 318 2513; x_wconf 84' lang='lat' dir='ltr'>tuatur.</span> <span class='ocrx_word' id='word_1_159' title='bbox 347 2433 482 2516; x_wconf 78' lang='lat' dir='ltr'>Veram</span> <span class='ocrx_word' id='word_1_160' title='bbox 497 2495 509 2536; x_wconf 93' lang='lat'>,</span> <span class='ocrx_word' id='word_1_161' title='bbox 525 2431 715 2548; x_wconf 85' lang='lat' dir='ltr'>subjungit</span> <span class='ocrx_word' id='word_1_162' title='bbox 730 2431 967 2538; x_wconf 89' lang='lat' dir='ltr'>Cardinalis,</span> <span class='ocrx_word' id='word_1_163' title='bbox 992 2457 1062 2518; x_wconf 90' lang='lat' dir='ltr'>non</span> <span class='ocrx_word' id='word_1_164' title='bbox 1077 2440 1135 2516; x_wconf 86' lang='lat' dir='ltr'>ita</span> <span class='ocrx_word' id='word_1_165' title='bbox 1149 2447 1254 2520; x_wconf 87' lang='lat' dir='ltr'>tueor</span> <span class='ocrx_word' id='word_1_166' title='bbox 1269 2433 1365 2516; x_wconf 84' lang='lat' dir='ltr'>banc</span> <span class='ocrx_word' id='word_1_167' title='bbox 1380 2441 1615 2542; x_wconf 88' lang='lat' dir='ltr'>sententiam,</span> 
     </span>
     <span class='ocr_line' id='line_1_19' title="bbox 167 2545 1453 2652; baseline 0.012 -24"><span class='ocrx_word' id='word_1_168' title='bbox 167 2554 260 2652; x_wconf 75' lang='lat' dir='ltr'>qrdn</span> <span class='ocrx_word' id='word_1_169' title='bbox 275 2545 403 2650; x_wconf 88' lang='lat' dir='ltr'>facile</span> <span class='ocrx_word' id='word_1_170' title='bbox 431 2558 504 2633; x_wconf 90' lang='lat' dir='ltr'>sim</span> <span class='ocrx_word' id='word_1_171' title='bbox 525 2577 766 2636; x_wconf 83' lang='lat' dir='ltr'>concessurus</span> <span class='ocrx_word' id='word_1_172' title='bbox 781 2564 880 2635; x_wconf 72' lang='lat' dir='ltr'>tuae</span> <span class='ocrx_word' id='word_1_173' title='bbox 1449 2635 1453 2644; x_wconf 87' lang='grc'><em>,</em></span> 
     </span>
    </p>

    <p class='ocr_par' dir='ltr' id='par_1_4' title="bbox 163 2664 1614 3606">
     <span class='ocr_line' id='line_1_20' title="bbox 256 2664 1613 2782; baseline 0.005 -34"><span class='ocrx_word' id='word_1_174' title='bbox 256 2664 360 2750; x_wconf 90' lang='lat' dir='ltr'>Huic</span> <span class='ocrx_word' id='word_1_175' title='bbox 375 2667 556 2781; x_wconf 86' lang='lat' dir='ltr'>epistolae</span> <span class='ocrx_word' id='word_1_176' title='bbox 570 2668 719 2756; x_wconf 92' lang='lat' dir='ltr'>videtur</span> <span class='ocrx_word' id='word_1_177' title='bbox 739 2666 862 2753; x_wconf 88' lang='lat' dir='ltr'>statim</span> <span class='ocrx_word' id='word_1_178' title='bbox 887 2665 1098 2780; x_wconf 89' lang='lat' dir='ltr'>Sepulveda</span> <span class='ocrx_word' id='word_1_179' title='bbox 1115 2664 1374 2782; x_wconf 89' lang='lat' dir='ltr'>respondisse,</span> <span class='ocrx_word' id='word_1_180' title='bbox 1398 2694 1443 2751; x_wconf 93' lang='lat' dir='ltr'>ac</span> <span class='ocrx_word' id='word_1_181' title='bbox 1459 2665 1613 2755; x_wconf 85' lang='lat' dir='ltr'>Conta-</span> 
     </span>
     <span class='ocr_line' id='line_1_21' title="bbox 167 2780 1613 2900; baseline 0.006 -37"><span class='ocrx_word' id='word_1_182' title='bbox 167 2780 249 2866; x_wconf 90' lang='lat' dir='ltr'>reni</span> <span class='ocrx_word' id='word_1_183' title='bbox 265 2811 490 2899; x_wconf 87' lang='lat' dir='ltr'>argumenta</span> <span class='ocrx_word' id='word_1_184' title='bbox 505 2786 556 2872; x_wconf 89' lang='lat' dir='ltr'>ad</span> <span class='ocrx_word' id='word_1_185' title='bbox 584 2815 741 2872; x_wconf 87' lang='lat' dir='ltr'>examen</span> <span class='ocrx_word' id='word_1_186' title='bbox 757 2811 979 2888; x_wconf 80' lang='lat' dir='ltr'>revocasse,</span> <span class='ocrx_word' id='word_1_187' title='bbox 1001 2812 1072 2870; x_wconf 90' lang='lat' dir='ltr'>ceu</span> <span class='ocrx_word' id='word_1_188' title='bbox 1090 2782 1403 2900; x_wconf 84' lang='lat' dir='ltr'>deprehendimus</span> <span class='ocrx_word' id='word_1_189' title='bbox 1427 2813 1473 2871; x_wconf 85' lang='lat' dir='ltr'>ex</span> <span class='ocrx_word' id='word_1_190' title='bbox 1497 2785 1613 2872; x_wconf 84' lang='lat' dir='ltr'>altera</span> 
     </span>
     <span class='ocr_line' id='line_1_22' title="bbox 167 2896 1614 3020; baseline 0.005 -38"><span class='ocrx_word' id='word_1_191' title='bbox 167 2896 335 3008; x_wconf 85' lang='lat' dir='ltr'>ejusdem</span> <span class='ocrx_word' id='word_1_192' title='bbox 362 2903 557 3019; x_wconf 88' lang='lat' dir='ltr'>purpurati</span> <span class='ocrx_word' id='word_1_193' title='bbox 586 2903 698 3020; x_wconf 90' lang='lat' dir='ltr'>patris</span> <span class='ocrx_word' id='word_1_194' title='bbox 726 2901 881 3018; x_wconf 87' lang='lat' dir='ltr'>epistola</span> <span class='ocrx_word' id='word_1_195' title='bbox 904 2916 923 2976; x_wconf 79' lang='lat'>³</span> <span class='ocrx_word' id='word_1_196' title='bbox 954 2904 1103 2987; x_wconf 89' lang='lat' dir='ltr'>Romae</span> <span class='ocrx_word' id='word_1_197' title='bbox 1132 2926 1219 3016; x_wconf 91' lang='lat' dir='ltr'>post</span> <span class='ocrx_word' id='word_1_198' title='bbox 1247 2901 1405 3018; x_wconf 86' lang='lat' dir='ltr'>longum</span> <span class='ocrx_word' id='word_1_199' title='bbox 1433 2904 1614 3017; x_wconf 86' lang='lat' dir='ltr'>temporis</span> 
     </span>
     <span class='ocr_line' id='line_1_23' title="bbox 164 3012 1613 3133; baseline 0.007 -36"><span class='ocrx_word' id='word_1_200' title='bbox 164 3012 404 3106; x_wconf 78' lang='lat' dir='ltr'>intervallum</span> <span class='ocrx_word' id='word_1_201' title='bbox 420 3048 608 3128; x_wconf 84' lang='lat' dir='ltr'>exarata,</span> <span class='ocrx_word' id='word_1_202' title='bbox 643 3049 782 3133; x_wconf 87' lang='lat' dir='ltr'>nempe</span> <span class='ocrx_word' id='word_1_203' title='bbox 805 3023 914 3104; x_wconf 89' lang='lat' dir='ltr'>Non.</span> <span class='ocrx_word' id='word_1_204' title='bbox 941 3019 1117 3104; x_wconf 76' lang='lat' dir='ltr'>februar.</span> <span class='ocrx_word' id='word_1_205' title='bbox 1147 3047 1237 3103; x_wconf 90' lang='lat' dir='ltr'>ann.</span> <span class='ocrx_word' id='word_1_206' title='bbox 1263 3045 1383 3126; x_wconf 85' lang='lat'>154⁰·</span> <span class='ocrx_word' id='word_1_207' title='bbox 1399 3047 1478 3133; x_wconf 89' lang='lat' dir='ltr'>qua</span> <span class='ocrx_word' id='word_1_208' title='bbox 1506 3049 1613 3108; x_wconf 86' lang='lat' dir='ltr'>suam</span> 
     </span>
     <span class='ocr_line' id='line_1_24' title="bbox 164 3131 1612 3254; baseline 0.003 -36"><span class='ocrx_word' id='word_1_209' title='bbox 164 3131 215 3218; x_wconf 90' lang='lat' dir='ltr'>de</span> <span class='ocrx_word' id='word_1_210' title='bbox 230 3134 337 3222; x_wconf 89' lang='lat' dir='ltr'>initio</span> <span class='ocrx_word' id='word_1_211' title='bbox 353 3138 481 3223; x_wconf 88' lang='lat' dir='ltr'>annia</span> <span class='ocrx_word' id='word_1_212' title='bbox 500 3137 604 3254; x_wconf 91' lang='lat' dir='ltr'>Julio</span> <span class='ocrx_word' id='word_1_213' title='bbox 626 3141 785 3222; x_wconf 79' lang='lat' dir='ltr'>Caesare</span> <span class='ocrx_word' id='word_1_214' title='bbox 800 3136 957 3222; x_wconf 86' lang='lat' dir='ltr'>instituti</span> <span class='ocrx_word' id='word_1_215' title='bbox 989 3135 1212 3222; x_wconf 90' lang='lat' dir='ltr'>sententiam</span> <span class='ocrx_word' id='word_1_216' title='bbox 1237 3133 1382 3221; x_wconf 91' lang='lat' dir='ltr'>erudite</span> <span class='ocrx_word' id='word_1_217' title='bbox 1398 3134 1612 3244; x_wconf 87' lang='lat' dir='ltr'>confirmat,</span> 
     </span>
     <span class='ocr_line' id='line_1_25' title="bbox 163 3251 1612 3369; baseline 0.004 -33"><span class='ocrx_word' id='word_1_218' title='bbox 163 3273 202 3336; x_wconf 87' lang='lat' dir='ltr'>et</span> <span class='ocrx_word' id='word_1_219' title='bbox 216 3257 424 3369; x_wconf 90' lang='lat' dir='ltr'>respondet</span> <span class='ocrx_word' id='word_1_220' title='bbox 439 3255 528 3342; x_wconf 92' lang='lat' dir='ltr'>locis</span> <span class='ocrx_word' id='word_1_221' title='bbox 552 3285 600 3342; x_wconf 88' lang='lat' dir='ltr'>ex</span> <span class='ocrx_word' id='word_1_222' title='bbox 623 3254 775 3341; x_wconf 84' lang='lat' dir='ltr'>Galeno</span> <span class='ocrx_word' id='word_1_223' title='bbox 800 3277 839 3338; x_wconf 91' lang='lat' dir='ltr'>et</span> <span class='ocrx_word' id='word_1_224' title='bbox 867 3253 989 3368; x_wconf 91' lang='lat' dir='ltr'>primo</span> <span class='ocrx_word' id='word_1_225' title='bbox 1014 3258 1210 3340; x_wconf 84' lang='lat' dir='ltr'>Fastorum</span> <span class='ocrx_word' id='word_1_226' title='bbox 1227 3251 1523 3340; x_wconf 86' lang='lat' dir='ltr'>Ovidiiallatisa</span> <span class='ocrx_word' id='word_1_227' title='bbox 1549 3259 1612 3342; x_wconf 86' lang='lat' dir='ltr'>Se·</span> 
     </span>
     <span class='ocr_line' id='line_1_26' title="bbox 163 3367 1611 3492; baseline 0.004 -40"><span class='ocrx_word' id='word_1_228' title='bbox 163 3367 331 3480; x_wconf 86' lang='lat' dir='ltr'>pulveda</span> <span class='ocrx_word' id='word_1_229' title='bbox 347 3373 387 3458; x_wconf 92' lang='lat' dir='ltr'>in</span> <span class='ocrx_word' id='word_1_230' title='bbox 401 3373 558 3482; x_wconf 89' lang='lat' dir='ltr'>litteris,</span> <span class='ocrx_word' id='word_1_231' title='bbox 581 3401 677 3492; x_wconf 88' lang='lat' dir='ltr'>quas</span> <span class='ocrx_word' id='word_1_232' title='bbox 697 3369 921 3462; x_wconf 83' lang='lat' dir='ltr'>intercidisse</span> <span class='ocrx_word' id='word_1_233' title='bbox 945 3369 1118 3459; x_wconf 84' lang='lat' dir='ltr'>dolemus</span> <span class='ocrx_word' id='word_1_234' title='bbox 1135 3433 1149 3482; x_wconf 91' lang='lat'>,</span> <span class='ocrx_word' id='word_1_235' title='bbox 1172 3399 1262 3458; x_wconf 86' lang='lat' dir='ltr'>cum</span> <span class='ocrx_word' id='word_1_236' title='bbox 1279 3368 1318 3458; x_wconf 90' lang='lat' dir='ltr'>in</span> <span class='ocrx_word' id='word_1_237' title='bbox 1340 3371 1442 3458; x_wconf 87' lang='lat' dir='ltr'>nulla</span> <span class='ocrx_word' id='word_1_238' title='bbox 1472 3371 1611 3460; x_wconf 91' lang='lat' dir='ltr'>editio·</span> 
     </span>
     <span class='ocr_line' id='line_1_27' title="bbox 163 3511 497 3606; baseline 0.021 -35"><span class='ocrx_word' id='word_1_239' title='bbox 163 3511 212 3572; x_wconf 90' lang='lat' dir='ltr'>ne</span> <span class='ocrx_word' id='word_1_240' title='bbox 239 3518 497 3606; x_wconf 89' lang='lat' dir='ltr'>compareant.</span> 
     </span>
    </p>

    <p class='ocr_par' dir='ltr' id='par_1_5' title="bbox 227 3605 1614 3696">
     <span class='ocr_line' id='line_1_28' title="bbox 227 3605 1614 3696; baseline 0.002 -5"><span class='ocrx_word' id='word_1_241' title='bbox 227 3605 388 3696; x_wconf 83' lang='lat' dir='ltr'>Tom.I.</span> <span class='ocrx_word' id='word_1_242' title='bbox 1101 3605 1142 3690; x_wconf 82' lang='lat' dir='ltr'>F</span> <span class='ocrx_word' id='word_1_243' title='bbox 1519 3605 1614 3694; x_wconf 88' lang='lat' dir='ltr'>Post</span> 
     </span>
    </p>
   </div>
   <div class='ocr_carea' id='block_1_3' title="bbox 159 3721 1617 5000">
    <p class='ocr_par' dir='ltr' id='par_1_6' title="bbox 159 3721 1616 4680">
     <span class='ocr_line' id='line_1_29' title="bbox 205 3721 1613 3803; baseline -0.003 -19"><span class='ocrx_word' id='word_1_244' title='bbox 205 3743 223 3784; x_wconf 85' lang='lat'><strong>1</strong></span> <span class='ocrx_word' id='word_1_245' title='bbox 267 3726 350 3784; x_wconf 84' lang='lat' dir='ltr'>Haec</span> <span class='ocrx_word' id='word_1_246' title='bbox 367 3725 548 3803; x_wconf 83' lang='lat' dir='ltr'>Sepulvedae</span> <span class='ocrx_word' id='word_1_247' title='bbox 565 3723 715 3788; x_wconf 86' lang='lat' dir='ltr'>daAerae</span> <span class='ocrx_word' id='word_1_248' title='bbox 725 3726 838 3803; x_wconf 79' lang='lat' dir='ltr'>origine</span> <span class='ocrx_word' id='word_1_249' title='bbox 859 3723 1023 3803; x_wconf 77' lang='lat' dir='ltr'>conjectura</span> <span class='ocrx_word' id='word_1_250' title='bbox 1038 3725 1108 3783; x_wconf 87' lang='lat' dir='ltr'>licet</span> <span class='ocrx_word' id='word_1_251' title='bbox 1126 3741 1144 3782; x_wconf 86' lang='lat' dir='ltr'>a</span> <span class='ocrx_word' id='word_1_252' title='bbox 1164 3725 1310 3784; x_wconf 87' lang='lat' dir='ltr'>nonnullis</span> <span class='ocrx_word' id='word_1_253' title='bbox 1322 3736 1468 3798; x_wconf 86' lang='lat' dir='ltr'>tamquam</span> <span class='ocrx_word' id='word_1_254' title='bbox 1490 3721 1613 3780; x_wconf 83' lang='lat' dir='ltr'>ridicula</span> 
     </span>
     <span class='ocr_line' id='line_1_30' title="bbox 164 3801 1614 3884; baseline -0.003 -20"><span class='ocrx_word' id='word_1_255' title='bbox 164 3807 362 3880; x_wconf 88' lang='lat' dir='ltr'>traducatur,</span> <span class='ocrx_word' id='word_1_256' title='bbox 377 3807 426 3881; x_wconf 87' lang='lat' dir='ltr'>Jo.</span> <span class='ocrx_word' id='word_1_257' title='bbox 445 3820 543 3867; x_wconf 85' lang='lat' dir='ltr'>tamen</span> <span class='ocrx_word' id='word_1_258' title='bbox 556 3809 670 3868; x_wconf 68' lang='lat' dir='ltr'>vineo</span> <span class='ocrx_word' id='word_1_259' title='bbox 687 3809 837 3884; x_wconf 77' lang='lat' dir='ltr'>ingeniosa</span> <span class='ocrx_word' id='word_1_260' title='bbox 850 3808 966 3865; x_wconf 84' lang='lat' dir='ltr'>estvisa</span> <span class='ocrx_word' id='word_1_261' title='bbox 979 3820 1064 3880; x_wconf 86' lang='lat' dir='ltr'>atque</span> <span class='ocrx_word' id='word_1_262' title='bbox 1074 3805 1196 3864; x_wconf 86' lang='lat' dir='ltr'>erudita.</span> <span class='ocrx_word' id='word_1_263' title='bbox 1217 3805 1317 3863; x_wconf 88' lang='lat' dir='ltr'>Verba</span> <span class='ocrx_word' id='word_1_264' title='bbox 1334 3806 1393 3880; x_wconf 84' lang='lat' dir='ltr'>ejus</span> <span class='ocrx_word' id='word_1_265' title='bbox 1410 3805 1465 3860; x_wconf 88' lang='lat' dir='ltr'>hue</span> <span class='ocrx_word' id='word_1_266' title='bbox 1480 3801 1614 3860; x_wconf 84' lang='lat' dir='ltr'>transcri-</span> 
     </span>
     <span class='ocr_line' id='line_1_31' title="bbox 169 3881 1613 3963; baseline -0.004 -19"><span class='ocrx_word' id='word_1_267' title='bbox 169 3887 272 3944; x_wconf 77' lang='lat' dir='ltr'>bamus</span> <span class='ocrx_word' id='word_1_268' title='bbox 292 3903 327 3944; x_wconf 79' lang='lat' dir='ltr'>ea</span> <span class='ocrx_word' id='word_1_269' title='bbox 341 3891 399 3944; x_wconf 84' lang='lat' dir='ltr'>vol.</span> <span class='ocrx_word' id='word_1_270' title='bbox 414 3905 440 3946; x_wconf 88' lang='lat'>1.</span> <span class='ocrx_word' id='word_1_271' title='bbox 461 3889 628 3962; x_wconf 81' lang='lat' dir='ltr'>Hispaniae</span> <span class='ocrx_word' id='word_1_272' title='bbox 640 3885 752 3946; x_wconf 86' lang='lat' dir='ltr'>illustr.</span> <span class='ocrx_word' id='word_1_273' title='bbox 774 3905 801 3963; x_wconf 87' lang='lat' dir='ltr'>p.</span> <span class='ocrx_word' id='word_1_274' title='bbox 815 3889 883 3962; x_wconf 76' lang='lat'><strong>⁶3²·</strong></span> <span class='ocrx_word' id='word_1_275' title='bbox 898 3887 946 3944; x_wconf 89' lang='lat' dir='ltr'>ubi</span> <span class='ocrx_word' id='word_1_276' title='bbox 958 3900 1107 3962; x_wconf 84' lang='lat' dir='ltr'>postquam</span> <span class='ocrx_word' id='word_1_277' title='bbox 1123 3901 1204 3942; x_wconf 86' lang='lat' dir='ltr'>suam</span> <span class='ocrx_word' id='word_1_278' title='bbox 1216 3885 1252 3942; x_wconf 87' lang='lat' dir='ltr'>de</span> <span class='ocrx_word' id='word_1_279' title='bbox 1261 3885 1340 3942; x_wconf 84' lang='lat' dir='ltr'>Aera</span> <span class='ocrx_word' id='word_1_280' title='bbox 1357 3881 1533 3940; x_wconf 85' lang='lat' dir='ltr'>sententiam</span> <span class='ocrx_word' id='word_1_281' title='bbox 1544 3895 1613 3954; x_wconf 86' lang='lat' dir='ltr'>pro-</span> 
     </span>
     <span class='ocr_line' id='line_1_32' title="bbox 164 3957 1614 4043; baseline -0.001 -21"><span class='ocrx_word' id='word_1_282' title='bbox 164 3968 303 4038; x_wconf 81' lang='lat' dir='ltr'>tulisset,</span> <span class='ocrx_word' id='word_1_283' title='bbox 326 3965 476 4040; x_wconf 80' lang='lat' dir='ltr'>adjunrit:</span> <span class='ocrx_word' id='word_1_284' title='bbox 506 3970 665 4043; x_wconf 73' lang='lat' dir='ltr'>Postquain</span> <span class='ocrx_word' id='word_1_285' title='bbox 680 3967 753 4028; x_wconf 83' lang='lat' dir='ltr'>hoec</span> <span class='ocrx_word' id='word_1_286' title='bbox 766 3967 952 4042; x_wconf 77' lang='lat' dir='ltr'>scripsissent</span> <span class='ocrx_word' id='word_1_287' title='bbox 965 3967 1146 4038; x_wconf 80' lang='lat' dir='ltr'>,admonitas</span> <span class='ocrx_word' id='word_1_288' title='bbox 1157 3981 1218 4020; x_wconf 83' lang='lat' dir='ltr'>snm</span> <span class='ocrx_word' id='word_1_289' title='bbox 1236 3981 1256 4020; x_wconf 89' lang='lat' dir='ltr'>a</span> <span class='ocrx_word' id='word_1_290' title='bbox 1277 3965 1328 4038; x_wconf 75' lang='lat' dir='ltr'>Jo.</span> <span class='ocrx_word' id='word_1_291' title='bbox 1351 3960 1422 4020; x_wconf 80' lang='lat' dir='ltr'>Gen.</span> <span class='ocrx_word' id='word_1_292' title='bbox 1445 3957 1614 4032; x_wconf 83' lang='lat' dir='ltr'>Sepalueda</span> 
     </span>
     <span class='ocr_line' id='line_1_33' title="bbox 166 4038 1614 4140; baseline 0 -40"><span class='ocrx_word' id='word_1_293' title='bbox 166 4043 258 4140; x_wconf 67' lang='lat' dir='ltr'>longe</span> <span class='ocrx_word' id='word_1_294' title='bbox 272 4043 363 4102; x_wconf 85' lang='lat' dir='ltr'>aliam</span> <span class='ocrx_word' id='word_1_295' title='bbox 376 4063 443 4106; x_wconf 85' lang='lat' dir='ltr'>esse</span> <span class='ocrx_word' id='word_1_296' title='bbox 457 4045 562 4107; x_wconf 78' lang='lat' dir='ltr'>Acrae</span> <span class='ocrx_word' id='word_1_297' title='bbox 574 4047 719 4128; x_wconf 85' lang='lat' dir='ltr'>originem</span> <span class='ocrx_word' id='word_1_298' title='bbox 763 4065 845 4122; x_wconf 85' lang='lat' dir='ltr'>qnam</span> <span class='ocrx_word' id='word_1_299' title='bbox 864 4065 883 4104; x_wconf 90' lang='lat' dir='ltr'>a</span> <span class='ocrx_word' id='word_1_300' title='bbox 896 4044 930 4106; x_wconf 90' lang='lat' dir='ltr'>S.</span> <span class='ocrx_word' id='word_1_301' title='bbox 945 4046 1062 4104; x_wconf 82' lang='lat' dir='ltr'>Isidoro</span> <span class='ocrx_word' id='word_1_302' title='bbox 1079 4054 1111 4104; x_wconf 86' lang='lat' dir='ltr'>et</span> <span class='ocrx_word' id='word_1_303' title='bbox 1130 4041 1203 4100; x_wconf 89' lang='lat' dir='ltr'>aliis</span> <span class='ocrx_word' id='word_1_304' title='bbox 1217 4038 1413 4114; x_wconf 79' lang='lat' dir='ltr'>scriptoribus</span> <span class='ocrx_word' id='word_1_305' title='bbox 1430 4040 1549 4114; x_wconf 78' lang='lat' dir='ltr'>prodna</span> <span class='ocrx_word' id='word_1_306' title='bbox 1561 4042 1614 4101; x_wconf 84' lang='lat' dir='ltr'>sit.</span> 
     </span>
     <span class='ocr_line' id='line_1_34' title="bbox 167 4119 1616 4204; baseline -0.003 -23"><span class='ocrx_word' id='word_1_307' title='bbox 167 4121 257 4194; x_wconf 72' lang='lat' dir='ltr'>Came</span> <span class='ocrx_word' id='word_1_308' title='bbox 270 4125 307 4181; x_wconf 82' lang='lat' dir='ltr'>de</span> <span class='ocrx_word' id='word_1_309' title='bbox 321 4123 378 4182; x_wconf 85' lang='lat' dir='ltr'>hac</span> <span class='ocrx_word' id='word_1_310' title='bbox 391 4142 425 4184; x_wconf 93' lang='lat' dir='ltr'>re</span> <span class='ocrx_word' id='word_1_311' title='bbox 442 4127 669 4199; x_wconf 75' lang='lat' dir='ltr'>annotationem,</span> <span class='ocrx_word' id='word_1_312' title='bbox 719 4119 815 4184; x_wconf 60' lang='lat' dir='ltr'>eonon</span> <span class='ocrx_word' id='word_1_313' title='bbox 828 4124 920 4183; x_wconf 82' lang='lat' dir='ltr'>solnm</span> <span class='ocrx_word' id='word_1_314' title='bbox 934 4125 1105 4204; x_wconf 82' lang='lat' dir='ltr'>ingenioso,</span> <span class='ocrx_word' id='word_1_315' title='bbox 1120 4121 1320 4179; x_wconf 80' lang='lat' dir='ltr'>verumetiam</span> <span class='ocrx_word' id='word_1_316' title='bbox 1332 4119 1447 4178; x_wconf 84' lang='lat' dir='ltr'>erudita</span> <span class='ocrx_word' id='word_1_317' title='bbox 1461 4119 1533 4176; x_wconf 86' lang='lat' dir='ltr'>milri</span> <span class='ocrx_word' id='word_1_318' title='bbox 1546 4120 1616 4176; x_wconf 85' lang='lat' dir='ltr'>viso</span> 
     </span>
     <span class='ocr_line' id='line_1_35' title="bbox 163 4199 1615 4278; baseline -0.006 -16"><span class='ocrx_word' id='word_1_319' title='bbox 163 4213 212 4262; x_wconf 87' lang='lat' dir='ltr'>est</span> <span class='ocrx_word' id='word_1_320' title='bbox 226 4239 238 4274; x_wconf 91' lang='lat'>,</span> <span class='ocrx_word' id='word_1_321' title='bbox 256 4204 297 4260; x_wconf 88' lang='lat' dir='ltr'>od</span> <span class='ocrx_word' id='word_1_322' title='bbox 313 4202 432 4264; x_wconf 79' lang='lat' dir='ltr'>verbane</span> <span class='ocrx_word' id='word_1_323' title='bbox 446 4207 496 4264; x_wconf 82' lang='lat' dir='ltr'>bic</span> <span class='ocrx_word' id='word_1_324' title='bbox 509 4205 711 4265; x_wconf 75' lang='lat' dir='ltr'>ascribendam</span> <span class='ocrx_word' id='word_1_325' title='bbox 726 4206 806 4264; x_wconf 81' lang='lat' dir='ltr'>daci.</span> <span class='ocrx_word' id='word_1_326' title='bbox 825 4204 923 4264; x_wconf 81' lang='lat' dir='ltr'>Affert</span> <span class='ocrx_word' id='word_1_327' title='bbox 937 4202 1118 4278; x_wconf 79' lang='lat' dir='ltr'>Sepulredae</span> <span class='ocrx_word' id='word_1_328' title='bbox 1138 4199 1226 4256; x_wconf 81' lang='lat' dir='ltr'>verba</span> <span class='ocrx_word' id='word_1_329' title='bbox 1237 4199 1383 4258; x_wconf 82' lang='lat' dir='ltr'>Vasaeus:</span> <span class='ocrx_word' id='word_1_330' title='bbox 1404 4199 1439 4256; x_wconf 86' lang='lat' dir='ltr'>ad</span> <span class='ocrx_word' id='word_1_331' title='bbox 1454 4211 1615 4256; x_wconf 82' lang='lat' dir='ltr'>extremum</span> 
     </span>
     <span class='ocr_line' id='line_1_36' title="bbox 167 4275 1614 4368; baseline -0.009 -25"><span class='ocrx_word' id='word_1_332' title='bbox 167 4281 315 4357; x_wconf 77' lang='lat' dir='ltr'>subjungit</span> <span class='ocrx_word' id='word_1_333' title='bbox 329 4301 337 4341; x_wconf 82' lang='lat' dir='ltr'>e</span> <span class='ocrx_word' id='word_1_334' title='bbox 358 4286 469 4345; x_wconf 82' lang='lat' dir='ltr'>Postea</span> <span class='ocrx_word' id='word_1_335' title='bbox 486 4302 559 4346; x_wconf 80' lang='lat' dir='ltr'>aero</span> <span class='ocrx_word' id='word_1_336' title='bbox 574 4287 685 4365; x_wconf 79' lang='lat' dir='ltr'>rogavi</span> <span class='ocrx_word' id='word_1_337' title='bbox 705 4287 804 4344; x_wconf 79' lang='lat' dir='ltr'>viroso</span> <span class='ocrx_word' id='word_1_338' title='bbox 816 4285 1011 4342; x_wconf 82' lang='lat' dir='ltr'>doctissimum</span> <span class='ocrx_word' id='word_1_339' title='bbox 1023 4279 1169 4336; x_wconf 81' lang='lat' dir='ltr'>Didacnrn</span> <span class='ocrx_word' id='word_1_340' title='bbox 1182 4276 1306 4336; x_wconf 84' lang='lat' dir='ltr'>Neilon</span> <span class='ocrx_word' id='word_1_341' title='bbox 1319 4319 1330 4351; x_wconf 89' lang='lat'>,</span> <span class='ocrx_word' id='word_1_342' title='bbox 1351 4276 1521 4368; x_wconf 74' lang='lat' dir='ltr'>Canonicurn</span> <span class='ocrx_word' id='word_1_343' title='bbox 1537 4275 1614 4368; x_wconf 51' lang='lat'>5⁰¹·</span> 
     </span>
     <span class='ocr_line' id='line_1_37' title="bbox 165 4355 1615 4440; baseline -0.003 -22"><span class='ocrx_word' id='word_1_344' title='bbox 165 4363 369 4423; x_wconf 69' lang='lat' dir='ltr'>masticantem</span> <span class='ocrx_word' id='word_1_345' title='bbox 377 4403 389 4436; x_wconf 90' lang='lat'>,</span> <span class='ocrx_word' id='word_1_346' title='bbox 402 4365 450 4422; x_wconf 86' lang='lat' dir='ltr'>ati</span> <span class='ocrx_word' id='word_1_347' title='bbox 459 4380 515 4440; x_wconf 86' lang='lat' dir='ltr'>per</span> <span class='ocrx_word' id='word_1_348' title='bbox 529 4366 653 4424; x_wconf 83' lang='lat' dir='ltr'>litteras</span> <span class='ocrx_word' id='word_1_349' title='bbox 657 4373 884 4437; x_wconf 81' lang='lat' dir='ltr'>percontaretur</span> <span class='ocrx_word' id='word_1_350' title='bbox 899 4357 1113 4434; x_wconf 79' lang='lat' dir='ltr'>Sepaluedorn,</span> <span class='ocrx_word' id='word_1_351' title='bbox 1133 4375 1170 4414; x_wconf 90' lang='lat' dir='ltr'>an</span> <span class='ocrx_word' id='word_1_352' title='bbox 1182 4355 1310 4433; x_wconf 82' lang='lat' dir='ltr'>eliquans</span> <span class='ocrx_word' id='word_1_353' title='bbox 1332 4356 1452 4414; x_wconf 83' lang='lat' dir='ltr'>baberet</span> <span class='ocrx_word' id='word_1_354' title='bbox 1471 4355 1615 4429; x_wconf 76' lang='lat' dir='ltr'>opinionis</span> 
     </span>
     <span class='ocr_line' id='line_1_38' title="bbox 163 4433 1613 4522; baseline -0.005 -21"><span class='ocrx_word' id='word_1_355' title='bbox 163 4459 232 4501; x_wconf 81' lang='lat' dir='ltr'>snae</span> <span class='ocrx_word' id='word_1_356' title='bbox 244 4443 460 4502; x_wconf 71' lang='lat' dir='ltr'>mortemon.</span> <span class='ocrx_word' id='word_1_357' title='bbox 490 4445 653 4520; x_wconf 76' lang='lat' dir='ltr'>Respondit</span> <span class='ocrx_word' id='word_1_358' title='bbox 671 4443 793 4522; x_wconf 82' lang='lat' dir='ltr'>ingenae</span> <span class='ocrx_word' id='word_1_359' title='bbox 809 4481 820 4514; x_wconf 93' lang='lat'>,</span> <span class='ocrx_word' id='word_1_360' title='bbox 834 4441 1030 4498; x_wconf 70' lang='lat' dir='ltr'>marmilon</span> <span class='ocrx_word' id='word_1_361' title='bbox 1045 4439 1143 4496; x_wconf 77' lang='lat' dir='ltr'>virano</span> <span class='ocrx_word' id='word_1_362' title='bbox 1162 4435 1280 4495; x_wconf 82' lang='lat' dir='ltr'>decebat</span> <span class='ocrx_word' id='word_1_363' title='bbox 1297 4476 1308 4508; x_wconf 89' lang='lat'>,</span> <span class='ocrx_word' id='word_1_364' title='bbox 1326 4434 1433 4492; x_wconf 83' lang='lat' dir='ltr'>nullam</span> <span class='ocrx_word' id='word_1_365' title='bbox 1448 4452 1480 4493; x_wconf 88' lang='lat' dir='ltr'>se</span> <span class='ocrx_word' id='word_1_366' title='bbox 1502 4433 1613 4494; x_wconf 76' lang='lat' dir='ltr'>holm</span> 
     </span>
     <span class='ocr_line' id='line_1_39' title="bbox 159 4513 1613 4595; baseline -0.006 -13"><span class='ocrx_word' id='word_1_367' title='bbox 159 4533 285 4595; x_wconf 83' lang='lat' dir='ltr'>praeter</span> <span class='ocrx_word' id='word_1_368' title='bbox 301 4523 498 4593; x_wconf 80' lang='lat' dir='ltr'>conjecturam</span> <span class='ocrx_word' id='word_1_369' title='bbox 522 4520 726 4584; x_wconf 78' lang='lat' dir='ltr'>verisimilem.</span> <span class='ocrx_word' id='word_1_370' title='bbox 754 4521 902 4580; x_wconf 79' lang='lat' dir='ltr'>Adversus</span> <span class='ocrx_word' id='word_1_371' title='bbox 922 4521 998 4578; x_wconf 85' lang='lat' dir='ltr'>hanc</span> <span class='ocrx_word' id='word_1_372' title='bbox 1024 4516 1205 4593; x_wconf 82' lang='lat' dir='ltr'>Sepulvedae</span> <span class='ocrx_word' id='word_1_373' title='bbox 1227 4513 1424 4590; x_wconf 82' lang='lat' dir='ltr'>conjecturam</span> <span class='ocrx_word' id='word_1_374' title='bbox 1456 4515 1613 4573; x_wconf 86' lang='lat' dir='ltr'>insurrexit</span> 
     </span>
     <span class='ocr_line' id='line_1_40' title="bbox 162 4595 1615 4680; baseline -0.003 -22"><span class='ocrx_word' id='word_1_375' title='bbox 162 4599 296 4660; x_wconf 72' lang='lat' dir='ltr'>InAndr.</span> <span class='ocrx_word' id='word_1_376' title='bbox 314 4603 475 4662; x_wconf 85' lang='lat' dir='ltr'>Resendias</span> <span class='ocrx_word' id='word_1_377' title='bbox 488 4604 519 4664; x_wconf 86' lang='lat' dir='ltr'>in</span> <span class='ocrx_word' id='word_1_378' title='bbox 529 4605 652 4680; x_wconf 85' lang='lat' dir='ltr'>epistola</span> <span class='ocrx_word' id='word_1_379' title='bbox 668 4601 705 4660; x_wconf 86' lang='lat' dir='ltr'>ad</span> <span class='ocrx_word' id='word_1_380' title='bbox 722 4601 868 4658; x_wconf 87' lang='lat' dir='ltr'>laudatum</span> <span class='ocrx_word' id='word_1_381' title='bbox 881 4600 1026 4658; x_wconf 80' lang='lat' dir='ltr'>Vesaeum</span> <span class='ocrx_word' id='word_1_382' title='bbox 1035 4638 1046 4671; x_wconf 90' lang='lat'>,</span> <span class='ocrx_word' id='word_1_383' title='bbox 1056 4614 1128 4671; x_wconf 88' lang='lat' dir='ltr'>quae</span> <span class='ocrx_word' id='word_1_384' title='bbox 1142 4596 1329 4652; x_wconf 85' lang='lat' dir='ltr'>insertaestl.</span> <span class='ocrx_word' id='word_1_385' title='bbox 1344 4613 1370 4652; x_wconf 87' lang='lat' dir='ltr'>e.</span> <span class='ocrx_word' id='word_1_386' title='bbox 1385 4611 1471 4667; x_wconf 88' lang='lat' dir='ltr'>quam</span> <span class='ocrx_word' id='word_1_387' title='bbox 1486 4595 1615 4654; x_wconf 84' lang='lat' dir='ltr'>videsis.</span> 
     </span>
    </p>

    <p class='ocr_par' dir='ltr' id='par_1_7' title="bbox 166 4675 1617 4920">
     <span class='ocr_line' id='line_1_41' title="bbox 205 4675 1617 4752; baseline -0.003 -14"><span class='ocrx_word' id='word_1_388' title='bbox 205 4699 224 4738; x_wconf 83' lang='lat' dir='ltr'>a</span> <span class='ocrx_word' id='word_1_389' title='bbox 267 4683 403 4742; x_wconf 86' lang='lat' dir='ltr'>Insertae</span> <span class='ocrx_word' id='word_1_390' title='bbox 415 4695 483 4741; x_wconf 87' lang='lat' dir='ltr'>sunt</span> <span class='ocrx_word' id='word_1_391' title='bbox 496 4685 550 4742; x_wconf 84' lang='lat' dir='ltr'>hae</span> <span class='ocrx_word' id='word_1_392' title='bbox 564 4685 678 4742; x_wconf 84' lang='lat' dir='ltr'>litterae</span> <span class='ocrx_word' id='word_1_393' title='bbox 691 4695 753 4739; x_wconf 86' lang='lat' dir='ltr'>tum</span> <span class='ocrx_word' id='word_1_394' title='bbox 767 4682 799 4737; x_wconf 91' lang='lat' dir='ltr'>in</span> <span class='ocrx_word' id='word_1_395' title='bbox 814 4681 987 4738; x_wconf 84' lang='lat' dir='ltr'>collectione</span> <span class='ocrx_word' id='word_1_396' title='bbox 1004 4677 1341 4752; x_wconf 88' lang='lat' dir='ltr'>epistolatumclarorum</span> <span class='ocrx_word' id='word_1_397' title='bbox 1358 4675 1486 4731; x_wconf 84' lang='lat' dir='ltr'>virorum</span> <span class='ocrx_word' id='word_1_398' title='bbox 1509 4675 1617 4734; x_wconf 81' lang='lat' dir='ltr'>emissa</span> 
     </span>
     <span class='ocr_line' id='line_1_42' title="bbox 166 4753 1616 4838; baseline -0.003 -23"><span class='ocrx_word' id='word_1_399' title='bbox 166 4760 199 4816; x_wconf 87' lang='lat' dir='ltr'>in</span> <span class='ocrx_word' id='word_1_400' title='bbox 212 4766 309 4820; x_wconf 87' lang='lat' dir='ltr'>lucem</span> <span class='ocrx_word' id='word_1_401' title='bbox 323 4781 341 4820; x_wconf 79' lang='lat' dir='ltr'>a</span> <span class='ocrx_word' id='word_1_402' title='bbox 362 4764 382 4838; x_wconf 90' lang='lat' dir='ltr'>J</span> <span class='ocrx_word' id='word_1_403' title='bbox 384 4781 414 4820; x_wconf 92' lang='lat' dir='ltr'>o.</span> <span class='ocrx_word' id='word_1_404' title='bbox 427 4763 574 4822; x_wconf 86' lang='lat' dir='ltr'>Michaele</span> <span class='ocrx_word' id='word_1_405' title='bbox 587 4765 677 4820; x_wconf 82' lang='lat' dir='ltr'>Bruto</span> <span class='ocrx_word' id='word_1_406' title='bbox 689 4761 824 4837; x_wconf 76' lang='lat' dir='ltr'>Lugduni</span> <span class='ocrx_word' id='word_1_407' title='bbox 841 4761 915 4833; x_wconf 85' lang='lat' dir='ltr'>apud</span> <span class='ocrx_word' id='word_1_408' title='bbox 928 4758 1047 4816; x_wconf 82' lang='lat' dir='ltr'>herodes</span> <span class='ocrx_word' id='word_1_409' title='bbox 1067 4755 1231 4814; x_wconf 82' lang='lat' dir='ltr'>sebastiani</span> <span class='ocrx_word' id='word_1_410' title='bbox 1246 4753 1375 4830; x_wconf 87' lang='lat' dir='ltr'>Gryphii</span> <span class='ocrx_word' id='word_1_411' title='bbox 1386 4771 1462 4810; x_wconf 89' lang='lat' dir='ltr'>anno</span> <span class='ocrx_word' id='word_1_412' title='bbox 1479 4757 1564 4828; x_wconf 77' lang='lat'>1561.</span> <span class='ocrx_word' id='word_1_413' title='bbox 1585 4757 1616 4811; x_wconf 89' lang='lat' dir='ltr'>in</span> 
     </span>
     <span class='ocr_line' id='line_1_43' title="bbox 166 4831 1605 4920; baseline -0.005 -22"><span class='ocrx_word' id='word_1_414' title='bbox 166 4838 213 4898; x_wconf 66' lang='grc' dir='ltr'>ΒΡ</span> <span class='ocrx_word' id='word_1_415' title='bbox 225 4860 291 4920; x_wconf 84' lang='lat' dir='ltr'>pag.</span> <span class='ocrx_word' id='word_1_416' title='bbox 301 4843 340 4900; x_wconf 77' lang='lat'>26</span> <span class='ocrx_word' id='word_1_417' title='bbox 349 4882 361 4915; x_wconf 94' lang='lat'>,</span> <span class='ocrx_word' id='word_1_418' title='bbox 384 4857 446 4900; x_wconf 90' lang='lat' dir='ltr'>tum</span> <span class='ocrx_word' id='word_1_419' title='bbox 465 4845 542 4901; x_wconf 88' lang='lat' dir='ltr'>inter</span> <span class='ocrx_word' id='word_1_420' title='bbox 556 4839 718 4900; x_wconf 84' lang='lat' dir='ltr'>Contareni</span> <span class='ocrx_word' id='word_1_421' title='bbox 734 4858 822 4916; x_wconf 85' lang='lat' dir='ltr'>opera</span> <span class='ocrx_word' id='word_1_422' title='bbox 836 4839 957 4896; x_wconf 83' lang='lat' dir='ltr'>Parisiis</span> <span class='ocrx_word' id='word_1_423' title='bbox 970 4855 988 4894; x_wconf 91' lang='lat' dir='ltr'>a</span> <span class='ocrx_word' id='word_1_424' title='bbox 1006 4835 1137 4893; x_wconf 85' lang='lat' dir='ltr'>Nivellio</span> <span class='ocrx_word' id='word_1_425' title='bbox 1150 4833 1229 4892; x_wconf 85' lang='lat' dir='ltr'>edita</span> <span class='ocrx_word' id='word_1_426' title='bbox 1247 4847 1331 4908; x_wconf 76' lang='lat'>¹57¹·</span> <span class='ocrx_word' id='word_1_427' title='bbox 1346 4835 1378 4890; x_wconf 88' lang='lat' dir='ltr'>in</span> <span class='ocrx_word' id='word_1_428' title='bbox 1395 4831 1449 4891; x_wconf 89' lang='lat' dir='ltr'>fol.</span> <span class='ocrx_word' id='word_1_429' title='bbox 1464 4852 1490 4907; x_wconf 90' lang='lat' dir='ltr'>p.</span> <span class='ocrx_word' id='word_1_430' title='bbox 1501 4848 1569 4910; x_wconf 73' lang='lat'>253.</span> <span class='ocrx_word' id='word_1_431' title='bbox 1602 4903 1605 4912; x_wconf 66' lang='lat'>‚</span> 
     </span>
    </p>

    <p class='ocr_par' dir='ltr' id='par_1_8' title="bbox 207 4911 1616 5000">
     <span class='ocr_line' id='line_1_44' title="bbox 207 4911 1616 5000; baseline -0.01 -17"><span class='ocrx_word' id='word_1_432' title='bbox 207 4937 226 5000; x_wconf 79' lang='lat'><strong><em>3</em></strong></span> <span class='ocrx_word' id='word_1_433' title='bbox 266 4923 423 4983; x_wconf 73' lang='lat' dir='ltr'>Bannatia</span> <span class='ocrx_word' id='word_1_434' title='bbox 438 4924 520 4984; x_wconf 87' lang='lat' dir='ltr'>Bruti</span> <span class='ocrx_word' id='word_1_435' title='bbox 534 4922 705 4984; x_wconf 81' lang='lat' dir='ltr'>collectione</span> <span class='ocrx_word' id='word_1_436' title='bbox 718 4937 784 4998; x_wconf 74' lang='lat' dir='ltr'>pag.</span> <span class='ocrx_word' id='word_1_437' title='bbox 799 4937 847 4998; x_wconf 77' lang='lat' dir='ltr'>ap.</span> <span class='ocrx_word' id='word_1_438' title='bbox 863 4931 893 4979; x_wconf 88' lang='lat' dir='ltr'>et</span> <span class='ocrx_word' id='word_1_439' title='bbox 907 4919 985 4978; x_wconf 86' lang='lat' dir='ltr'>inter</span> <span class='ocrx_word' id='word_1_440' title='bbox 997 4933 1084 4994; x_wconf 85' lang='lat' dir='ltr'>opera</span> <span class='ocrx_word' id='word_1_441' title='bbox 1097 4911 1259 4976; x_wconf 77' lang='lat' dir='ltr'>Contereni</span> <span class='ocrx_word' id='word_1_442' title='bbox 1276 4913 1399 4990; x_wconf 70' lang='lat' dir='ltr'>iunctim</span> <span class='ocrx_word' id='word_1_443' title='bbox 1411 4915 1500 4988; x_wconf 85' lang='lat' dir='ltr'>edita,</span> <span class='ocrx_word' id='word_1_444' title='bbox 1515 4927 1616 4990; x_wconf 67' lang='lat' dir='ltr'>pesa.</span> 
     </span>
    </p>
   </div>
   <div class='ocr_carea' id='block_1_4' title="bbox 0 0 2188 5984">
    <p class='ocr_par' dir='ltr' id='par_1_9' title="bbox 0 0 2188 5984">
     <span class='ocr_line' id='line_1_45' title="bbox 0 0 2188 5984; baseline 0 2"><span class='ocrx_word' id='word_1_445' title='bbox 0 0 2188 5984; x_wconf 95' lang='lat' dir='ltr'> </span> 
     </span>
    </p>
   </div>
  </div>
 </body>
</html>
