4368 5984
571 424 628 472 'to
969 403 1105 494 Jonas.
1127 403 1240 476 cau.
1257 402 1565 477 seruaveone

550 528 652 616 tiun'
674 527 851 647 degeret,
885 531 1069 645 quamdiu
1093 560 1115 617 e
1143 528 1318 648 Collegio
1332 526 1490 633 abfuit,
1523 524 1724 640 coniectari
1758 558 1887 620 tamen
1904 533 2015 624 haud

556 648 682 764 inepte
699 649 813 757 licet,
845 675 1036 736 versatum
1055 679 1143 735 eum
1164 646 1272 736 fuisse
1287 648 1390 763 apud
1408 647 1605 734 Albenum
1630 646 1737 732 Pium
1758 665 1771 706 ¹
1794 653 2015 769 Carporum

557 767 797 882 Principem,
819 767 889 883 ’ςηὶ
919 768 1171 883 Sepulvedam
1184 767 1365 854 Bononia
1380 797 1428 852 ex
1442 764 1616 883 Collegio
1633 767 1891 880 Hispanorum
1920 803 2014 887 pro·

562 910 645 1002 pter
674 916 887 992 summam,
921 888 1115 1002 quamde
1149 886 1277 974 studiis
1307 886 1385 999 ejus
1426 885 1591 969 habebat
1620 885 1868 999 opinionem,
1896 891 2015 977 adse

565 1030 701 1119 sponte
717 1035 784 1090 sua
797 1028 981 1092 vocatum
1009 1010 1080 1120 ¹lut
1095 1003 1152 1091 vir
1171 1004 1408 1092 doctissimus
1426 1003 1627 1089 hominum
1652 1033 1735 1088 non
1766 1005 2015 1093 indoctorum

557 1119 732 1208 xfamiliari
757 1123 1031 1211 consuetudine
1063 1123 1346 1238 delectabatur)
1372 1146 1451 1207 tam
1475 1115 1647 1207 humane
1671 1152 1820 1237 semper
1850 1151 2014 1241 tamque

562 1267 738 1327 amanter
769 1242 907 1333 multos
937 1272 1057 1329 annos
1065 1243 1276 1347 tractavit,
1301 1267 1350 1327 vut
1378 1239 1471 1324 nihil
1491 1241 1555 1328 uel
1583 1241 1781 1345 honoris,
1813 1244 1875 1330 vel
1905 1245 2012 1330 beni-

563 1359 736 1564 gpitatis,
753 1361 814 1448 vel
829 1359 992 1476 denique
1006 1357 1329 1478 favoris-cuiquam
1339 1389 1499 1444 suorum
1511 1358 1710 1464 tribuerit,
1726 1363 1835 1474 quod
1847 1361 1897 1446 dli
1911 1392 2011 1448 non·

559 1537 563 1548 .
612 1478 680 1565 erit
694 1508 783 1564 sane
796 1478 930 1564 lubens
956 1480 1175 1595 impartitus.
1202 1480 1262 1564 lbi
1275 1479 1397 1569 studia
1409 1508 1481 1562 sua
1493 1505 1543 1561 ac
1563 1476 1843 1565 lucubrationes
1873 1480 2013 1566 docto·

562 1627 652 1682 rum
670 1597 870 1683 hominurn
895 1597 1168 1684 consuetudine
1192 1594 1385 1712 perfecisse
1406 1594 1597 1711 putandus
1613 1620 1669 1680 est
1692 1597 1931 1708 Sepulveda,
1962 1629 2011 1686 ex

560 1745 648 1832 -quo
665 1715 835 1802 discimus
850 1776 863 1820 ,
880 1732 903 1772 ‘²
925 1715 1127 1802 Albertum
1159 1716 1266 1804 domi
1291 1743 1441 1830 semper
1464 1715 1568 1801 uiros
1591 1715 1722 1800 lra'liae
1748 1715 1791 1799 in
1815 1717 1921 1801 omni
1943 1745 2014 1831 ge·

494 1935 496 1938 ¹
565 1864 657 1920 nere
675 1833 886 1921 ¹litterarum
900 1833 1138 1920 doctissimos
1149 1834 1321 1919 habuisse
1340 1897 1352 1940 ,
1373 1833 1509 1949 qubus
1526 1833 1665 1947 partim
1687 1835 2011 1949 praeceptoribus,

570 1952 706 2067 partim
731 1953 835 2040 socirs
849 1952 1064 2039 studiorum
1083 1953 1137 2039 ad
1161 1951 1640 2039 htuariasexercitationes
1653 1978 1834 2037 uteretur.
1851 1957 2011 2037 Horum

565 2070 609 2156 in
626 2099 786 2157 numero
815 2071 917 2156 fuere
934 2071 1053 2158 Aldus
1079 2073 1307 2178 Manutius,
1330 2069 1598 2186 Piiquondam
1615 2071 1652 2153 in
1669 2070 1794 2156 litteris
1809 2071 2012 2156 humanio-

572 2189 672 2276 ribus
687 2190 897 2295 institutor,
913 2191 1102 2306 Tryphon
1117 2192 1378 2306 Byzantinus,
1396 2191 1551 2274 Marcus
1564 2191 1747 2274 Musurus
1765 2250 1776 2291 ,
1801 2189 1868 2276 viri
1879 2189 2011 2274 utrius·

571 2337 648 2423 que
676 2308 824 2426 linguae
856 2309 1075 2426 cognitione
1095 2335 1353 2425 praestantes,
1381 2313 1515 2394 Petrus
1526 2308 1802 2422 Pomponarius
1828 2305 2010 2421 Sepulve·

570 2427 643 2512 dae
675 2451 902 2542 praceptor,
923 2431 1093 2540 Joamres
1110 2430 1346 2513 Monsdocus
1371 2425 1624 2540 Hispalensis,
1641 2425 1777 2509 summi
1801 2425 1869 2509 uiri
1885 2424 1923 2509 in
1937 2425 2011 2509 do·

564 2545 689 2630 ctrina
716 2545 984 2659 peripatetica,
1005 2545 1249 2661 'quorumille
1265 2541 1563 2648 Bononiae,hic
1584 2540 1821 2659 Theologiae
1839 2571 2010 2656 quoque

569 2662 794 2778 cognitione
817 2685 1031 2776 praestans,
1046 2663 1134 2748 Pisis
1155 2689 1276 2777 atque
1290 2659 1646 2766 Paravii,maximis
1670 2658 2012 2775 praemiispubhce

572 2780 799 2895 propositis,
816 2780 1092 2895 Philosophiam
1111 2782 1323 2868 docuerunt
1341 2779 1539 2885 ,Andreas
1562 2783 1725 2883 Barrus,
1741 2806 1901 2894 magnus
1915 2777 2010 2864 item

573 2897 846 3013 Philosophus,
875 2899 1008 3014 aliique
1030 2901 1271 3010 Magnanimi
1286 2902 1415 2983 heroes
1430 2905 1511 2981 nati
1534 2899 1744 2982 melioribus
1769 2905 1891 2980 annis„

660 3021 814 3102 Horum
822 3015 1096 3102 consuetudine
1111 3079 1124 3123 ,
1144 3017 1172 3102 si
1187 3018 1350 3103 Nicolao
1365 3018 1537 3102 Antonio
1546 3015 1733 3102 credimus
1746 3076 1758 3118 ,
1770 3039 1879 3100 totus
1897 3041 2009 3100 exar-

573 3132 617 3219 sit
636 3134 685 3222 ad
698 3133 917 3250 Philosophi
932 3135 1106 3250 principis
1116 3135 1331 3221 doctrinam
1353 3164 1404 3219 ex
1420 3135 1503 3249 ipsis
1526 3139 1700 3221 Graecae
1729 3133 1880 3250 linguae
1907 3134 2011 3248 ady-

572 3251 615 3336 tis
632 3255 970 3364 perscrutandam,
998 3255 1199 3369 pluresque
1227 3252 1304 3365 e'jus
1325 3252 1442 3338 libros
1467 3277 1591 3367 atquc
1610 3251 1780 3365 ejusdem
1813 3275 2008 3338 enarrato-

569 3396 653 3454 rum
676 3369 837 3456 >fideliter
863 3400 908 3456 ac
934 3371 1189 3486 philosophice
1225 3400 1305 3456 non
1327 3369 1577 3456 -Ciceroniane
1599 3371 1830 3457 vertendos.
1863 3371 1937 3455 Sed
1958 3394 2008 3457 ut

569 3489 734 3600 superius
759 3489 981 3594 innuimus,
1012 3490 1104 3602 iacta
1117 3491 1193 3604 ¹jam
1225 3485 1375 3574 fuerant
1392 3489 1500 3604 hujus
1512 3488 1625 3575 'audii
1655 3488 1904 3604 vertendique
1920 3489 2008 3574 Ari·

569 3605 740 3693 stotelem
757 3606 897 3694 semina
908 3607 951 3691 in
961 3608 1141 3727 ›Collegio
1155 3607 1386 3695 bononiensi
1397 3639 1410 3692 .:
1431 3637 1476 3692 ex
1486 3635 1568 3724 quo
1584 3636 1672 3693 sane
1681 3606 1923 3710 ostenditur,
1940 3609 2006 3692 Se·

569 3724 774 3838 pulvedaa
793 3726 848 3811 vibi
870 3727 1147 3843 Philosophiam
1169 3756 1249 3813 non
1269 3757 1318 3812 ex
1343 3725 1544 3813 hominum
1570 3725 1817 3813 indoctorum
1847 3724 2002 3838 scriptis,

569 3842 635 3928 sed
652 3871 698 3928 ex
725 3845 807 3958 ipsis
836 3843 1088 3960 limpidissimis
1097 3841 1269 3933 sontibus
1291 3844 1512 3931 exhausisse.
1537 3851 1669 3930 Tanta
1693 3843 1766 3958 jam
1779 3866 1875 3929 tunc
1889 3841 1929 3928 in
1953 3869 2006 3930 eo

562 3984 650 4044 erat
665 3959 802 4076 ingenii
822 3964 882 4050 vis
912 3962 1151 4080 discendique
1181 3962 1504 4082 flagrantissimum
1524 3961 1764 4050 desiderium.

658 4080 856 4174 Quamdiu
903 4111 997 4169 vero
1032 4085 1141 4200 'apud
1176 4087 1396 4197 Carporum
1427 4082 1635 4197 Principem
1666 4079 1784 4167 luerit
1807 4101 2003 4187 uersatus,

566 4195 967 4311 nobisincompcrtum
980 4227 1052 4288 est.
1077 4202 1177 4290 Illud
1192 4226 1292 4288 certe
1313 4199 1498 4288 affirmare
1515 4231 1736 4314 possumus,
1751 4227 1855 4285 anno
1876 4201 2004 4304 152⁶·

564 4313 714 4401 Romae
743 4345 832 4400 eum
857 4313 1004 4423 fuisse,
1051 4349 1132 4434 quo
1153 4346 1332 4436 tempore
1363 4325 1487 4438 Hugo
1519 4320 1716 4406 Moncada
1746 4347 1833 4404 cum
1865 4317 2013 4430 Hispa-⁴

566 4455 705 4521 norum
738 4435 905 4548 peditum
924 4437 1063 4521 circiter
1079 4439 1402 4556 septingentorum
1430 4439 1592 4551 Neapoli
1602 4435 1775 4524 confecta
1788 4464 1930 4538 manu,
1961 4457 2004 4520 et

554 4577 609 4637 cx
641 4553 844 4639 castellanis
876 4553 1015 4640 finium
1055 4556 1368 4642 Columnensium
1392 4557 1449 4642 ad
1471 4555 1574 4641 mille
1600 4554 1818 4674 ‘quingentis
1863 4553 2003 4752 walgris

1958 4700 2001 4754 0.

572 4847 579 4864 ,
604 4808 618 4849 1
661 4792 709 4850 na
722 4792 1006 4867 ipsa=quodammodo
1019 4803 1142 4852 testatur
1155 4791 1241 4849 initio
1263 4771 1476 4868 Antapologiae
1503 4810 1555 4867 pro
1578 4791 1702 4852 Alberto
1718 4789 1773 4850 Pio
1784 4790 1815 4849 io
1836 4789 2002 4850 Erasmum.

558 4869 877 5016 lbi'⁸tffl,⁰2i,i,‘'0⁰⁸t
897 4874 983 4938 ruisse
997 4892 1027 4938 se
1041 4876 1072 4934 in
1090 4873 1256 4942 domesticis
1275 4872 1602 4958 Carporumt’rincipis,
2015 4897 2020 4912 ·
