4298 5980
564 469 806 557 canotr
848 471 899 553 v.
943 471 1056 556 irs.
1106 473 1185 556 v1.
1496 469 1579 576 187

157 665 226 735 rer
238 703 255 752 ,
292 665 387 774 quo
422 623 600 734 liberius
636 623 873 768 dignitati,
909 627 1246 772 commodisque
1281 627 1408 753 suis,
1449 669 1492 735 et
1532 649 1619 741 Re-

158 773 237 920 gni
274 769 398 877 bono
436 767 619 914 publico
655 771 936 874 consuleret:
981 811 1094 916 quae
1137 775 1235 918 quis
1277 775 1396 879 hosti
1438 817 1618 924 tempo-

155 920 277 1022 ribus
314 917 525 1020 adductus
560 914 608 1017 in
649 915 848 1017 custodia
890 952 968 1056 per
1012 917 1139 1039 vim,
1182 948 1258 1024 aut
1298 959 1467 1026 metum
1509 966 1621 1068 pro.

155 1063 378 1180 misisset,
418 1101 512 1162 non
548 1099 637 1161 esse
672 1059 721 1161 in
755 1058 823 1161 his
864 1062 1169 1198 praestandam
1215 1061 1380 1168 fidem:
1432 1106 1522 1210 qua
1567 1071 1617 1175 in

152 1246 237 1327 re,
272 1247 328 1308 ne
363 1203 476 1307 forte
512 1205 749 1348 impeditus
783 1203 998 1346 religione
1034 1205 1232 1309 timidius
1269 1244 1450 1351 ageret,
1485 1253 1530 1313 se
1564 1213 1618 1316 il-

155 1350 253 1452 lum
288 1352 601 1482 jurejurando,
637 1350 673 1450 si
709 1349 834 1488 quod
868 1344 982 1450 forte
1015 1353 1178 1454 Carolo
1214 1354 1271 1452 ad
1314 1395 1438 1457 suam
1473 1354 1616 1460 fidem

153 1493 514 1640 adstringendum
549 1491 764 1612 dedisset,
800 1495 1054 1596 auctoritate
1101 1497 1359 1639 Apostolica
1403 1497 1615 1611 liberare3

154 1639 345 1780 proinde
360 1716 375 1759 ‚
410 1637 537 1781 quasi
573 1639 617 1739 re
653 1637 821 1782 integra
855 1637 976 1740 nullo
1012 1643 1328 1774 jurejurando,
1370 1642 1488 1743 nulla
1528 1643 1629 1746 fide

152 1785 282 1903 dara,
317 1777 492 1886 fortiter
534 1784 590 1883 de
631 1782 715 1884 suis
759 1780 885 1884 rebus
927 1817 1163 1885 statueret.
1208 1787 1355 1887 Multa
1397 1823 1615 1927 praeterea

151 1925 202 2026 in
238 1925 350 2029 hanc
363 2004 378 2047 ‚
413 1964 463 2026 ut
499 1927 722 2068 gentium,
757 1926 817 2025 sic
852 1926 1023 2027 Divino
1059 1929 1145 2057 juri
1181 1930 1408 2032 adversam
1444 1969 1612 2033 senten-
1713 1931 1716 1938 ¹

153 2067 265 2172 tiam
300 2069 519 2170 mandatis
557 2105 634 2209 per
676 2066 904 2209 epistolam
947 2068 1102 2187 addit,
1150 2073 1302 2172 omnia
1344 2087 1662 2212 persecutus?

151 2209 315 2350 quibus
356 2211 429 2312 ille
469 2213 524 2312 ad
568 2210 887 2353 negligendum
928 2219 995 2346 jus
1037 2212 1240 2353 gentium
1284 2210 1612 2360 fallendamque

151 2353 289 2456 fidem
326 2353 507 2495 perduci
543 2392 666 2493 posse
702 2353 952 2454 videretur.
1751 2357 1753 2362 ’

244 2507 367 2600 XXI·
462 2497 645 2598 Tfflbuss
680 2496 861 2597 monitis
896 2510 1029 2616 Rex,
1064 2495 1136 2598 cui
1171 2499 1324 2604 cedere
1359 2502 1613 2644 Burgundio
1665 2563 1667 2566 ·
1844 2511 1845 2515 '

152 2635 284 2740 instar
320 2640 476 2741 mortis
511 2639 778 2756 videbatur,
812 2639 1125 2762 confirmatus,
1161 2680 1203 2744 se
1219 2687 1221 2692 ·
1238 2682 1346 2744 vero
1387 2648 1612 2787 respondit

151 2819 237 2923 pro
274 2818 392 2884 tanta
427 2783 475 2882 in
511 2825 555 2884 se
596 2779 946 2903 benevolentia,
986 2819 1031 2884 et
1072 2781 1343 2887 humanitate
1383 2788 1612 2930 ingentem
1709 2811 1727 2848 ‘

153 2925 341 3066 gratiam
369 2925 577 3027 Pontifici
601 2928 838 3048 Maximo,
874 2967 924 3027 ac
960 2928 1202 3028 Foederatis
1237 2927 1427 3050 habere,
1463 2968 1507 3031 et
1543 2973 1611 3032 eo·

154 3106 259 3168 rum
292 3069 499 3191 consilia,
531 3070 788 3198 justitiaene
814 3069 1069 3211 prudentiae
1104 3072 1256 3211 plena,
1285 3074 1340 3174 de
1376 3115 1503 3176 causa
1538 3114 1611 3216 pu·

155 3213 297 3316 blicat
334 3210 543 3316 libertatis
583 3215 856 3356 suscipienda
894 3215 1029 3315 etiam
1063 3251 1197 3357 atque
1232 3217 1368 3317 triam
1402 3222 1606 3358 probare.

152 3362 254 3456 Nec
291 3356 410 3456 enim
447 3355 717 3461 tolerandam
752 3399 841 3459 esse
883 3356 1168 3499 superbiam,
1211 3395 1254 3461 et
1295 3363 1610 3503 arrogantiam,

152 3537 290 3640 quam
326 3500 412 3601 sibi
445 3500 631 3603 Carolus
666 3544 718 3603 ex
754 3503 969 3644 superiore
1004 3501 1222 3625 victoria,
1259 3544 1348 3645 qua
1382 3504 1475 3647 ipse
1509 3498 1608 3603 for-

152 3676 283 3781 tunae
317 3643 548 3788 iniquitate
583 3641 732 3746 fuisset
767 3683 989 3788 superatus
1003 3724 1018 3767 ,
1053 3648 1305 3770 sumsisset,
1340 3649 1420 3788 qui
1455 3689 1499 3748 se
1534 3646 1608 3748 in·

152 3787 300 3892 vitum
336 3788 384 3890 in
419 3825 511 3889 tam
548 3791 700 3933 iniqua
735 3827 863 3924 pacta
898 3791 1206 3935 compulisset,
1232 3828 1283 3894 ur
1317 3789 1428 3893 nihil
1464 3790 1608 3914 aliud,

151 3969 292 4066 quarn
329 3934 607 4039 occasionem
641 3938 846 4038 etundem
871 3979 913 4040 se
949 3936 1084 4038 totius
1111 3933 1277 4038 Galliae
1311 3935 1503 4076 imperio
1537 3937 1607 4038 de

149 4070 331 4204 jiciendi
367 4115 572 4216 quaerere
607 4081 852 4190 videreturs
889 4121 968 4181 nec
1004 4117 1090 4177 esse
1125 4071 1354 4179 difficilem
1389 4087 1607 4211 conjectu·

150 4253 279 4334 ram,
316 4222 425 4356 quid
461 4221 508 4322 in
543 4259 708 4336 ceteros
743 4224 958 4368 Principes
984 4219 1257 4323 Christianos
1293 4264 1341 4325 ac
1366 4222 1607 4362 Respubli-

152 4399 222 4458 cas
258 4361 524 4471 moliretu13
561 4405 604 4463 se
639 4364 727 4466 hoc
764 4405 851 4464 esse
886 4366 1072 4485 anim0,
1108 4405 1362 4510 semperque
1395 4359 1519 4490 fore,
1555 4403 1607 4471 ut
1706 4390 1709 4398 ’

152 4503 199 4604 in
242 4503 543 4644 propulsandis
585 4508 882 4611 violentorum
925 4511 1095 4644 injuriis
1137 4549 1216 4611 nec
1258 4511 1342 4613 sibi
1373 4503 1606 4614 ¹defuturus

155 4649 245 4769 sit,
282 4687 362 4748 nee
397 4650 573 4759 amicis,
607 4693 775 4794 quare,
812 4695 925 4795 quae
961 4652 1162 4759 Albernrs
1199 4654 1329 4776 Pius,
1365 4696 1462 4756 suus
1496 4659 1605 4799 lega·

151 4821 255 4912 tus,
290 4792 357 4896 vir
393 4795 612 4934 prudens,
647 4835 697 4898 ac
738 4796 852 4900 boni
893 4794 1059 4940 publici
1099 4797 1347 4919 studiosus,
1381 4839 1493 4920 suu,
1536 4797 1607 4897 vel

1102 4947 1172 5044 Aa
1193 4983 1219 5043 a
1511 4979 1608 5042 ma-
