<?xml version="1.0" encoding="UTF-8"?>
<!DOCTYPE html PUBLIC "-//W3C//DTD XHTML 1.0 Transitional//EN"
    "http://www.w3.org/TR/xhtml1/DTD/xhtml1-transitional.dtd">
<html xmlns="http://www.w3.org/1999/xhtml" xml:lang="en" lang="en">
 <head>
  <title>
</title>
<meta http-equiv="Content-Type" content="text/html;charset=utf-8" />
  <meta name='ocr-system' content='tesseract 3.04.00' />
  <meta name='ocr-capabilities' content='ocr_page ocr_carea ocr_par ocr_line ocrx_word'/>
</head>
<body>
  <div class='ocr_page' id='page_1' title='image "./joannisgenesiis02sepgoog_0138.png"; bbox 0 0 4284 5982; ppageno 0'>
   <div class='ocr_carea' id='block_1_1' title="bbox 544 397 663 466">
    <p class='ocr_par' dir='ltr' id='par_1_1' title="bbox 544 397 663 466">
     <span class='ocr_line' id='line_1_1' title="bbox 544 397 663 466; baseline 0 0"><span class='ocrx_word' id='word_1_1' title='bbox 544 397 663 466; x_wconf 68' lang='lat' dir='ltr'>CXX.¹</span> 
     </span>
    </p>
   </div>
   <div class='ocr_carea' id='block_1_2' title="bbox 520 515 774 608">
    <p class='ocr_par' dir='ltr' id='par_1_2' title="bbox 520 515 774 608">
     <span class='ocr_line' id='line_1_2' title="bbox 520 515 774 608; baseline -0.012 -28"><span class='ocrx_word' id='word_1_2' title='bbox 520 520 531 608; x_wconf 54' lang='grc' dir='ltr'>ἰ</span> <span class='ocrx_word' id='word_1_3' title='bbox 541 518 662 582; x_wconf 71' lang='lat' dir='ltr'>..Eum</span> <span class='ocrx_word' id='word_1_4' title='bbox 677 515 774 585; x_wconf 66' lang='lat' dir='ltr'>pss·</span> 
     </span>
    </p>
   </div>
   <div class='ocr_carea' id='block_1_3' title="bbox 974 371 1591 483">
    <p class='ocr_par' dir='ltr' id='par_1_3' title="bbox 974 371 1591 483">
     <span class='ocr_line' id='line_1_3' title="bbox 974 371 1591 483; baseline 0.029 -30"><span class='ocrx_word' id='word_1_5' title='bbox 974 385 1539 483; x_wconf 15' lang='lat' dir='ltr'>.Jo.ssouu.·suruw.„z.</span> <span class='ocrx_word' id='word_1_6' title='bbox 1587 371 1591 378; x_wconf 82' lang='grc'><strong>’</strong></span> 
     </span>
    </p>
   </div>
   <div class='ocr_carea' id='block_1_4' title="bbox 864 522 1962 705">
    <p class='ocr_par' dir='ltr' id='par_1_4' title="bbox 864 522 1962 705">
     <span class='ocr_line' id='line_1_4' title="bbox 1718 522 1962 600; baseline -0.016 -2"><span class='ocrx_word' id='word_1_7' title='bbox 1718 522 1962 600; x_wconf 64' lang='lat' dir='ltr'>usinallum.</span> 
     </span>
     <span class='ocr_line' id='line_1_5' title="bbox 864 605 1686 705; baseline 0.011 -27"><span class='ocrx_word' id='word_1_8' title='bbox 864 605 1032 705; x_wconf 83' lang='lat' dir='ltr'>publicam</span> <span class='ocrx_word' id='word_1_9' title='bbox 1049 607 1170 681; x_wconf 88' lang='lat' dir='ltr'>habere</span> <span class='ocrx_word' id='word_1_10' title='bbox 1184 611 1348 704; x_wconf 84' lang='lat' dir='ltr'>quaestui,</span> <span class='ocrx_word' id='word_1_11' title='bbox 1366 609 1521 682; x_wconf 83' lang='lat' dir='ltr'>credibile</span> <span class='ocrx_word' id='word_1_12' title='bbox 1531 628 1579 685; x_wconf 83' lang='lat' dir='ltr'>est</span> <span class='ocrx_word' id='word_1_13' title='bbox 1596 610 1686 699; x_wconf 88' lang='lat' dir='ltr'>binc,</span> 
     </span>
    </p>
   </div>
   <div class='ocr_carea' id='block_1_5' title="bbox 740 706 1510 796">
    <p class='ocr_par' dir='ltr' id='par_1_5' title="bbox 740 706 1510 796">
     <span class='ocr_line' id='line_1_6' title="bbox 740 706 1510 796; baseline 0.008 -19"><span class='ocrx_word' id='word_1_14' title='bbox 740 765 759 790; x_wconf 58' lang='grc'>,.</span> <span class='ocrx_word' id='word_1_15' title='bbox 865 727 944 778; x_wconf 90' lang='lat' dir='ltr'>cum</span> <span class='ocrx_word' id='word_1_16' title='bbox 961 706 1095 779; x_wconf 87' lang='lat' dir='ltr'>divitiae</span> <span class='ocrx_word' id='word_1_17' title='bbox 1108 728 1213 780; x_wconf 86' lang='lat' dir='ltr'>essent</span> <span class='ocrx_word' id='word_1_18' title='bbox 1228 709 1262 781; x_wconf 91' lang='lat' dir='ltr'>in</span> <span class='ocrx_word' id='word_1_19' title='bbox 1278 709 1430 796; x_wconf 85' lang='lat' dir='ltr'>honore,</span> <span class='ocrx_word' id='word_1_20' title='bbox 1445 716 1510 783; x_wconf 84' lang='lat' dir='ltr'>dte.</span> 
     </span>
    </p>
   </div>
   <div class='ocr_carea' id='block_1_6' title="bbox 710 807 1936 1104">
    <p class='ocr_par' dir='ltr' id='par_1_6' title="bbox 710 807 1936 1104">
     <span class='ocr_line' id='line_1_7' title="bbox 710 807 1936 1006; baseline 0.005 -28.49"><span class='ocrx_word' id='word_1_21' title='bbox 710 807 999 978; x_wconf 55' lang='lat' dir='ltr'>giprtiiirI</span> <span class='ocrx_word' id='word_1_22' title='bbox 999 908 1165 1004; x_wconf 81' lang='lat' dir='ltr'>Opunte,</span> <span class='ocrx_word' id='word_1_23' title='bbox 1197 929 1276 978; x_wconf 91' lang='lat' dir='ltr'>curn</span> <span class='ocrx_word' id='word_1_24' title='bbox 1304 904 1434 978; x_wconf 89' lang='lat' dir='ltr'>minore</span> <span class='ocrx_word' id='word_1_25' title='bbox 1450 926 1562 982; x_wconf 85' lang='lat' dir='ltr'>tamen</span> <span class='ocrx_word' id='word_1_26' title='bbox 1585 928 1684 1006; x_wconf 88' lang='lat' dir='ltr'>pote·</span> <span class='ocrx_word' id='word_1_27' title='bbox 1736 931 1821 1004; x_wconf 87' lang='lat'>242.</span> <span class='ocrx_word' id='word_1_28' title='bbox 1903 933 1936 1001; x_wconf 83' lang='grc' dir='ltr'>ς.</span> 
     </span>
     <span class='ocr_line' id='line_1_8' title="bbox 877 1005 1685 1104; baseline 0.004 -29"><span class='ocrx_word' id='word_1_29' title='bbox 877 1021 961 1075; x_wconf 86' lang='lat' dir='ltr'>state</span> <span class='ocrx_word' id='word_1_30' title='bbox 987 1025 1171 1102; x_wconf 85' lang='lat' dir='ltr'>exparte,</span> <span class='ocrx_word' id='word_1_31' title='bbox 1195 1006 1251 1076; x_wconf 89' lang='lat' dir='ltr'>sed</span> <span class='ocrx_word' id='word_1_32' title='bbox 1275 1005 1318 1076; x_wconf 88' lang='lat' dir='ltr'>de</span> <span class='ocrx_word' id='word_1_33' title='bbox 1340 1029 1467 1102; x_wconf 83' lang='lat' dir='ltr'>regno,</span> <span class='ocrx_word' id='word_1_34' title='bbox 1494 1009 1591 1101; x_wconf 91' lang='lat' dir='ltr'>quod</span> <span class='ocrx_word' id='word_1_35' title='bbox 1614 1011 1685 1104; x_wconf 89' lang='lat' dir='ltr'>ple·</span> 
     </span>
    </p>
   </div>
   <div class='ocr_carea' id='block_1_7' title="bbox 747 1101 1686 1198">
    <p class='ocr_par' dir='ltr' id='par_1_7' title="bbox 747 1101 1686 1198">
     <span class='ocr_line' id='line_1_9' title="bbox 747 1101 1686 1198; baseline 0.006 -28"><span class='ocrx_word' id='word_1_36' title='bbox 747 1160 751 1170; x_wconf 91' lang='lat'>.</span> <span class='ocrx_word' id='word_1_37' title='bbox 814 1152 821 1166; x_wconf 83' lang='lat'>.</span> <span class='ocrx_word' id='word_1_38' title='bbox 825 1107 951 1174; x_wconf 88' lang='lat' dir='ltr'>&#39;num</span> <span class='ocrx_word' id='word_1_39' title='bbox 976 1101 1116 1174; x_wconf 89' lang='lat' dir='ltr'>·.dititur</span> <span class='ocrx_word' id='word_1_40' title='bbox 1149 1107 1229 1176; x_wconf 87' lang='lat' dir='ltr'>Hoc</span> <span class='ocrx_word' id='word_1_41' title='bbox 1252 1124 1364 1176; x_wconf 83' lang='lat' dir='ltr'>autem</span> <span class='ocrx_word' id='word_1_42' title='bbox 1379 1123 1427 1174; x_wconf 89' lang='lat' dir='ltr'>est</span> <span class='ocrx_word' id='word_1_43' title='bbox 1442 1127 1514 1198; x_wconf 92' lang='lat' dir='ltr'>quo</span> <span class='ocrx_word' id='word_1_44' title='bbox 1538 1130 1596 1178; x_wconf 90' lang='lat' dir='ltr'>sua</span> <span class='ocrx_word' id='word_1_45' title='bbox 1620 1129 1686 1176; x_wconf 84' lang='lat' dir='ltr'>vo-</span> 
     </span>
    </p>
   </div>
   <div class='ocr_carea' id='block_1_8' title="bbox 867 1200 1834 1789">
    <p class='ocr_par' dir='ltr' id='par_1_8' title="bbox 867 1200 1834 1789">
     <span class='ocr_line' id='line_1_10' title="bbox 870 1200 1690 1317; baseline 0.002 -43"><span class='ocrx_word' id='word_1_46' title='bbox 870 1203 1000 1274; x_wconf 88' lang='lat' dir='ltr'>luntate</span> <span class='ocrx_word' id='word_1_47' title='bbox 1015 1219 1137 1273; x_wconf 90' lang='lat' dir='ltr'>cuncta</span> <span class='ocrx_word' id='word_1_48' title='bbox 1159 1208 1234 1274; x_wconf 85' lang='lat' dir='ltr'>Rex</span> <span class='ocrx_word' id='word_1_49' title='bbox 1248 1200 1460 1288; x_wconf 86' lang='lat' dir='ltr'>moderatur,</span> <span class='ocrx_word' id='word_1_50' title='bbox 1473 1203 1690 1317; x_wconf 84' lang='lat' dir='ltr'>quibusdam</span> 
     </span>
     <span class='ocr_line' id='line_1_11' title="bbox 873 1299 1685 1414; baseline 0.006 -46"><span class='ocrx_word' id='word_1_51' title='bbox 873 1318 913 1368; x_wconf 89' lang='lat' dir='ltr'>ut</span> <span class='ocrx_word' id='word_1_52' title='bbox 943 1317 1027 1370; x_wconf 90' lang='lat' dir='ltr'>unus</span> <span class='ocrx_word' id='word_1_53' title='bbox 1059 1299 1283 1414; x_wconf 85' lang='lat' dir='ltr'>principatum</span> <span class='ocrx_word' id='word_1_54' title='bbox 1312 1320 1443 1384; x_wconf 87' lang='lat' dir='ltr'>teneat,</span> <span class='ocrx_word' id='word_1_55' title='bbox 1471 1301 1506 1374; x_wconf 90' lang='lat' dir='ltr'>in</span> <span class='ocrx_word' id='word_1_56' title='bbox 1528 1303 1615 1376; x_wconf 88' lang='lat' dir='ltr'>cives</span> <span class='ocrx_word' id='word_1_57' title='bbox 1642 1327 1685 1373; x_wconf 91' lang='lat' dir='ltr'>o·</span> 
     </span>
     <span class='ocr_line' id='line_1_12' title="bbox 867 1397 1687 1517; baseline 0 -45"><span class='ocrx_word' id='word_1_58' title='bbox 867 1416 980 1472; x_wconf 84' lang='lat' dir='ltr'>mnes.</span> <span class='ocrx_word' id='word_1_59' title='bbox 993 1398 1095 1467; x_wconf 93' lang='lat' dir='ltr'>ubi</span> <span class='ocrx_word' id='word_1_60' title='bbox 1067 1399 1181 1470; x_wconf 84' lang='lat' dir='ltr'>crvitas</span> <span class='ocrx_word' id='word_1_61' title='bbox 1193 1423 1233 1470; x_wconf 83' lang='lat' dir='ltr'>cx</span> <span class='ocrx_word' id='word_1_62' title='bbox 1249 1397 1408 1472; x_wconf 86' lang='lat' dir='ltr'>similibus</span> <span class='ocrx_word' id='word_1_63' title='bbox 1421 1399 1579 1482; x_wconf 81' lang='lat' dir='ltr'>consistit,</span> <span class='ocrx_word' id='word_1_64' title='bbox 1592 1421 1687 1517; x_wconf 86' lang='lat' dir='ltr'>prae·</span> 
     </span>
     <span class='ocr_line' id='line_1_13' title="bbox 870 1497 1834 1582; baseline 0.003 -16"><span class='ocrx_word' id='word_1_65' title='bbox 870 1515 922 1566; x_wconf 88' lang='lat' dir='ltr'>ter</span> <span class='ocrx_word' id='word_1_66' title='bbox 938 1515 1090 1568; x_wconf 91' lang='lat' dir='ltr'>naturam</span> <span class='ocrx_word' id='word_1_67' title='bbox 1108 1518 1174 1570; x_wconf 87' lang='lat' dir='ltr'>esse</span> <span class='ocrx_word' id='word_1_68' title='bbox 1190 1497 1333 1567; x_wconf 80' lang='lat' dir='ltr'>videtur</span> <span class='ocrx_word' id='word_1_69' title='bbox 1360 1509 1424 1568; x_wconf 75' lang='lat' dir='ltr'>Em</span> <span class='ocrx_word' id='word_1_70' title='bbox 1439 1503 1529 1570; x_wconf 84' lang='lat' dir='ltr'>Cum</span> <span class='ocrx_word' id='word_1_71' title='bbox 1554 1501 1684 1571; x_wconf 86' lang='lat' dir='ltr'>minore</span> <span class='ocrx_word' id='word_1_72' title='bbox 1828 1571 1834 1582; x_wconf 72' lang='grc'>,</span> 
     </span>
     <span class='ocr_line' id='line_1_14' title="bbox 872 1595 1816 1696; baseline 0.005 -31"><span class='ocrx_word' id='word_1_73' title='bbox 872 1613 985 1665; x_wconf 85' lang='lat' dir='ltr'>tamen</span> <span class='ocrx_word' id='word_1_74' title='bbox 1013 1613 1175 1688; x_wconf 84' lang='lat' dir='ltr'>potestate</span> <span class='ocrx_word' id='word_1_75' title='bbox 1201 1617 1242 1666; x_wconf 84' lang='lat' dir='ltr'>cx</span> <span class='ocrx_word' id='word_1_76' title='bbox 1269 1614 1373 1693; x_wconf 86' lang='lat' dir='ltr'>parte.</span> <span class='ocrx_word' id='word_1_77' title='bbox 1403 1595 1466 1666; x_wconf 87' lang='lat' dir='ltr'>Sed</span> <span class='ocrx_word' id='word_1_78' title='bbox 1493 1597 1535 1668; x_wconf 89' lang='lat' dir='ltr'>de</span> <span class='ocrx_word' id='word_1_79' title='bbox 1564 1621 1691 1696; x_wconf 83' lang='lat' dir='ltr'>regno,</span> <span class='ocrx_word' id='word_1_80' title='bbox 1812 1660 1816 1670; x_wconf 90' lang='lat'>.</span> 
     </span>
     <span class='ocr_line' id='line_1_15' title="bbox 872 1691 1683 1789; baseline 0 -26"><span class='ocrx_word' id='word_1_81' title='bbox 872 1693 967 1786; x_wconf 89' lang='lat' dir='ltr'>quod</span> <span class='ocrx_word' id='word_1_82' title='bbox 986 1697 1121 1787; x_wconf 86' lang='lat' dir='ltr'>plenum</span> <span class='ocrx_word' id='word_1_83' title='bbox 1147 1691 1296 1778; x_wconf 84' lang='lat' dir='ltr'>dicitur,</span> <span class='ocrx_word' id='word_1_84' title='bbox 1321 1694 1533 1782; x_wconf 77' lang='lat' dir='ltr'>&lt;necantem</span> <span class='ocrx_word' id='word_1_85' title='bbox 1549 1715 1594 1768; x_wconf 87' lang='lat' dir='ltr'>est</span> <span class='ocrx_word' id='word_1_86' title='bbox 1612 1719 1683 1789; x_wconf 91' lang='lat' dir='ltr'>quo</span> 
     </span>
    </p>
   </div>
   <div class='ocr_carea' id='block_1_9' title="bbox 699 1791 1690 1906">
    <p class='ocr_par' dir='ltr' id='par_1_9' title="bbox 699 1791 1690 1906">
     <span class='ocr_line' id='line_1_16' title="bbox 699 1791 1690 1906; baseline 0.005 -47"><span class='ocrx_word' id='word_1_87' title='bbox 699 1793 703 1802; x_wconf 87' lang='lat'>&#39;</span> <span class='ocrx_word' id='word_1_88' title='bbox 748 1795 750 1799; x_wconf 80' lang='grc'>’</span> <span class='ocrx_word' id='word_1_89' title='bbox 869 1815 927 1860; x_wconf 88' lang='lat' dir='ltr'>sua</span> <span class='ocrx_word' id='word_1_90' title='bbox 942 1795 1114 1862; x_wconf 88' lang='lat' dir='ltr'>voluntate</span> <span class='ocrx_word' id='word_1_91' title='bbox 1130 1811 1253 1863; x_wconf 89' lang='lat' dir='ltr'>cuncta</span> <span class='ocrx_word' id='word_1_92' title='bbox 1266 1797 1345 1868; x_wconf 87' lang='lat' dir='ltr'>Rex</span> <span class='ocrx_word' id='word_1_93' title='bbox 1359 1791 1690 1906; x_wconf 83' lang='lat' dir='ltr'>moderatur,)qui-</span> 
     </span>
    </p>
   </div>
   <div class='ocr_carea' id='block_1_10' title="bbox 817 1888 1979 3666">
    <p class='ocr_par' dir='ltr' id='par_1_10' title="bbox 818 1888 1979 3666">
     <span class='ocr_line' id='line_1_17' title="bbox 870 1888 1757 2004; baseline 0.003 -46"><span class='ocrx_word' id='word_1_94' title='bbox 870 1888 1034 1970; x_wconf 88' lang='lat' dir='ltr'>busdam,</span> <span class='ocrx_word' id='word_1_95' title='bbox 1048 1908 1085 1959; x_wconf 90' lang='lat' dir='ltr'>ut</span> <span class='ocrx_word' id='word_1_96' title='bbox 1102 1913 1187 1959; x_wconf 88' lang='lat' dir='ltr'>unus</span> <span class='ocrx_word' id='word_1_97' title='bbox 1202 1891 1426 2004; x_wconf 81' lang='lat' dir='ltr'>principatum</span> <span class='ocrx_word' id='word_1_98' title='bbox 1444 1912 1555 1963; x_wconf 84' lang='lat' dir='ltr'>teneat</span> <span class='ocrx_word' id='word_1_99' title='bbox 1570 1892 1613 1962; x_wconf 87' lang='lat' dir='ltr'>iu</span> <span class='ocrx_word' id='word_1_100' title='bbox 1631 1890 1684 1964; x_wconf 89' lang='lat' dir='ltr'>ci·</span> <span class='ocrx_word' id='word_1_101' title='bbox 1756 1897 1757 1902; x_wconf 75' lang='grc'>’</span> 
     </span>
     <span class='ocr_line' id='line_1_18' title="bbox 818 1988 1684 2070; baseline 0.008 -15"><span class='ocrx_word' id='word_1_102' title='bbox 818 1989 820 1994; x_wconf 85' lang='grc'><strong>’</strong></span> <span class='ocrx_word' id='word_1_103' title='bbox 872 2009 925 2056; x_wconf 87' lang='lat' dir='ltr'>ves</span> <span class='ocrx_word' id='word_1_104' title='bbox 947 2011 1082 2070; x_wconf 89' lang='lat' dir='ltr'>omnes,</span> <span class='ocrx_word' id='word_1_105' title='bbox 1119 1988 1177 2058; x_wconf 93' lang='lat' dir='ltr'>ubi</span> <span class='ocrx_word' id='word_1_106' title='bbox 1200 1990 1313 2060; x_wconf 85' lang='lat' dir='ltr'>civitas</span> <span class='ocrx_word' id='word_1_107' title='bbox 1345 2011 1385 2060; x_wconf 84' lang='lat' dir='ltr'>ex</span> <span class='ocrx_word' id='word_1_108' title='bbox 1412 1990 1572 2062; x_wconf 84' lang='lat' dir='ltr'>similibus</span> <span class='ocrx_word' id='word_1_109' title='bbox 1599 2014 1684 2062; x_wconf 63' lang='lat' dir='ltr'>con*</span> 
     </span>
     <span class='ocr_line' id='line_1_19' title="bbox 872 2085 1570 2182; baseline 0.006 -28"><span class='ocrx_word' id='word_1_110' title='bbox 872 2085 975 2167; x_wconf 90' lang='lat' dir='ltr'>sistit,</span> <span class='ocrx_word' id='word_1_111' title='bbox 1006 2105 1134 2180; x_wconf 90' lang='lat' dir='ltr'>practer</span> <span class='ocrx_word' id='word_1_112' title='bbox 1160 2107 1313 2157; x_wconf 90' lang='lat' dir='ltr'>naturam</span> <span class='ocrx_word' id='word_1_113' title='bbox 1337 2109 1401 2158; x_wconf 83' lang='lat' dir='ltr'>esse</span> <span class='ocrx_word' id='word_1_114' title='bbox 1428 2087 1570 2182; x_wconf 70' lang='lat' dir='ltr'>videtur.</span> 
     </span>
     <span class='ocr_line' id='line_1_20' title="bbox 820 2183 1979 2281; baseline 0.003 -28"><span class='ocrx_word' id='word_1_115' title='bbox 820 2185 1050 2254; x_wconf 87' lang='lat' dir='ltr'>Pernitiosum.</span> <span class='ocrx_word' id='word_1_116' title='bbox 1066 2187 1182 2255; x_wconf 79' lang='lat' dir='ltr'>Emctd·</span> <span class='ocrx_word' id='word_1_117' title='bbox 1200 2185 1436 2258; x_wconf 84' lang='lat' dir='ltr'>Perniciosum.</span> <span class='ocrx_word' id='word_1_118' title='bbox 1723 2183 1806 2256; x_wconf 86' lang='lat' dir='ltr'>ibid.</span> <span class='ocrx_word' id='word_1_119' title='bbox 1838 2187 1979 2281; x_wconf 85' lang='lat' dir='ltr'>13.Em.</span> 
     </span>
     <span class='ocr_line' id='line_1_21' title="bbox 821 2281 1929 2380; baseline 0.004 -28"><span class='ocrx_word' id='word_1_120' title='bbox 821 2285 884 2352; x_wconf 90' lang='lat' dir='ltr'>Ast</span> <span class='ocrx_word' id='word_1_121' title='bbox 906 2281 975 2352; x_wconf 92' lang='lat' dir='ltr'>duo</span> <span class='ocrx_word' id='word_1_122' title='bbox 1002 2283 1176 2380; x_wconf 85' lang='lat' dir='ltr'>congressi</span> <span class='ocrx_word' id='word_1_123' title='bbox 1201 2288 1319 2358; x_wconf 80' lang='lat' dir='ltr'>Emend.</span> <span class='ocrx_word' id='word_1_124' title='bbox 1343 2290 1406 2356; x_wconf 87' lang='lat' dir='ltr'>Ast</span> <span class='ocrx_word' id='word_1_125' title='bbox 1428 2283 1498 2356; x_wconf 86' lang='lat' dir='ltr'>dno</span> <span class='ocrx_word' id='word_1_126' title='bbox 1513 2285 1539 2356; x_wconf 88' lang='lat' dir='ltr'>si</span> <span class='ocrx_word' id='word_1_127' title='bbox 1558 2283 1682 2358; x_wconf 85' lang='lat' dir='ltr'>vadant</span> <span class='ocrx_word' id='word_1_128' title='bbox 1734 2305 1816 2376; x_wconf 89' lang='lat'>244·</span> <span class='ocrx_word' id='word_1_129' title='bbox 1875 2306 1929 2377; x_wconf 88' lang='lat'>14.</span> 
     </span>
     <span class='ocr_line' id='line_1_22' title="bbox 817 2382 978 2451; baseline -0.011 -0.436"><span class='ocrx_word' id='word_1_130' title='bbox 817 2382 978 2451; x_wconf 89' lang='lat' dir='ltr'>simul.</span> 
     </span>
     <span class='ocr_line' id='line_1_23' title="bbox 818 2451 1930 2596; baseline 0.003 -44"><span class='ocrx_word' id='word_1_131' title='bbox 818 2480 878 2552; x_wconf 80' lang='lat' dir='ltr'>nb</span> <span class='ocrx_word' id='word_1_132' title='bbox 899 2480 947 2550; x_wconf 85' lang='lat' dir='ltr'>bis</span> <span class='ocrx_word' id='word_1_133' title='bbox 971 2483 1031 2593; x_wconf 90' lang='lat' dir='ltr'>qui</span> <span class='ocrx_word' id='word_1_134' title='bbox 1053 2481 1175 2552; x_wconf 90' lang='lat' dir='ltr'>virtute</span> <span class='ocrx_word' id='word_1_135' title='bbox 1197 2485 1387 2566; x_wconf 84' lang='lat' dir='ltr'>excellunt,</span> <span class='ocrx_word' id='word_1_136' title='bbox 1413 2451 1615 2596; x_wconf 83' lang='lat' dir='ltr'>gubernari:</span> <span class='ocrx_word' id='word_1_137' title='bbox 1606 2481 1682 2554; x_wconf 86' lang='lat' dir='ltr'>·ad</span> <span class='ocrx_word' id='word_1_138' title='bbox 1732 2502 1816 2572; x_wconf 85' lang='lat'>245.</span> <span class='ocrx_word' id='word_1_139' title='bbox 1873 2480 1930 2575; x_wconf 82' lang='lat'>38</span> 
     </span>
     <span class='ocr_line' id='line_1_24' title="bbox 869 2579 1679 2692; baseline 0.005 -45"><span class='ocrx_word' id='word_1_140' title='bbox 869 2579 1044 2692; x_wconf 79' lang='lat' dir='ltr'>imperium</span> <span class='ocrx_word' id='word_1_141' title='bbox 1081 2580 1177 2651; x_wconf 85' lang='lat' dir='ltr'>civile</span> <span class='ocrx_word' id='word_1_142' title='bbox 1207 2579 1391 2652; x_wconf 86' lang='lat' dir='ltr'>multitudo</span> <span class='ocrx_word' id='word_1_143' title='bbox 1422 2583 1520 2678; x_wconf 88' lang='lat' dir='ltr'>Reip.</span> <span class='ocrx_word' id='word_1_144' title='bbox 1555 2603 1679 2653; x_wconf 90' lang='lat' dir='ltr'>conve-</span> 
     </span>
     <span class='ocr_line' id='line_1_25' title="bbox 875 2677 1684 2773; baseline 0.005 -27"><span class='ocrx_word' id='word_1_145' title='bbox 875 2677 965 2748; x_wconf 88' lang='lat' dir='ltr'>niens</span> <span class='ocrx_word' id='word_1_146' title='bbox 993 2695 1067 2761; x_wconf 89' lang='lat' dir='ltr'>est,</span> <span class='ocrx_word' id='word_1_147' title='bbox 1093 2679 1126 2746; x_wconf 90' lang='lat' dir='ltr'>in</span> <span class='ocrx_word' id='word_1_148' title='bbox 1151 2703 1218 2772; x_wconf 88' lang='lat' dir='ltr'>qua</span> <span class='ocrx_word' id='word_1_149' title='bbox 1238 2687 1302 2750; x_wconf 71' lang='lat' dir='ltr'>&amp;o</span> <span class='ocrx_word' id='word_1_150' title='bbox 1319 2684 1436 2750; x_wconf 81' lang='lat' dir='ltr'>Emend.</span> <span class='ocrx_word' id='word_1_151' title='bbox 1452 2682 1510 2751; x_wconf 87' lang='lat' dir='ltr'>Ab</span> <span class='ocrx_word' id='word_1_152' title='bbox 1531 2681 1604 2764; x_wconf 84' lang='lat' dir='ltr'>his,</span> <span class='ocrx_word' id='word_1_153' title='bbox 1623 2679 1684 2773; x_wconf 90' lang='lat' dir='ltr'>qui</span> 
     </span>
     <span class='ocr_line' id='line_1_26' title="bbox 869 2776 1790 2874; baseline 0.004 -28"><span class='ocrx_word' id='word_1_154' title='bbox 869 2776 991 2846; x_wconf 86' lang='lat' dir='ltr'>virtute</span> <span class='ocrx_word' id='word_1_155' title='bbox 1011 2778 1203 2861; x_wconf 88' lang='lat' dir='ltr'>excellunt,</span> <span class='ocrx_word' id='word_1_156' title='bbox 1228 2779 1307 2850; x_wconf 89' lang='lat' dir='ltr'>ad</span> <span class='ocrx_word' id='word_1_157' title='bbox 1297 2779 1473 2872; x_wconf 78' lang='lat' dir='ltr'>imperium</span> <span class='ocrx_word' id='word_1_158' title='bbox 1500 2777 1595 2850; x_wconf 86' lang='lat' dir='ltr'>civile</span> <span class='ocrx_word' id='word_1_159' title='bbox 1617 2802 1682 2874; x_wconf 86' lang='lat' dir='ltr'>gu·</span> <span class='ocrx_word' id='word_1_160' title='bbox 1787 2843 1790 2850; x_wconf 29' lang='grc' dir='ltr'>ι</span> 
     </span>
     <span class='ocr_line' id='line_1_27' title="bbox 872 2827 1682 2974; baseline 0.002 -30"><span class='ocrx_word' id='word_1_161' title='bbox 872 2875 1012 2944; x_wconf 87' lang='lat' dir='ltr'>bernari.</span> <span class='ocrx_word' id='word_1_162' title='bbox 1036 2827 1226 2946; x_wconf 84' lang='lat' dir='ltr'>Multitudo</span> <span class='ocrx_word' id='word_1_163' title='bbox 1247 2877 1466 2974; x_wconf 88' lang='lat' dir='ltr'>Reipublicae</span> <span class='ocrx_word' id='word_1_164' title='bbox 1486 2879 1682 2952; x_wconf 87' lang='lat' dir='ltr'>conveniens</span> 
     </span>
     <span class='ocr_line' id='line_1_28' title="bbox 870 2971 1282 3065; baseline 0.01 -23"><span class='ocrx_word' id='word_1_165' title='bbox 870 2991 944 3058; x_wconf 88' lang='lat' dir='ltr'>est,</span> <span class='ocrx_word' id='word_1_166' title='bbox 977 2971 1012 3042; x_wconf 90' lang='lat' dir='ltr'>in</span> <span class='ocrx_word' id='word_1_167' title='bbox 1036 2997 1102 3065; x_wconf 89' lang='lat' dir='ltr'>qua</span> <span class='ocrx_word' id='word_1_168' title='bbox 1119 2981 1184 3046; x_wconf 84' lang='lat' dir='ltr'>&amp;c</span> <span class='ocrx_word' id='word_1_169' title='bbox 1279 3045 1282 3052; x_wconf 78' lang='grc'>,</span> 
     </span>
     <span class='ocr_line' id='line_1_29' title="bbox 818 3072 1941 3189; baseline -0.001 -44"><span class='ocrx_word' id='word_1_170' title='bbox 818 3075 946 3145; x_wconf 84' lang='lat' dir='ltr'>Natura</span> <span class='ocrx_word' id='word_1_171' title='bbox 960 3121 972 3155; x_wconf 89' lang='lat'>,</span> <span class='ocrx_word' id='word_1_172' title='bbox 987 3095 1072 3164; x_wconf 87' lang='lat' dir='ltr'>quac</span> <span class='ocrx_word' id='word_1_173' title='bbox 1091 3091 1217 3167; x_wconf 90' lang='lat' dir='ltr'>partem</span> <span class='ocrx_word' id='word_1_174' title='bbox 1243 3074 1307 3144; x_wconf 89' lang='lat' dir='ltr'>toti</span> <span class='ocrx_word' id='word_1_175' title='bbox 1330 3072 1483 3189; x_wconf 87' lang='lat' dir='ltr'>praeferri</span> <span class='ocrx_word' id='word_1_176' title='bbox 1499 3097 1568 3148; x_wconf 89' lang='lat' dir='ltr'>nou</span> <span class='ocrx_word' id='word_1_177' title='bbox 1588 3072 1676 3144; x_wconf 87' lang='lat' dir='ltr'>sinit.</span> <span class='ocrx_word' id='word_1_178' title='bbox 1728 3076 1811 3165; x_wconf 89' lang='lat'>246.</span> <span class='ocrx_word' id='word_1_179' title='bbox 1869 3095 1941 3166; x_wconf 87' lang='lat'>¹7·</span> 
     </span>
     <span class='ocr_line' id='line_1_30' title="bbox 871 3172 1975 3266; baseline 0.007 -26"><span class='ocrx_word' id='word_1_180' title='bbox 871 3175 987 3242; x_wconf 78' lang='lat' dir='ltr'>Enrmd.</span> <span class='ocrx_word' id='word_1_181' title='bbox 1010 3191 1171 3266; x_wconf 87' lang='lat' dir='ltr'>praestare</span> <span class='ocrx_word' id='word_1_182' title='bbox 1194 3197 1261 3244; x_wconf 90' lang='lat' dir='ltr'>non</span> <span class='ocrx_word' id='word_1_183' title='bbox 1282 3172 1370 3243; x_wconf 89' lang='lat' dir='ltr'>sinit.</span> <span class='ocrx_word' id='word_1_184' title='bbox 1828 3211 1832 3222; x_wconf 93' lang='lat'>·</span> <span class='ocrx_word' id='word_1_185' title='bbox 1970 3250 1975 3256; x_wconf 78' lang='grc'><strong>,</strong></span> 
     </span>
     <span class='ocr_line' id='line_1_31' title="bbox 819 3268 1976 3383; baseline -0.002 -43"><span class='ocrx_word' id='word_1_186' title='bbox 819 3272 941 3383; x_wconf 42' lang='lat' dir='ltr'>Quae·</span> <span class='ocrx_word' id='word_1_187' title='bbox 944 3271 995 3339; x_wconf 89' lang='lat' dir='ltr'>vel</span> <span class='ocrx_word' id='word_1_188' title='bbox 1020 3270 1221 3364; x_wconf 88' lang='lat' dir='ltr'>optimatum</span> <span class='ocrx_word' id='word_1_189' title='bbox 1249 3270 1567 3344; x_wconf 85' lang='lat' dir='ltr'>administrationem</span> <span class='ocrx_word' id='word_1_190' title='bbox 1593 3319 1604 3354; x_wconf 93' lang='lat'>,</span> <span class='ocrx_word' id='word_1_191' title='bbox 1629 3268 1681 3339; x_wconf 87' lang='lat' dir='ltr'>vel</span> <span class='ocrx_word' id='word_1_192' title='bbox 1705 3268 1789 3342; x_wconf 88' lang='lat' dir='ltr'>ibid.</span> <span class='ocrx_word' id='word_1_193' title='bbox 1837 3272 1893 3365; x_wconf 80' lang='lat'>36.</span> <span class='ocrx_word' id='word_1_194' title='bbox 1901 3271 1976 3354; x_wconf 77' lang='lat' dir='ltr'>Em·</span> 
     </span>
     <span class='ocr_line' id='line_1_32' title="bbox 873 3366 1683 3466; baseline -0.001 -27"><span class='ocrx_word' id='word_1_195' title='bbox 873 3366 965 3464; x_wconf 82' lang='lat' dir='ltr'>regio</span> <span class='ocrx_word' id='word_1_196' title='bbox 984 3368 1122 3463; x_wconf 86' lang='lat' dir='ltr'>imperio</span> <span class='ocrx_word' id='word_1_197' title='bbox 1148 3369 1364 3466; x_wconf 84' lang='lat' dir='ltr'>gubernetur.</span> <span class='ocrx_word' id='word_1_198' title='bbox 1387 3371 1505 3442; x_wconf 79' lang='lat' dir='ltr'>limttd.</span> <span class='ocrx_word' id='word_1_199' title='bbox 1525 3367 1683 3442; x_wconf 85' lang='lat' dir='ltr'>Admini-</span> 
     </span>
     <span class='ocr_line' id='line_1_33' title="bbox 871 3465 1039 3537; baseline -0.012 -1"><span class='ocrx_word' id='word_1_200' title='bbox 871 3465 1039 3537; x_wconf 87' lang='lat' dir='ltr'>stratione.</span> 
     </span>
     <span class='ocr_line' id='line_1_34' title="bbox 1066 3564 1437 3666; baseline 0 -34"><span class='ocrx_word' id='word_1_201' title='bbox 1066 3564 1126 3635; x_wconf 91' lang='lat' dir='ltr'>IN</span> <span class='ocrx_word' id='word_1_202' title='bbox 1157 3567 1337 3666; x_wconf 75' lang='lat' dir='ltr'>Ltssuo</span> <span class='ocrx_word' id='word_1_203' title='bbox 1368 3565 1437 3636; x_wconf 91' lang='lat' dir='ltr'>IV.</span> 
     </span>
    </p>
   </div>
   <div class='ocr_carea' id='block_1_11' title="bbox 1940 2849 1946 2880">
    <p class='ocr_par' dir='ltr' id='par_1_11' title="bbox 1940 2849 1946 2880">
     <span class='ocr_line' id='line_1_35' title="bbox 1940 2849 1946 2880; baseline 0 0"><span class='ocrx_word' id='word_1_204' title='bbox 1940 2849 1946 2880; x_wconf 75' lang='lat' dir='ltr'>l</span> 
     </span>
    </p>
   </div>
   <div class='ocr_carea' id='block_1_12' title="bbox 823 3663 958 3758">
    <p class='ocr_par' dir='ltr' id='par_1_12' title="bbox 541 3663 958 3758">
     <span class='ocr_line' id='line_1_36' title="bbox 823 3663 958 3758; baseline -0.002 -25.7"><span class='ocrx_word' id='word_1_205' title='bbox 823 3663 958 3758; x_wconf 81' lang='lat' dir='ltr'>Capi</span> 
     </span>
    </p>
   </div>
   <div class='ocr_carea' id='block_1_13' title="bbox 736 3759 1975 5138">
    <p class='ocr_par' dir='ltr' id='par_1_13' title="bbox 821 3759 1975 5138">
     <span class='ocr_line' id='line_1_37' title="bbox 822 3759 1975 3851; baseline -0.003 -21"><span class='ocrx_word' id='word_1_206' title='bbox 822 3760 1026 3832; x_wconf 87' lang='lat' dir='ltr'>Divitissime</span> <span class='ocrx_word' id='word_1_207' title='bbox 1048 3763 1243 3832; x_wconf 80' lang='lat' dir='ltr'>conseruari.</span> <span class='ocrx_word' id='word_1_208' title='bbox 1259 3761 1376 3832; x_wconf 75' lang='lat' dir='ltr'>Emend.</span> <span class='ocrx_word' id='word_1_209' title='bbox 1396 3759 1590 3834; x_wconf 88' lang='lat' dir='ltr'>diutissime.</span> <span class='ocrx_word' id='word_1_210' title='bbox 1712 3783 1812 3851; x_wconf 81' lang='lat'>252.</span> <span class='ocrx_word' id='word_1_211' title='bbox 1847 3784 1883 3832; x_wconf 88' lang='lat'>2</span> <span class='ocrx_word' id='word_1_212' title='bbox 1896 3762 1975 3832; x_wconf 88' lang='lat' dir='ltr'>Em.</span> 
     </span>
     <span class='ocr_line' id='line_1_38' title="bbox 823 3857 1972 4002; baseline 0 -72"><span class='ocrx_word' id='word_1_213' title='bbox 823 3859 912 3930; x_wconf 87' lang='lat' dir='ltr'>Nam</span> <span class='ocrx_word' id='word_1_214' title='bbox 940 3860 1099 3954; x_wconf 86' lang='lat' dir='ltr'>plerisque</span> <span class='ocrx_word' id='word_1_215' title='bbox 1120 3883 1250 3932; x_wconf 91' lang='lat' dir='ltr'>eorum.</span> <span class='ocrx_word' id='word_1_216' title='bbox 1272 3861 1389 3931; x_wconf 78' lang='lat' dir='ltr'>Emcnd</span> <span class='ocrx_word' id='word_1_217' title='bbox 1413 3862 1501 3931; x_wconf 86' lang='lat' dir='ltr'>Nam</span> <span class='ocrx_word' id='word_1_218' title='bbox 1533 3860 1681 4002; x_wconf 82' lang='lat' dir='ltr'>plerique</span> <span class='ocrx_word' id='word_1_219' title='bbox 1719 3857 1802 3932; x_wconf 87' lang='lat' dir='ltr'>ibid.</span> <span class='ocrx_word' id='word_1_220' title='bbox 1852 3861 1972 3946; x_wconf 82' lang='lat' dir='ltr'>9.·Em</span> 
     </span>
     <span class='ocr_line' id='line_1_39' title="bbox 874 3977 1004 4030; baseline -0.034 -2"><span class='ocrx_word' id='word_1_221' title='bbox 874 3977 1004 4030; x_wconf 89' lang='lat' dir='ltr'>eorum.</span> 
     </span>
     <span class='ocr_line' id='line_1_40' title="bbox 736 4059 977 4222; baseline -0.007 -95.387"><span class='ocrx_word' id='word_1_222' title='bbox 736 4059 910 4222; x_wconf 37' lang='lat' dir='ltr'>&#39;Cap</span> <span class='ocrx_word' id='word_1_223' title='bbox 930 4060 977 4126; x_wconf 90' lang='grc' dir='ltr'>ΙΙ.</span> 
     </span>
     <span class='ocr_line' id='line_1_41' title="bbox 821 4149 1974 4249; baseline -0.003 -25"><span class='ocrx_word' id='word_1_224' title='bbox 821 4155 868 4224; x_wconf 89' lang='lat' dir='ltr'>Et</span> <span class='ocrx_word' id='word_1_225' title='bbox 887 4154 1030 4224; x_wconf 82' lang='lat' dir='ltr'>maxime</span> <span class='ocrx_word' id='word_1_226' title='bbox 1054 4149 1177 4226; x_wconf 73' lang='lat' dir='ltr'>diviua.</span> <span class='ocrx_word' id='word_1_227' title='bbox 1191 4156 1308 4228; x_wconf 81' lang='lat' dir='ltr'>Emend.</span> <span class='ocrx_word' id='word_1_228' title='bbox 1327 4155 1464 4226; x_wconf 78' lang='lat' dir='ltr'>Divina.</span> <span class='ocrx_word' id='word_1_229' title='bbox 1679 4228 1683 4234; x_wconf 75' lang='grc'><em>,</em></span> <span class='ocrx_word' id='word_1_230' title='bbox 1717 4173 1799 4244; x_wconf 81' lang='lat'>255.</span> <span class='ocrx_word' id='word_1_231' title='bbox 1827 4149 1974 4249; x_wconf 80' lang='lat' dir='ltr'>34.Em.</span> 
     </span>
     <span class='ocr_line' id='line_1_42' title="bbox 819 4250 1927 4349; baseline -0.001 -27.997"><span class='ocrx_word' id='word_1_232' title='bbox 819 4250 1010 4347; x_wconf 72' lang='lat' dir='ltr'>Quomodo</span> <span class='ocrx_word' id='word_1_233' title='bbox 1033 4252 1182 4337; x_wconf 85' lang='lat' dir='ltr'>debeat,</span> <span class='ocrx_word' id='word_1_234' title='bbox 1203 4254 1227 4323; x_wconf 92' lang='lat' dir='ltr'>si</span> <span class='ocrx_word' id='word_1_235' title='bbox 1248 4252 1322 4348; x_wconf 88' lang='lat' dir='ltr'>quis</span> <span class='ocrx_word' id='word_1_236' title='bbox 1344 4253 1421 4324; x_wconf 77' lang='lat' dir='ltr'>velit</span> <span class='ocrx_word' id='word_1_237' title='bbox 1445 4255 1502 4324; x_wconf 88' lang='lat' dir='ltr'>bas</span> <span class='ocrx_word' id='word_1_238' title='bbox 1521 4251 1680 4349; x_wconf 86' lang='lat' dir='ltr'>respubli·</span> <span class='ocrx_word' id='word_1_239' title='bbox 1730 4255 1817 4343; x_wconf 80' lang='lat'>256.</span> <span class='ocrx_word' id='word_1_240' title='bbox 1867 4272 1927 4345; x_wconf 80' lang='lat'>30·</span> 
     </span>
     <span class='ocr_line' id='line_1_43' title="bbox 870 4350 1684 4448; baseline 0.002 -28"><span class='ocrx_word' id='word_1_241' title='bbox 870 4373 924 4420; x_wconf 82' lang='lat' dir='ltr'>cas</span> <span class='ocrx_word' id='word_1_242' title='bbox 939 4351 1147 4422; x_wconf 88' lang='lat' dir='ltr'>constituere.</span> <span class='ocrx_word' id='word_1_243' title='bbox 1164 4357 1282 4425; x_wconf 75' lang='lat' dir='ltr'>Emend-</span> <span class='ocrx_word' id='word_1_244' title='bbox 1298 4353 1414 4448; x_wconf 86' lang='lat' dir='ltr'>Siquis</span> <span class='ocrx_word' id='word_1_245' title='bbox 1431 4351 1528 4436; x_wconf 87' lang='lat' dir='ltr'>velit,</span> <span class='ocrx_word' id='word_1_246' title='bbox 1546 4350 1603 4424; x_wconf 88' lang='lat' dir='ltr'>bas</span> <span class='ocrx_word' id='word_1_247' title='bbox 1619 4371 1684 4422; x_wconf 86' lang='lat' dir='ltr'>res·</span> 
     </span>
     <span class='ocr_line' id='line_1_44' title="bbox 869 4448 1253 4546; baseline 0.003 -27"><span class='ocrx_word' id='word_1_248' title='bbox 869 4448 1017 4546; x_wconf 88' lang='lat' dir='ltr'>publicas</span> <span class='ocrx_word' id='word_1_249' title='bbox 1043 4449 1253 4520; x_wconf 88' lang='lat' dir='ltr'>constituere.</span> 
     </span>
     <span class='ocr_line' id='line_1_45' title="bbox 822 4545 1930 4646; baseline 0.004 -23"><span class='ocrx_word' id='word_1_250' title='bbox 822 4551 1001 4640; x_wconf 86' lang='lat' dir='ltr'>Rususquc</span> <span class='ocrx_word' id='word_1_251' title='bbox 1020 4569 1204 4642; x_wconf 83' lang='lat' dir='ltr'>paucorum</span> <span class='ocrx_word' id='word_1_252' title='bbox 1222 4548 1407 4644; x_wconf 87' lang='lat' dir='ltr'>potentias,</span> <span class='ocrx_word' id='word_1_253' title='bbox 1425 4565 1595 4646; x_wconf 90' lang='lat' dir='ltr'>postremo</span> <span class='ocrx_word' id='word_1_254' title='bbox 1609 4571 1689 4622; x_wconf 87' lang='lat' dir='ltr'>cum</span> <span class='ocrx_word' id='word_1_255' title='bbox 1739 4545 1822 4626; x_wconf 86' lang='lat' dir='ltr'>ibid.</span> <span class='ocrx_word' id='word_1_256' title='bbox 1875 4569 1892 4642; x_wconf 87' lang='lat'>3</span> <span class='ocrx_word' id='word_1_257' title='bbox 1899 4567 1930 4644; x_wconf 75' lang='lat'>3</span> 
     </span>
     <span class='ocr_line' id='line_1_46' title="bbox 868 4644 1686 4741; baseline 0.002 -25"><span class='ocrx_word' id='word_1_258' title='bbox 868 4647 1011 4716; x_wconf 82' lang='lat' dir='ltr'>breviter</span> <span class='ocrx_word' id='word_1_259' title='bbox 1025 4645 1068 4715; x_wconf 88' lang='lat' dir='ltr'>de</span> <span class='ocrx_word' id='word_1_260' title='bbox 1089 4644 1137 4716; x_wconf 87' lang='lat' dir='ltr'>his</span> <span class='ocrx_word' id='word_1_261' title='bbox 1156 4645 1312 4720; x_wconf 91' lang='lat' dir='ltr'>omnibus</span> <span class='ocrx_word' id='word_1_262' title='bbox 1331 4696 1342 4730; x_wconf 96' lang='lat'>,</span> <span class='ocrx_word' id='word_1_263' title='bbox 1363 4667 1527 4741; x_wconf 88' lang='lat' dir='ltr'>quatenus</span> <span class='ocrx_word' id='word_1_264' title='bbox 1542 4646 1686 4736; x_wconf 86' lang='lat' dir='ltr'>licebit,</span> 
     </span>
     <span class='ocr_line' id='line_1_47' title="bbox 869 4743 1681 4840; baseline 0.004 -25"><span class='ocrx_word' id='word_1_265' title='bbox 869 4743 959 4816; x_wconf 87' lang='lat' dir='ltr'>brevi</span> <span class='ocrx_word' id='word_1_266' title='bbox 994 4745 1296 4816; x_wconf 86' lang='lat' dir='ltr'>memoraverimus.</span> <span class='ocrx_word' id='word_1_267' title='bbox 1324 4748 1440 4818; x_wconf 75' lang='lat' dir='ltr'>emend.</span> <span class='ocrx_word' id='word_1_268' title='bbox 1482 4749 1681 4840; x_wconf 86' lang='lat' dir='ltr'>Rursusque</span> 
     </span>
     <span class='ocr_line' id='line_1_48' title="bbox 865 4843 1681 4940; baseline 0.006 -27"><span class='ocrx_word' id='word_1_269' title='bbox 865 4865 1051 4940; x_wconf 90' lang='lat' dir='ltr'>paucorum</span> <span class='ocrx_word' id='word_1_270' title='bbox 1081 4843 1256 4939; x_wconf 85' lang='lat' dir='ltr'>potentias.</span> <span class='ocrx_word' id='word_1_271' title='bbox 1284 4849 1478 4930; x_wconf 83' lang='lat' dir='ltr'>Postremo,</span> <span class='ocrx_word' id='word_1_272' title='bbox 1502 4867 1580 4914; x_wconf 91' lang='lat' dir='ltr'>cum</span> <span class='ocrx_word' id='word_1_273' title='bbox 1603 4844 1681 4918; x_wconf 85' lang='lat' dir='ltr'>bre-</span> 
     </span>
     <span class='ocr_line' id='line_1_49' title="bbox 870 4939 1681 5050; baseline 0.004 -40"><span class='ocrx_word' id='word_1_274' title='bbox 870 4941 953 5011; x_wconf 85' lang='lat' dir='ltr'>viter</span> <span class='ocrx_word' id='word_1_275' title='bbox 981 4939 1022 5011; x_wconf 90' lang='lat' dir='ltr'>de</span> <span class='ocrx_word' id='word_1_276' title='bbox 1057 4940 1107 5014; x_wconf 88' lang='lat' dir='ltr'>bis</span> <span class='ocrx_word' id='word_1_277' title='bbox 1133 4943 1317 5050; x_wconf 68' lang='lat' dir='ltr'>omnbus,</span> <span class='ocrx_word' id='word_1_278' title='bbox 1357 4959 1523 5038; x_wconf 84' lang='lat' dir='ltr'>quatenus</span> <span class='ocrx_word' id='word_1_279' title='bbox 1546 4942 1681 5028; x_wconf 80' lang='lat' dir='ltr'>licebit,</span> 
     </span>
     <span class='ocr_line' id='line_1_50' title="bbox 818 5035 1677 5138; baseline 0.001 -26.059"><span class='ocrx_word' id='word_1_280' title='bbox 818 5035 1168 5116; x_wconf 74' lang='lat' dir='ltr'>memoratissimus.</span> <span class='ocrx_word' id='word_1_281' title='bbox 1589 5045 1677 5138; x_wconf 88' lang='lat' dir='ltr'>Cap.</span> 
     </span>
    </p>
   </div>
   <div class='ocr_carea' id='block_1_14' title="bbox 0 0 2151 5972">
    <p class='ocr_par' dir='ltr' id='par_1_14' title="bbox 0 0 2151 5972">
     <span class='ocr_line' id='line_1_51' title="bbox 0 0 2151 5972; baseline 0 0"><span class='ocrx_word' id='word_1_282' title='bbox 0 0 2151 5972; x_wconf 95' lang='lat' dir='ltr'> </span> 
     </span>
    </p>
   </div>
  </div>
 </body>
</html>
