4298 5980
502 461 1176 557 CAROLIV.'L'1”BT.'³VIII
1496 451 1579 547 abl

161 619 449 773 depugnans,
477 615 526 726 in
560 660 716 725 manus
752 622 950 726 hostiurn
987 626 1113 729 vivus
1150 625 1385 771 pervenite·
1410 625 1531 774 liqui·
1553 647 1627 738 ves

159 813 212 878 ro
249 811 294 876 et
329 784 524 906 jumenta
561 769 749 910 amplius
784 768 906 870 mille
942 769 1123 873 ducenti
1157 775 1312 915 capti3
1360 816 1499 918 eaque
1536 815 1629 882 non

162 916 321 1064 grandi
356 927 525 1048 jactura
560 911 813 1016 Caesariani
846 915 1096 1017 maximum
1132 917 1376 1059 periculum
1411 958 1487 1061 per
1520 961 1630 1063 pau·-

161 1100 322 1166 corum
357 1061 663 1204 Hispanorum
680 1057 919 1161 «virmtem.
942 1061 1253 1164 redemerunt.¹
1393 1147 1397 1152 .

244 1216 408 1310 XXIII.
504 1207 614 1343 Jam
654 1203 829 1304 tertius.
849 1204 1010 1306 mensis
1051 1201 1296 1308 obsidionis
1339 1243 1628 1350 processerat,

156 1351 473 1491 transieratque
521 1345 802 1468 solstitium,
859 1389 964 1451 cum
1006 1347 1222 1452 caloribus
1262 1351 1628 1456 invalescentibus

157 1501 347 1640 magnus
391 1491 577 1595 morbus
622 1527 721 1593 tum
757 1487 949 1615 urbem,
983 1530 1082 1595 tum
1119 1530 1252 1596 castra
1276 1495 1519 1600 ,Gallorum
1554 1493 1627 1599 in-

155 1643 300 1761 vasit,
328 1636 571 1781 utrobique
590 1637 775 1779 ‚partim
811 1672 929 1779 peste
955 1637 1285 1781 glandulisque,
1317 1641 1477 1783 partim
1507 1636 1629 1777 febre

155 1786 350 1886 tertiana
384 1775 611 1886 mortifera
647 1817 887 1924 grassantc3
920 1783 995 1883 sed
1022 1819 1138 1884 extra
1166 1783 1308 1924 magis
1344 1783 1490 1884 hostes
1525 1823 1627 1927 pro·

157 1962 259 2068 pter
295 1927 463 2030 vicinas
499 1925 676 2068 paludes
718 1961 762 2023 et
798 1964 978 2066 gravem
1014 1929 1239 2068 odorem,
1284 1964 1422 2067 quam
1457 1963 1627 2030 nostros

157 2071 275 2174 intra
296 2066 299 2072 ’
320 2067 515 2190 urbem,
546 2104 591 2168 et
625 2067 799 2210 gravius
836 2069 1107 2212 oppidanos,
1142 2105 1279 2209 quam
1309 2071 1476 2170 milites
1515 2109 1629 2174 uter·-

158 2255 251 2358 que
286 2211 470 2314 morbus
506 2205 762 2313 infestabat.
795 2223 904 2330 Quo
940 2247 1168 2353 tempore,
1192 2245 1485 2352 posteaquam
1513 2252 1631 2316 com·

159 2386 329 2459 meatus
365 2355 514 2457 omnis
549 2391 722 2500 praeter
756 2347 1027 2458 frumentum
1064 2389 1108 2455 ct
1152 2391 1317 2494 aquam
1351 2354 1631 2458 Caesarianos

159 2495 408 2621 defecerat,
446 2536 491 2601 et
526 2498 711 2620 auxilia,
740 2539 854 2642 quae
889 2498 1075 2603 Carolus
1111 2511 1270 2600 Caesar
1306 2498 1358 2599 eir
1395 2501 1632 2603 Germania

159 2646 379 2748 mittenda
415 2680 667 2763 curaverat,
700 2686 752 2745 ex
788 2645 940 2747 itinere
983 2645 1172 2744 domum
1212 2641 1390 2743 rediisse
1433 2642 1632 2744 nuntiata

161 2824 305 2898 erant3
332 2789 553 2889 Antonius
586 2787 797 2888 Ixattinus
833 2788 901 2888 vir
937 2787 1090 2929 magni
1127 2822 1227 2888 turn
1262 2786 1426 2908 animi,
1445 2822 1542 2888 tum
1567 2825 1632 2890 et·

159 2927 258 3035 iarn
295 2930 504 3051 consilii,
542 2964 694 3031 auctor
730 2928 778 3029 in
814 2930 1004 3031 concilio
1036 2927 1282 3034 Philiberto
1308 2929 1386 3051 lit,
1405 2967 1454 3032 ut
1485 2971 1632 3071 quan-

158 3077 225 3177 do
259 3085 352 3206 jam
389 3075 601 3175 exercitus
636 3073 901 3176 cibariorum
938 3073 1094 3215 inopia
1130 3111 1422 3216 premeretur,
1441 3113 1521 3177 nec
1555 3113 1632 3179 au-·

161 3219 396 3338 utiliorum,
423 3259 539 3360 quae
576 3257 601 3318 a
638 3217 801 3320 Catolo
838 3232 1023 3321 Caesare
1060 3255 1163 3318 cum
1197 3219 1393 3320 Henrico
1426 3220 1632 3321 Prunsvi

160 3363 283 3463 censi
321 3361 500 3466 Comite
538 3403 590 3461 ex
627 3363 862 3463 Germania
898 3358 1214 3478 mittebantur,
1239 3400 1333 3502 spes
1367 3361 1457 3462 ulla
1492 3401 1630 3504 super·

163 3543 307 3625 esset,
346 3505 468 3605 daret
512 3541 694 3644 operam
732 3541 1049 3647 conareturque
1082 3496 1289 3750 ffiaemfis
1331 3541 1373 3609 et
1408 3505 1627 3648 pollicita-

164 3648 366 3752 tionibus
413 3656 638 3749 Andream
688 3649 879 3748 Dotiam
922 3688 1000 3790 per
1047 3655 1080 3747 P
1142 3647 1350 3791 ippinum
1394 3687 1441 3747 tn
1486 3683 1626 3789 partes

162 3791 499 3933 anicitiamque
534 3788 688 3894 Caroli
723 3790 917 3893 Caesaris
952 3792 1206 3920 traducere,
1235 3790 1438 3923 subjectis
1474 3791 1626 3911 causis,
1674 3810 1678 3816 '

164 3972 242 4035 cut
277 3935 325 4036 id
359 3931 479 4036 factu
517 3932 691 4036 difficile
728 3975 820 4036 non
856 3929 952 4036 fore
989 3935 1237 4038 videretur.
1273 3933 1412 4054 Quod
1431 3931 1484 4030 ·si
1518 3973 1625 4034 con-⁴

164 4075 355 4219 tIgisset,
385 4114 542 4179 cuncta
579 4078 821 4180 obsidionis
857 4079 1146 4178 incommoda
1187 4081 1317 4218 longe
1352 4071 1445 4176 fore
1480 4075 1625 4176 levio·-

164 4257 248 4339 ra,
284 4253 327 4320 et
360 4215 489 4321 facile
533 4219 654 4320 viam
696 4223 859 4362 aperire
905 4257 1029 4359 posse
1073 4223 1128 4322 ad
1169 4215 1315 4320 hostes
1361 4220 1624 4365 superandos

164 4361 524 4468 confirmabat„
569 4407 574 4412 ·
649 4407 656 4419 ¹

165 4585 172 4603 .
236 4515 443 4644 XXIV.¹
490 4510 604 4606 Hoc.
623 4504 817 4606 [consilio
853 4506 1033 4608 tandem
1068 4541 1169 4646 post
1186 4503 1453 4648 'longiorem
1489 4503 1626 4608 disce-¹

164 4655 418 4788 prationem
455 4647 645 4790 prdbaro
659 4726 679 4767 ,
702 4645 979 4751 Pbilibe'rtus.
999 4651 1203 4752 eumdem
1230 4652 1484 4752 Antonium
1518 4689 1625 4750 con·-

167 4791 255 4894 silii
290 4830 529 4896 auctorem
565 4793 761 4936 legatum
796 4793 850 4892 ad
868 4789 1236 4937 Philippinum',
1270 4793 1351 4933 qui
1385 4794 1442 4894 ad
1476 4793 1626 4932 vicum

1524 4943 1625 5033 Sut-
