4298 5980
552 469 638 537 220
719 517 726 528 .
942 457 1026 536 DE
1065 456 1267 537 REBUS
1316 452 1539 537 GESTIS

470 630 479 656 ”
570 627 650 726 ΙΧ.
701 628 870 718 Interea
904 605 1141 731 Pontifex,
1185 609 1265 752 qui
1307 608 1457 710 audito
1501 605 1830 751 scloppetorum
1885 648 1999 719 tor«

512 799 854 904 meritorumque
890 756 1099 902 fragore,
1134 756 1291 859 cubitu
1337 794 1429 857 non
1475 753 1663 898 segniter
1706 793 1997 883 surrexerat,

511 951 568 1012 ne
605 908 748 1009 subita
782 903 1144 1007 Caesarianorum
1180 897 1456 1041 irruptione,
1486 899 1521 999 si
1547 893 1664 999 forte
1700 897 1992 1043 irrupissent,

512 1054 562 1156 in
597 1048 778 1154 aedibus
820 1047 1045 1151 Vaticanis
1088 1046 1452 1191 opprimeretur,
1494 1043 1642 1185 coepit
1685 1081 1793 1144 cum
1837 1049 1986 1148 trede-

512 1196 604 1299 cim
632 1191 964 1315 Cardinalibus,
1002 1193 1084 1336 qui
1117 1194 1175 1296 ad
1209 1192 1355 1334 ipsum
1391 1224 1716 1308 convenerant,
1751 1189 1802 1290 in
1835 1229 1987 1298 arcem

513 1380 593 1486 per
622 1379 780 1442 cavum
808 1378 985 1441 murum
1009 1339 1065 1440 ad
1090 1376 1189 1438 cam
1219 1335 1515 1479 pertinentem
1549 1332 1845 1444 contenderes
1881 1378 1985 1440 nec-

400 1579 402 1584 ,
514 1489 623 1589 dum
660 1523 808 1588 tamen
843 1520 1123 1626 pervenerat,
1159 1519 1263 1583 cum
1297 1490 1389 1615 jam
1423 1474 1641 1622 fitgientes
1675 1518 1784 1578 suos
1821 1516 1867 1582 et
1909 1484 1985 1584 in-⁴

449 1691 451 1696 ·
515 1667 737 1773 sequentes
773 1629 998 1772 Hispanos
1033 1626 1296 1768 conspexit,
1331 1663 1528 1766 quorum
1553 1623 1859 1764 Hispanorum
1898 1627 1983 1728 cir-

516 1775 624 1877 citer
672 1775 992 1916 quinquaginta
1038 1811 1140 1872 cum
1182 1767 1321 1872 tribus
1364 1768 1499 1912 signis
1550 1767 1810 1870 militaribus
1856 1809 1985 1910 pon·-

517 1953 626 2038 tem,
664 1957 758 2057 quo
794 1914 970 2018 Tiberis
1003 1916 1058 2016 ad
1095 1952 1239 2016 arcem
1273 1913 1418 2015 Sancti
1453 1911 1617 2055 Angeli
1651 1911 1979 2036 committitur,

517 2060 764 2205 transgressi
801 2061 856 2160 ad
893 2057 1050 2159 turrim
1090 2060 1232 2159 Nonae
1276 2093 1480 2160 vocatam
1528 2094 1866 2199 protesscnrnt,
1909 2095 1981 2160 at-

516 2245 603 2348 que
638 2206 793 2306 eadem
824 2203 918 2323 via,
949 2241 1053 2304 cunr
1089 2237 1252 2302 ceteros
1288 2200 1522 2303 substitisse
1558 2200 1980 2326 animadverterent,

517 2349 678 2452 reversi
714 2387 837 2469 sunt,
874 2346 1052 2448 nemine
1088 2347 1250 2449 scilicet
1284 2345 1549 2450 obsistente.
1582 2355 1706 2448 Nam
1733 2385 1879 2489 neque
1917 2389 1978 2450 ca·

517 2528 678 2596 taracta
713 2492 844 2625 dejici
873 2533 900 2590 a
925 2489 1187 2592 conantibus
1218 2485 1399 2631 superne
1433 2489 1610 2632 potuit,
1642 2491 1808 2632 diuque
1842 2493 1890 2593 in
1927 2533 1978 2594 ea

429 2651 435 2660 “
517 2673 667 2738 rerum
701 2632 1012 2775 trepidatione,
1037 2635 1118 2776 qui
1143 2671 1321 2776 porram
1355 2635 1504 2775 pontis
1539 2634 1815 2755 occluderet,
1841 2675 1975 2740 nemo

516 2774 985 2903 firit.1narcevero,
1022 2819 1134 2920 quae
1168 2779 1291 2880 nullo
1341 2813 1415 2879 aut
1449 2817 1584 2920 quam
1628 2778 1821 2880 minimo
1860 2818 1979 2920 prae

442 3044 447 3062 Ι
515 2921 630 3023 sidio
668 2921 923 3044 tenebatur,
951 2960 1110 3025 cuncta
1145 2957 1267 3024 crant
1300 2921 1662 3064 imparatissima‚
1697 2957 1747 3023 ut
1784 2921 1821 3022 si
1858 2922 1976 3028 illam

513 3065 821 3207 Hispanorum
856 3106 1042 3168 manum
1059 3065 1311 3170 mediocris
1352 3066 1549 3168 militum
1589 3066 1832 3168 multitudo
1874 3070 1980 3172 sub-

514 3245 660 3308 secuta
694 3205 871 3336 firisset,
908 3253 962 3312 eo
998 3213 1208 3352 temporis
1243 3210 1435 3354 vestigio
1463 3210 1583 3313 Urbs
1618 3210 1712 3352 ipsa
1746 3209 1793 3312 in
1827 3221 1976 3314 Caesa-

514 3348 738 3454 rianorum
775 3389 1033 3495 potestatem
1069 3353 1292 3497 pervenire
1327 3355 1549 3496 potuerit.

568 3503 626 3598 Χ.
684 3498 759 3597 Ad
794 3496 912 3599 hunc
947 3501 1137 3603 modurn
1173 3537 1420 3644 expugnato
1455 3516 1640 3646 Burgo,
1682 3537 1862 3606 etcum
1902 3542 1981 3604 ae⁴

513 3637 644 3743 dibus
680 3641 919 3746 Pontificiis
955 3645 1053 3785 ipso
1090 3684 1270 3788 quoque
1305 3637 1424 3748 Petri
1459 3641 1564 3748 fano
1606 3647 1826 3789 direpto,
1869 3645 1979 3748 nihil

514 3785 633 3888 enim
671 3823 898 3910 sanctum,
935 3787 1048 3891 nihil
1083 3790 1350 3891 inviolatum
1383 3784 1502 3913 fuit,
1536 3788 1656 3894 Urbs
1697 3827 1848 3893 tamen
1869 3793 1977 3934 'ipsa
2127 3921 2128 3930 Ν

513 3924 691 4032 defendi
729 3970 939 4073 poterat,
984 3935 1021 4034 si
1062 3970 1450 4078 propugnatores,
1491 3972 1568 4038 aut
1612 3936 1760 4079 potius
1807 3975 1980 4077 proptr*

510 4109 748 4214 gnatorum
785 4080 944 4180 ducem
980 4075 1223 4181 habuisset.
1260 4087 1384 4181 Nam
1420 4120 1510 4220 qua
1546 4119 1667 4223 parte
1702 4115 1819 4182 trans
1851 4079 1979 4182 Tibe

512 4217 600 4319 tim
636 4223 889 4364 oppugnari
929 4257 1138 4362 poterat,
1175 4265 1255 4326 nec
1296 4221 1513 4347 infirmo,
1550 4265 1632 4326 nec
1679 4221 1805 4326 brevi
1849 4263 1972 4326 muro

512 4359 805 4499 cingebatur,
843 4402 887 4468 et
923 4402 1079 4507 pontes
1117 4368 1386 4489 rescindere,
1423 4403 1499 4472 aut
1534 4405 1651 4472 cette
1686 4363 1805 4469 fossa
1842 4367 1969 4469 vallo-

512 4540 600 4643 que
638 4505 811 4608 munire
847 4509 1033 4618 licebat3
1072 4549 1205 4653 atque
1247 4555 1296 4614 ea
1341 4513 1508 4617 ratione
1551 4515 1622 4616 vel
1656 4512 1868 4616 auxilium
1903 4549 1969 4610 er-

510 4681 736 4786 spectare,
779 4650 850 4752 vel
892 4651 1082 4794 spatium
1126 4657 1273 4774 dare,
1320 4692 1370 4759 ut
1414 4697 1533 4800 pax,
1578 4659 1614 4760 si
1656 4698 1759 4762 non.
1795 4653 1974 4800 aequis,

508 4789 739 4900 tolerandis
774 4835 923 4908 tamen
957 4796 1290 4910 conditionibus
1332 4839 1703 4945 componeretur.
1748 4804 1833 4908 Sed
1875 4837 1978 4904 tan·

1909 4981 1975 5050 tul
