<?xml version="1.0" encoding="UTF-8"?>
<!DOCTYPE html PUBLIC "-//W3C//DTD XHTML 1.0 Transitional//EN"
    "http://www.w3.org/TR/xhtml1/DTD/xhtml1-transitional.dtd">
<html xmlns="http://www.w3.org/1999/xhtml" xml:lang="en" lang="en">
 <head>
  <title>
</title>
<meta http-equiv="Content-Type" content="text/html;charset=utf-8" />
  <meta name='ocr-system' content='tesseract 3.04.00' />
  <meta name='ocr-capabilities' content='ocr_page ocr_carea ocr_par ocr_line ocrx_word'/>
</head>
<body>
  <div class='ocr_page' id='page_1' title='image "./joannisgenesiis02sepgoog_0188.png"; bbox 0 0 4284 5982; ppageno 0'>
   <div class='ocr_carea' id='block_1_1' title="bbox 571 384 1589 502">
    <p class='ocr_par' dir='ltr' id='par_1_1' title="bbox 571 384 1589 502">
     <span class='ocr_line' id='line_1_1' title="bbox 571 384 1589 502; baseline -0.008 -24"><span class='ocrx_word' id='word_1_1' title='bbox 571 421 624 502; x_wconf 86' lang='lat'>24</span> <span class='ocrx_word' id='word_1_2' title='bbox 935 391 1005 473; x_wconf 82' lang='lat' dir='ltr'>ur.</span> <span class='ocrx_word' id='word_1_3' title='bbox 1032 384 1108 495; x_wconf 88' lang='lat' dir='ltr'>Jo.</span> <span class='ocrx_word' id='word_1_4' title='bbox 1138 385 1259 476; x_wconf 78' lang='lat' dir='ltr'>cru.</span> <span class='ocrx_word' id='word_1_5' title='bbox 1287 387 1589 475; x_wconf 75' lang='lat' dir='ltr'>sururvrun</span> 
     </span>
    </p>
   </div>
   <div class='ocr_carea' id='block_1_2' title="bbox 543 521 1991 1855">
    <p class='ocr_par' dir='ltr' id='par_1_2' title="bbox 637 521 1894 622">
     <span class='ocr_line' id='line_1_2' title="bbox 637 521 1894 622; baseline -0.002 -15"><span class='ocrx_word' id='word_1_6' title='bbox 637 528 759 609; x_wconf 84' lang='lat' dir='ltr'>LUD.</span> <span class='ocrx_word' id='word_1_7' title='bbox 787 521 932 604; x_wconf 86' lang='lat' dir='ltr'>ELIAS</span> <span class='ocrx_word' id='word_1_8' title='bbox 957 527 1200 604; x_wconf 87' lang='lat' dir='ltr'>DUPlNlUS</span> <span class='ocrx_word' id='word_1_9' title='bbox 1228 531 1267 601; x_wconf 84' lang='lat' dir='ltr'>in</span> <span class='ocrx_word' id='word_1_10' title='bbox 1289 527 1483 622; x_wconf 82' lang='lat' dir='ltr'>Scriptor.</span> <span class='ocrx_word' id='word_1_11' title='bbox 1507 526 1651 602; x_wconf 81' lang='lat' dir='ltr'>Eccler.</span> <span class='ocrx_word' id='word_1_12' title='bbox 1674 545 1773 604; x_wconf 81' lang='lat' dir='ltr'>saec.</span> <span class='ocrx_word' id='word_1_13' title='bbox 1795 521 1894 604; x_wconf 86' lang='lat' dir='ltr'>XVI.</span> 
     </span>
    </p>

    <p class='ocr_par' dir='ltr' id='par_1_3' title="bbox 543 627 1991 1855">
     <span class='ocr_line' id='line_1_3' title="bbox 622 627 1981 739; baseline -0.005 -27"><span class='ocrx_word' id='word_1_14' title='bbox 622 632 714 739; x_wconf 87' lang='lat' dir='ltr'>Je&#39;an</span> <span class='ocrx_word' id='word_1_15' title='bbox 739 633 859 712; x_wconf 88' lang='lat' dir='ltr'>Genes</span> <span class='ocrx_word' id='word_1_16' title='bbox 889 630 935 706; x_wconf 91' lang='lat' dir='ltr'>de</span> <span class='ocrx_word' id='word_1_17' title='bbox 958 628 1160 729; x_wconf 84' lang='lat' dir='ltr'>Sepulveda</span> <span class='ocrx_word' id='word_1_18' title='bbox 1189 627 1234 708; x_wconf 73' lang='lat' dir='ltr'>ne</span> <span class='ocrx_word' id='word_1_19' title='bbox 1260 628 1282 706; x_wconf 86' lang='lat' dir='ltr'>a&#39;</span> <span class='ocrx_word' id='word_1_20' title='bbox 1313 629 1485 708; x_wconf 88' lang='lat' dir='ltr'>Cordoiie</span> <span class='ocrx_word' id='word_1_21' title='bbox 1513 630 1535 703; x_wconf 92' lang='lat' dir='ltr'>l&#39;</span> <span class='ocrx_word' id='word_1_22' title='bbox 1563 654 1608 706; x_wconf 88' lang='lat' dir='ltr'>an</span> <span class='ocrx_word' id='word_1_23' title='bbox 1637 647 1750 728; x_wconf 88' lang='lat'>1491.</span> <span class='ocrx_word' id='word_1_24' title='bbox 1776 627 1903 705; x_wconf 88' lang='lat' dir='ltr'>devint</span> <span class='ocrx_word' id='word_1_25' title='bbox 1932 651 1981 706; x_wconf 90' lang='lat' dir='ltr'>un</span> 
     </span>
     <span class='ocr_line' id='line_1_4' title="bbox 543 729 1983 838; baseline -0.006 -22"><span class='ocrx_word' id='word_1_26' title='bbox 543 739 606 818; x_wconf 87' lang='lat' dir='ltr'>des</span> <span class='ocrx_word' id='word_1_27' title='bbox 629 741 710 838; x_wconf 90' lang='lat' dir='ltr'>plus</span> <span class='ocrx_word' id='word_1_28' title='bbox 734 733 1139 835; x_wconf 83' lang='lat' dir='ltr'>fameuxTheologieus</span> <span class='ocrx_word' id='word_1_29' title='bbox 1163 754 1201 811; x_wconf 89' lang='lat' dir='ltr'>et</span> <span class='ocrx_word' id='word_1_30' title='bbox 1223 730 1502 833; x_wconf 90' lang='lat' dir='ltr'>Jurlsconsultes</span> <span class='ocrx_word' id='word_1_31' title='bbox 1522 729 1558 806; x_wconf 90' lang='lat' dir='ltr'>d&#39;</span> <span class='ocrx_word' id='word_1_32' title='bbox 1586 741 1756 834; x_wconf 70' lang='lat' dir='ltr'>[spagne.</span> <span class='ocrx_word' id='word_1_33' title='bbox 1779 731 1809 806; x_wconf 96' lang='lat' dir='ltr'>ll</span> <span class='ocrx_word' id='word_1_34' title='bbox 1830 730 1888 807; x_wconf 89' lang='lat' dir='ltr'>fut</span> <span class='ocrx_word' id='word_1_35' title='bbox 1911 731 1983 808; x_wconf 89' lang='lat' dir='ltr'>ho·</span> 
     </span>
     <span class='ocr_line' id='line_1_5' title="bbox 546 834 1986 942; baseline -0.004 -23"><span class='ocrx_word' id='word_1_36' title='bbox 546 841 636 920; x_wconf 88' lang='lat' dir='ltr'>nore&#39;</span> <span class='ocrx_word' id='word_1_37' title='bbox 660 863 725 942; x_wconf 89' lang='lat' dir='ltr'>par</span> <span class='ocrx_word' id='word_1_38' title='bbox 747 837 899 918; x_wconf 87' lang='lat' dir='ltr'>Charles</span> <span class='ocrx_word' id='word_1_39' title='bbox 923 840 972 918; x_wconf 88' lang='lat' dir='ltr'>V.</span> <span class='ocrx_word' id='word_1_40' title='bbox 992 836 1039 912; x_wconf 91' lang='lat' dir='ltr'>de</span> <span class='ocrx_word' id='word_1_41' title='bbox 1060 837 1094 914; x_wconf 88' lang='lat' dir='ltr'>la</span> <span class='ocrx_word' id='word_1_42' title='bbox 1120 834 1257 937; x_wconf 75' lang='lat' dir='ltr'>qualite</span> <span class='ocrx_word' id='word_1_43' title='bbox 1280 836 1325 914; x_wconf 87' lang='lat' dir='ltr'>de</span> <span class='ocrx_word' id='word_1_44' title='bbox 1345 861 1411 913; x_wconf 91' lang='lat' dir='ltr'>son</span> <span class='ocrx_word' id='word_1_45' title='bbox 1430 834 1662 939; x_wconf 84' lang='lat' dir='ltr'>Theologien</span> <span class='ocrx_word' id='word_1_46' title='bbox 1684 853 1722 911; x_wconf 90' lang='lat' dir='ltr'>et</span> <span class='ocrx_word' id='word_1_47' title='bbox 1736 835 1986 936; x_wconf 80' lang='lat' dir='ltr'>Historiogre·</span> 
     </span>
     <span class='ocr_line' id='line_1_6' title="bbox 548 936 1987 1050; baseline -0.006 -26"><span class='ocrx_word' id='word_1_48' title='bbox 548 947 646 1050; x_wconf 89' lang='lat' dir='ltr'>phe,</span> <span class='ocrx_word' id='word_1_49' title='bbox 670 961 707 1022; x_wconf 88' lang='lat' dir='ltr'>et</span> <span class='ocrx_word' id='word_1_50' title='bbox 732 965 795 1022; x_wconf 84' lang='lat' dir='ltr'>eut</span> <span class='ocrx_word' id='word_1_51' title='bbox 819 964 871 1018; x_wconf 93' lang='lat' dir='ltr'>un</span> <span class='ocrx_word' id='word_1_52' title='bbox 892 939 1095 1018; x_wconf 86' lang='lat' dir='ltr'>Canonlcat</span> <span class='ocrx_word' id='word_1_53' title='bbox 1118 941 1140 1018; x_wconf 81' lang='lat' dir='ltr'>ai</span> <span class='ocrx_word' id='word_1_54' title='bbox 1162 940 1410 1040; x_wconf 85' lang='lat' dir='ltr'>Salamanque.</span> <span class='ocrx_word' id='word_1_55' title='bbox 1438 940 1466 1015; x_wconf 95' lang='lat' dir='ltr'>Il</span> <span class='ocrx_word' id='word_1_56' title='bbox 1491 961 1528 1015; x_wconf 88' lang='lat' dir='ltr'>se</span> <span class='ocrx_word' id='word_1_57' title='bbox 1553 936 1672 1014; x_wconf 86' lang='lat' dir='ltr'>rendit</span> <span class='ocrx_word' id='word_1_58' title='bbox 1698 937 1839 1016; x_wconf 85' lang='lat' dir='ltr'>celebre</span> <span class='ocrx_word' id='word_1_59' title='bbox 1863 961 1927 1036; x_wconf 86' lang='lat' dir='ltr'>par</span> <span class='ocrx_word' id='word_1_60' title='bbox 1949 963 1987 1016; x_wconf 88' lang='lat' dir='ltr'>sa</span> 
     </span>
     <span class='ocr_line' id='line_1_7' title="bbox 547 1038 1991 1145; baseline -0.007 -16"><span class='ocrx_word' id='word_1_61' title='bbox 547 1050 754 1129; x_wconf 88' lang='lat' dir='ltr'>traduction</span> <span class='ocrx_word' id='word_1_62' title='bbox 786 1045 831 1123; x_wconf 90' lang='lat' dir='ltr'>de</span> <span class='ocrx_word' id='word_1_63' title='bbox 863 1045 897 1120; x_wconf 89' lang='lat' dir='ltr'>la</span> <span class='ocrx_word' id='word_1_64' title='bbox 928 1042 1069 1144; x_wconf 83' lang='lat' dir='ltr'>plripart</span> <span class='ocrx_word' id='word_1_65' title='bbox 1093 1044 1156 1120; x_wconf 88' lang='lat' dir='ltr'>des</span> <span class='ocrx_word' id='word_1_66' title='bbox 1176 1065 1351 1145; x_wconf 83' lang='lat' dir='ltr'>ouvrages</span> <span class='ocrx_word' id='word_1_67' title='bbox 1374 1041 1411 1118; x_wconf 89' lang='lat' dir='ltr'>d&#39;</span> <span class='ocrx_word' id='word_1_68' title='bbox 1434 1042 1625 1132; x_wconf 88' lang='lat' dir='ltr'>Aristote,</span> <span class='ocrx_word' id='word_1_69' title='bbox 1651 1038 1742 1118; x_wconf 91' lang='lat' dir='ltr'>dom</span> <span class='ocrx_word' id='word_1_70' title='bbox 1766 1041 1841 1118; x_wconf 90' lang='lat' dir='ltr'>Mr.</span> <span class='ocrx_word' id='word_1_71' title='bbox 1858 1040 1991 1119; x_wconf 68' lang='lat' dir='ltr'>Nande</span> 
     </span>
     <span class='ocr_line' id='line_1_8' title="bbox 548 1143 1987 1250; baseline -0.008 -19"><span class='ocrx_word' id='word_1_72' title='bbox 548 1154 615 1233; x_wconf 89' lang='lat' dir='ltr'>fait</span> <span class='ocrx_word' id='word_1_73' title='bbox 641 1154 725 1228; x_wconf 86' lang='lat' dir='ltr'>bien</span> <span class='ocrx_word' id='word_1_74' title='bbox 744 1151 836 1250; x_wconf 86' lang='lat' dir='ltr'>plus</span> <span class='ocrx_word' id='word_1_75' title='bbox 850 1146 895 1226; x_wconf 90' lang='lat' dir='ltr'>de</span> <span class='ocrx_word' id='word_1_76' title='bbox 919 1171 978 1225; x_wconf 88' lang='lat' dir='ltr'>cas</span> <span class='ocrx_word' id='word_1_77' title='bbox 1001 1171 1075 1246; x_wconf 86' lang='lat' dir='ltr'>que</span> <span class='ocrx_word' id='word_1_78' title='bbox 1091 1151 1159 1233; x_wconf 88' lang='lat' dir='ltr'>Mr.</span> <span class='ocrx_word' id='word_1_79' title='bbox 1173 1145 1310 1224; x_wconf 89' lang='lat' dir='ltr'>Huet..</span> <span class='ocrx_word' id='word_1_80' title='bbox 1327 1203 1337 1224; x_wconf 92' lang='lat'>.</span> <span class='ocrx_word' id='word_1_81' title='bbox 1353 1201 1363 1222; x_wconf 92' lang='lat'>.</span> <span class='ocrx_word' id='word_1_82' title='bbox 1379 1144 1579 1242; x_wconf 88' lang='lat' dir='ltr'>Sepulveda</span> <span class='ocrx_word' id='word_1_83' title='bbox 1601 1162 1749 1220; x_wconf 92' lang='lat' dir='ltr'>mourut</span> <span class='ocrx_word' id='word_1_84' title='bbox 1775 1143 1801 1218; x_wconf 90' lang='lat' dir='ltr'>l’</span> <span class='ocrx_word' id='word_1_85' title='bbox 1824 1169 1869 1221; x_wconf 91' lang='lat' dir='ltr'>an</span> <span class='ocrx_word' id='word_1_86' title='bbox 1890 1166 1987 1244; x_wconf 86' lang='lat'>157²</span> 
     </span>
     <span class='ocr_line' id='line_1_9' title="bbox 549 1177 1988 1361; baseline -0.009 -25"><span class='ocrx_word' id='word_1_87' title='bbox 549 1257 619 1361; x_wconf 87' lang='lat' dir='ltr'>age&#39;</span> <span class='ocrx_word' id='word_1_88' title='bbox 641 1257 686 1334; x_wconf 87' lang='lat' dir='ltr'>de</span> <span class='ocrx_word' id='word_1_89' title='bbox 712 1255 773 1332; x_wconf 87' lang='lat'>81.</span> <span class='ocrx_word' id='word_1_90' title='bbox 796 1273 870 1330; x_wconf 90' lang='lat' dir='ltr'>ans.</span> <span class='ocrx_word' id='word_1_91' title='bbox 896 1251 958 1328; x_wconf 87' lang='lat' dir='ltr'>Ses</span> <span class='ocrx_word' id='word_1_92' title='bbox 980 1249 1147 1328; x_wconf 87' lang='lat' dir='ltr'>Oeuvres</span> <span class='ocrx_word' id='word_1_93' title='bbox 1171 1269 1235 1326; x_wconf 94' lang='lat' dir='ltr'>onr</span> <span class='ocrx_word' id='word_1_94' title='bbox 1258 1245 1317 1328; x_wconf 69' lang='lat' dir='ltr'>ere</span> <span class='ocrx_word' id='word_1_95' title='bbox 1339 1247 1585 1347; x_wconf 76' lang='lat' dir='ltr'>imprimeesa</span> <span class='ocrx_word' id='word_1_96' title='bbox 1609 1177 1777 1350; x_wconf 51' lang='lat' dir='ltr'>Colong</span> <span class='ocrx_word' id='word_1_97' title='bbox 1799 1273 1844 1326; x_wconf 92' lang='lat' dir='ltr'>en</span> <span class='ocrx_word' id='word_1_98' title='bbox 1877 1257 1988 1326; x_wconf 90' lang='lat'>1602.</span> 
     </span>
     <span class='ocr_line' id='line_1_10' title="bbox 548 1347 1990 1454; baseline -0.011 -14"><span class='ocrx_word' id='word_1_99' title='bbox 548 1365 582 1440; x_wconf 93' lang='lat' dir='ltr'>ll</span> <span class='ocrx_word' id='word_1_100' title='bbox 605 1387 627 1439; x_wconf 93' lang='lat' dir='ltr'>a</span> <span class='ocrx_word' id='word_1_101' title='bbox 649 1381 779 1438; x_wconf 85' lang='lat' dir='ltr'>encore</span> <span class='ocrx_word' id='word_1_102' title='bbox 801 1354 867 1432; x_wconf 89' lang='lat' dir='ltr'>fait</span> <span class='ocrx_word' id='word_1_103' title='bbox 893 1379 943 1430; x_wconf 91' lang='lat' dir='ltr'>un</span> <span class='ocrx_word' id='word_1_104' title='bbox 965 1373 1068 1430; x_wconf 89' lang='lat' dir='ltr'>autre</span> <span class='ocrx_word' id='word_1_105' title='bbox 1082 1373 1243 1454; x_wconf 87' lang='lat' dir='ltr'>ouvrage</span> <span class='ocrx_word' id='word_1_106' title='bbox 1267 1351 1313 1429; x_wconf 93' lang='lat' dir='ltr'>de</span> <span class='ocrx_word' id='word_1_107' title='bbox 1337 1350 1456 1428; x_wconf 69' lang='lat' dir='ltr'>mime</span> <span class='ocrx_word' id='word_1_108' title='bbox 1479 1371 1629 1441; x_wconf 84' lang='lat' dir='ltr'>nature,</span> <span class='ocrx_word' id='word_1_109' title='bbox 1656 1349 1702 1425; x_wconf 83' lang='lat' dir='ltr'>de</span> <span class='ocrx_word' id='word_1_110' title='bbox 1721 1353 1762 1425; x_wconf 80' lang='lat' dir='ltr'>ln</span> <span class='ocrx_word' id='word_1_111' title='bbox 1787 1347 1914 1427; x_wconf 72' lang='lat' dir='ltr'>verite*</span> <span class='ocrx_word' id='word_1_112' title='bbox 1941 1351 1990 1425; x_wconf 84' lang='lat' dir='ltr'>du</span> 
     </span>
     <span class='ocr_line' id='line_1_11' title="bbox 551 1452 1986 1560; baseline -0.011 -16"><span class='ocrx_word' id='word_1_113' title='bbox 551 1474 670 1560; x_wconf 81' lang='lat' dir='ltr'>Corps</span> <span class='ocrx_word' id='word_1_114' title='bbox 697 1477 736 1538; x_wconf 87' lang='lat' dir='ltr'>et</span> <span class='ocrx_word' id='word_1_115' title='bbox 763 1461 812 1536; x_wconf 87' lang='lat' dir='ltr'>du</span> <span class='ocrx_word' id='word_1_116' title='bbox 840 1461 951 1557; x_wconf 85' lang='lat' dir='ltr'>Sang</span> <span class='ocrx_word' id='word_1_117' title='bbox 971 1456 1018 1530; x_wconf 83' lang='lat' dir='ltr'>de</span> <span class='ocrx_word' id='word_1_118' title='bbox 1036 1455 1314 1554; x_wconf 75' lang='lat' dir='ltr'>Jews-Christ</span> <span class='ocrx_word' id='word_1_119' title='bbox 1337 1454 1433 1529; x_wconf 81' lang='lat' dir='ltr'>dans</span> <span class='ocrx_word' id='word_1_120' title='bbox 1459 1456 1494 1528; x_wconf 85' lang='lat' dir='ltr'>le</span> <span class='ocrx_word' id='word_1_121' title='bbox 1516 1452 1692 1547; x_wconf 81' lang='lat' dir='ltr'>sacrifice</span> <span class='ocrx_word' id='word_1_122' title='bbox 1715 1452 1761 1528; x_wconf 85' lang='lat' dir='ltr'>de</span> <span class='ocrx_word' id='word_1_123' title='bbox 1781 1454 1821 1528; x_wconf 87' lang='lat' dir='ltr'>la</span> <span class='ocrx_word' id='word_1_124' title='bbox 1840 1454 1986 1553; x_wconf 79' lang='lat' dir='ltr'>Messe,</span> 
     </span>
     <span class='ocr_line' id='line_1_12' title="bbox 551 1557 1990 1668; baseline -0.012 -22"><span class='ocrx_word' id='word_1_125' title='bbox 551 1563 722 1668; x_wconf 89' lang='lat' dir='ltr'>imprime&#39;</span> <span class='ocrx_word' id='word_1_126' title='bbox 735 1590 755 1642; x_wconf 93' lang='lat' dir='ltr'>a</span> <span class='ocrx_word' id='word_1_127' title='bbox 768 1563 867 1640; x_wconf 87' lang='lat' dir='ltr'>Paris</span> <span class='ocrx_word' id='word_1_128' title='bbox 893 1586 938 1638; x_wconf 91' lang='lat' dir='ltr'>en</span> <span class='ocrx_word' id='word_1_129' title='bbox 968 1560 1131 1658; x_wconf 84' lang='lat'>1570·11</span> <span class='ocrx_word' id='word_1_130' title='bbox 1158 1583 1179 1637; x_wconf 85' lang='lat' dir='ltr'>a</span> <span class='ocrx_word' id='word_1_131' title='bbox 1205 1557 1329 1662; x_wconf 87' lang='lat' dir='ltr'>redige‘</span> <span class='ocrx_word' id='word_1_132' title='bbox 1359 1583 1409 1635; x_wconf 91' lang='lat' dir='ltr'>un</span> <span class='ocrx_word' id='word_1_133' title='bbox 1424 1558 1693 1634; x_wconf 90' lang='lat' dir='ltr'>Commentalre</span> <span class='ocrx_word' id='word_1_134' title='bbox 1720 1578 1782 1632; x_wconf 90' lang='lat' dir='ltr'>sur</span> <span class='ocrx_word' id='word_1_135' title='bbox 1812 1557 1845 1636; x_wconf 95' lang='lat' dir='ltr'>le</span> <span class='ocrx_word' id='word_1_136' title='bbox 1859 1559 1990 1634; x_wconf 89' lang='lat' dir='ltr'>Canti-</span> 
     </span>
     <span class='ocr_line' id='line_1_13' title="bbox 554 1659 1991 1773; baseline -0.006 -24"><span class='ocrx_word' id='word_1_137' title='bbox 554 1697 627 1773; x_wconf 89' lang='lat' dir='ltr'>que</span> <span class='ocrx_word' id='word_1_138' title='bbox 653 1670 715 1748; x_wconf 89' lang='lat' dir='ltr'>des</span> <span class='ocrx_word' id='word_1_139' title='bbox 742 1668 942 1768; x_wconf 77' lang='lat' dir='ltr'>Cantiques</span> <span class='ocrx_word' id='word_1_140' title='bbox 972 1663 1041 1741; x_wconf 88' lang='lat' dir='ltr'>tire&#39;</span> <span class='ocrx_word' id='word_1_141' title='bbox 1074 1660 1120 1743; x_wconf 86' lang='lat' dir='ltr'>de</span> <span class='ocrx_word' id='word_1_142' title='bbox 1141 1662 1177 1740; x_wconf 90' lang='lat' dir='ltr'>S.</span> <span class='ocrx_word' id='word_1_143' title='bbox 1192 1663 1413 1756; x_wconf 64' lang='lat' dir='ltr'>nnumin,</span> <span class='ocrx_word' id='word_1_144' title='bbox 1442 1663 1510 1764; x_wconf 90' lang='lat' dir='ltr'>qui</span> <span class='ocrx_word' id='word_1_145' title='bbox 1535 1678 1588 1740; x_wconf 88' lang='lat' dir='ltr'>est</span> <span class='ocrx_word' id='word_1_146' title='bbox 1613 1661 1731 1764; x_wconf 72' lang='lat' dir='ltr'>parnei</span> <span class='ocrx_word' id='word_1_147' title='bbox 1758 1661 1808 1739; x_wconf 88' lang='lat' dir='ltr'>les</span> <span class='ocrx_word' id='word_1_148' title='bbox 1822 1659 1991 1744; x_wconf 78' lang='lat' dir='ltr'>Oeusres</span> 
     </span>
     <span class='ocr_line' id='line_1_14' title="bbox 562 1771 1080 1855; baseline -0.023 1"><span class='ocrx_word' id='word_1_149' title='bbox 562 1775 608 1855; x_wconf 89' lang='lat' dir='ltr'>de</span> <span class='ocrx_word' id='word_1_150' title='bbox 632 1799 676 1853; x_wconf 91' lang='lat' dir='ltr'>ce</span> <span class='ocrx_word' id='word_1_151' title='bbox 705 1771 804 1851; x_wconf 86' lang='lat' dir='ltr'>Pete.</span> <span class='ocrx_word' id='word_1_152' title='bbox 1078 1785 1080 1796; x_wconf 79' lang='grc'>’</span> 
     </span>
    </p>
   </div>
   <div class='ocr_carea' id='block_1_3' title="bbox 560 1935 1999 2372">
    <p class='ocr_par' dir='ltr' id='par_1_4' title="bbox 560 1935 1999 2372">
     <span class='ocr_line' id='line_1_15' title="bbox 567 1935 1997 2084; baseline 0.02 -31"><span class='ocrx_word' id='word_1_153' title='bbox 567 1935 573 1948; x_wconf 81' lang='grc'><strong><em>’</em></strong></span> <span class='ocrx_word' id='word_1_154' title='bbox 606 1977 839 2084; x_wconf 64' lang='lat' dir='ltr'>iJncoaus</span> <span class='ocrx_word' id='word_1_155' title='bbox 867 1975 1084 2057; x_wconf 76' lang='lat' dir='ltr'>Ecunuu</span> <span class='ocrx_word' id='word_1_156' title='bbox 1108 1973 1153 2054; x_wconf 71' lang='lat' dir='ltr'>a</span> <span class='ocrx_word' id='word_1_157' title='bbox 1181 1976 1332 2073; x_wconf 74' lang='lat' dir='ltr'>ncrrpt.</span> <span class='ocrx_word' id='word_1_158' title='bbox 1371 1971 1466 2056; x_wconf 76' lang='lat' dir='ltr'>ord.</span> <span class='ocrx_word' id='word_1_159' title='bbox 1494 1971 1674 2052; x_wconf 64' lang='lat' dir='ltr'>Praedo·</span> <span class='ocrx_word' id='word_1_160' title='bbox 1703 1986 1734 2053; x_wconf 80' lang='lat' dir='ltr'>t·</span> <span class='ocrx_word' id='word_1_161' title='bbox 1769 1997 1805 2053; x_wconf 84' lang='lat'>2·</span> <span class='ocrx_word' id='word_1_162' title='bbox 1831 1993 1873 2076; x_wconf 82' lang='lat' dir='ltr'>r·</span> <span class='ocrx_word' id='word_1_163' title='bbox 1909 1991 1997 2079; x_wconf 76' lang='lat'>193&#39;·</span> 
     </span>
     <span class='ocr_line' id='line_1_16' title="bbox 570 2089 1999 2290; baseline 0.025 -39"><span class='ocrx_word' id='word_1_164' title='bbox 570 2089 815 2290; x_wconf 52' lang='lat' dir='ltr'>oeI⁸ngnem</span> <span class='ocrx_word' id='word_1_165' title='bbox 841 2186 889 2262; x_wconf 91' lang='lat' dir='ltr'>G.</span> <span class='ocrx_word' id='word_1_166' title='bbox 920 2182 966 2260; x_wconf 89' lang='lat' dir='ltr'>dc</span> <span class='ocrx_word' id='word_1_167' title='bbox 995 2180 1195 2282; x_wconf 82' lang='lat' dir='ltr'>Sepulveda</span> <span class='ocrx_word' id='word_1_168' title='bbox 1231 2185 1352 2266; x_wconf 82' lang='lat' dir='ltr'>virum</span> <span class='ocrx_word' id='word_1_169' title='bbox 1389 2183 1592 2286; x_wconf 68' lang='lat' dir='ltr'>insigssefflt</span> <span class='ocrx_word' id='word_1_170' title='bbox 1619 2180 1835 2262; x_wconf 64' lang='lat' dir='ltr'>Cicesfflem</span> <span class='ocrx_word' id='word_1_171' title='bbox 1862 2180 1999 2287; x_wconf 46' lang='lat' dir='ltr'>Hispal</span> 
     </span>
     <span class='ocr_line' id='line_1_17' title="bbox 560 2286 1089 2372; baseline -0.009 -1"><span class='ocrx_word' id='word_1_172' title='bbox 560 2315 650 2372; x_wconf 91' lang='lat' dir='ltr'>num</span> <span class='ocrx_word' id='word_1_173' title='bbox 672 2313 738 2368; x_wconf 89' lang='lat' dir='ltr'>suo</span> <span class='ocrx_word' id='word_1_174' title='bbox 767 2289 910 2367; x_wconf 91' lang='lat' dir='ltr'>saeculo</span> <span class='ocrx_word' id='word_1_175' title='bbox 936 2286 1089 2367; x_wconf 87' lang='lat' dir='ltr'>dictum.</span> 
     </span>
    </p>
   </div>
   <div class='ocr_carea' id='block_1_4' title="bbox 561 2489 2007 3940">
    <p class='ocr_par' dir='ltr' id='par_1_5' title="bbox 561 2489 2001 2695">
     <span class='ocr_line' id='line_1_18' title="bbox 614 2489 2001 2596; baseline -0.002 -19"><span class='ocrx_word' id='word_1_176' title='bbox 614 2495 910 2577; x_wconf 84' lang='lat' dir='ltr'>GREGORlUS</span> <span class='ocrx_word' id='word_1_177' title='bbox 938 2493 1228 2596; x_wconf 82' lang='lat' dir='ltr'>MAJANSIUS</span> <span class='ocrx_word' id='word_1_178' title='bbox 1259 2497 1414 2572; x_wconf 75' lang='lat' dir='ltr'>iuvita</span> <span class='ocrx_word' id='word_1_179' title='bbox 1443 2489 1544 2571; x_wconf 80' lang='lat' dir='ltr'>Ant.</span> <span class='ocrx_word' id='word_1_180' title='bbox 1574 2496 1778 2594; x_wconf 74' lang='lat' dir='ltr'>Augustini</span> <span class='ocrx_word' id='word_1_181' title='bbox 1811 2513 1861 2572; x_wconf 73' lang='lat' dir='ltr'>ex</span> <span class='ocrx_word' id='word_1_182' title='bbox 1904 2493 2001 2574; x_wconf 76' lang='lat' dir='ltr'>edit.</span> 
     </span>
     <span class='ocr_line' id='line_1_19' title="bbox 561 2597 1241 2695; baseline -0.006 -16"><span class='ocrx_word' id='word_1_183' title='bbox 561 2599 710 2678; x_wconf 84' lang='lat' dir='ltr'>Latina</span> <span class='ocrx_word' id='word_1_184' title='bbox 743 2599 870 2673; x_wconf 84' lang='lat' dir='ltr'><em>Lucae</em></span> <span class='ocrx_word' id='word_1_185' title='bbox 904 2605 1015 2695; x_wconf 88' lang='lat'>1766.</span> <span class='ocrx_word' id='word_1_186' title='bbox 1038 2617 1078 2693; x_wconf 83' lang='lat' dir='ltr'>p.</span> <span class='ocrx_word' id='word_1_187' title='bbox 1104 2597 1241 2675; x_wconf 87' lang='lat' dir='ltr'>XXIX.</span> 
     </span>
    </p>

    <p class='ocr_par' dir='ltr' id='par_1_6' title="bbox 563 2697 2007 3940">
     <span class='ocr_line' id='line_1_20' title="bbox 648 2697 2003 2804; baseline -0.002 -25"><span class='ocrx_word' id='word_1_188' title='bbox 648 2704 707 2804; x_wconf 91' lang='lat' dir='ltr'>Jo.</span> <span class='ocrx_word' id='word_1_189' title='bbox 725 2703 818 2778; x_wconf 85' lang='lat' dir='ltr'>Gen.</span> <span class='ocrx_word' id='word_1_190' title='bbox 833 2699 1035 2798; x_wconf 87' lang='lat' dir='ltr'>Sepulveda</span> <span class='ocrx_word' id='word_1_191' title='bbox 1062 2699 1191 2779; x_wconf 86' lang='lat' dir='ltr'>doctus</span> <span class='ocrx_word' id='word_1_192' title='bbox 1213 2703 1251 2778; x_wconf 91' lang='lat' dir='ltr'>in</span> <span class='ocrx_word' id='word_1_193' title='bbox 1280 2697 1404 2800; x_wconf 85' lang='lat' dir='ltr'>primis</span> <span class='ocrx_word' id='word_1_194' title='bbox 1431 2717 1541 2801; x_wconf 87' lang='lat' dir='ltr'>atque</span> <span class='ocrx_word' id='word_1_195' title='bbox 1574 2700 1745 2800; x_wconf 86' lang='lat' dir='ltr'>eloquens</span> <span class='ocrx_word' id='word_1_196' title='bbox 1784 2701 1854 2780; x_wconf 88' lang='lat' dir='ltr'>vir.</span> <span class='ocrx_word' id='word_1_197' title='bbox 1886 2707 1903 2802; x_wconf 88' lang='lat'>(</span> <span class='ocrx_word' id='word_1_198' title='bbox 1926 2699 2003 2776; x_wconf 85' lang='lat' dir='ltr'>Re·</span> 
     </span>
     <span class='ocr_line' id='line_1_21' title="bbox 567 2803 2000 2904; baseline -0.002 -22"><span class='ocrx_word' id='word_1_199' title='bbox 567 2821 692 2884; x_wconf 83' lang='lat' dir='ltr'>censet</span> <span class='ocrx_word' id='word_1_200' title='bbox 710 2804 936 2904; x_wconf 83' lang='lat' dir='ltr'>Majanrius</span> <span class='ocrx_word' id='word_1_201' title='bbox 961 2804 1060 2898; x_wconf 85' lang='lat' dir='ltr'>fata</span> <span class='ocrx_word' id='word_1_202' title='bbox 1088 2803 1367 2898; x_wconf 71' lang='lat' dir='ltr'>Democrates,</span> <span class='ocrx_word' id='word_1_203' title='bbox 1393 2811 1547 2880; x_wconf 85' lang='lat' dir='ltr'>comitia</span> <span class='ocrx_word' id='word_1_204' title='bbox 1573 2804 1861 2880; x_wconf 81' lang='lat' dir='ltr'>Vallisoletana</span> <span class='ocrx_word' id='word_1_205' title='bbox 1888 2856 1900 2898; x_wconf 88' lang='lat'>,</span> <span class='ocrx_word' id='word_1_206' title='bbox 1928 2827 2000 2879; x_wconf 79' lang='lat' dir='ltr'>aa·</span> 
     </span>
     <span class='ocr_line' id='line_1_22' title="bbox 563 2905 2000 3009; baseline -0.001 -21"><span class='ocrx_word' id='word_1_207' title='bbox 563 2915 685 2990; x_wconf 81' lang='lat' dir='ltr'>ctoris</span> <span class='ocrx_word' id='word_1_208' title='bbox 707 2911 832 2984; x_wconf 83' lang='lat' dir='ltr'>hostes</span> <span class='ocrx_word' id='word_1_209' title='bbox 849 2957 859 2998; x_wconf 89' lang='lat'>,</span> <span class='ocrx_word' id='word_1_210' title='bbox 874 2922 951 2981; x_wconf 82' lang='lat' dir='ltr'>tum</span> <span class='ocrx_word' id='word_1_211' title='bbox 970 2907 1164 3009; x_wconf 82' lang='lat' dir='ltr'>subjungit</span> <span class='ocrx_word' id='word_1_212' title='bbox 1183 2906 1222 2999; x_wconf 90' lang='lat'>):</span> <span class='ocrx_word' id='word_1_213' title='bbox 1246 2905 1496 3000; x_wconf 86' lang='lat' dir='ltr'>Quamobrem</span> <span class='ocrx_word' id='word_1_214' title='bbox 1511 2907 1630 2984; x_wconf 87' lang='lat' dir='ltr'>minus</span> <span class='ocrx_word' id='word_1_215' title='bbox 1646 2908 1777 2984; x_wconf 88' lang='lat' dir='ltr'>mitum</span> <span class='ocrx_word' id='word_1_216' title='bbox 1792 2907 1909 2984; x_wconf 90' lang='lat' dir='ltr'>videri</span> <span class='ocrx_word' id='word_1_217' title='bbox 1933 2906 2000 2986; x_wconf 71' lang='lat' dir='ltr'>de¹¹</span> 
     </span>
     <span class='ocr_line' id='line_1_23' title="bbox 564 3006 1999 3111; baseline -0.003 -21"><span class='ocrx_word' id='word_1_218' title='bbox 564 3017 656 3106; x_wconf 85' lang='lat' dir='ltr'>bet,</span> <span class='ocrx_word' id='word_1_219' title='bbox 683 3006 924 3089; x_wconf 88' lang='lat' dir='ltr'>Melchiorem</span> <span class='ocrx_word' id='word_1_220' title='bbox 955 3011 1135 3104; x_wconf 86' lang='lat' dir='ltr'>Canum,</span> <span class='ocrx_word' id='word_1_221' title='bbox 1165 3013 1232 3111; x_wconf 89' lang='lat' dir='ltr'>qui</span> <span class='ocrx_word' id='word_1_222' title='bbox 1266 3012 1313 3090; x_wconf 87' lang='lat' dir='ltr'>ad</span> <span class='ocrx_word' id='word_1_223' title='bbox 1335 3010 1469 3088; x_wconf 82' lang='lat' dir='ltr'>Insulas</span> <span class='ocrx_word' id='word_1_224' title='bbox 1502 3010 1701 3088; x_wconf 84' lang='lat' dir='ltr'>fortunatas</span> <span class='ocrx_word' id='word_1_225' title='bbox 1735 3011 1999 3109; x_wconf 84' lang='lat' dir='ltr'>amplissimum</span> 
     </span>
     <span class='ocr_line' id='line_1_24' title="bbox 563 3112 1998 3220; baseline -0.002 -26"><span class='ocrx_word' id='word_1_226' title='bbox 563 3115 713 3220; x_wconf 84' lang='lat' dir='ltr'>gerebat</span> <span class='ocrx_word' id='word_1_227' title='bbox 738 3113 1011 3206; x_wconf 87' lang='lat' dir='ltr'>sacerdotium,</span> <span class='ocrx_word' id='word_1_228' title='bbox 1041 3115 1172 3213; x_wconf 89' lang='lat' dir='ltr'>virque</span> <span class='ocrx_word' id='word_1_229' title='bbox 1201 3135 1276 3192; x_wconf 92' lang='lat' dir='ltr'>erat</span> <span class='ocrx_word' id='word_1_230' title='bbox 1311 3115 1490 3213; x_wconf 82' lang='lat' dir='ltr'>praeclara</span> <span class='ocrx_word' id='word_1_231' title='bbox 1519 3112 1749 3204; x_wconf 84' lang='lat' dir='ltr'>eruditione,</span> <span class='ocrx_word' id='word_1_232' title='bbox 1776 3137 1998 3214; x_wconf 87' lang='lat' dir='ltr'>summoque</span> 
     </span>
     <span class='ocr_line' id='line_1_25' title="bbox 563 3214 2002 3396; baseline -0.001 -100"><span class='ocrx_word' id='word_1_233' title='bbox 563 3221 739 3396; x_wconf 51' lang='lat' dir='ltr'>ingenitis,</span> <span class='ocrx_word' id='word_1_234' title='bbox 768 3215 831 3294; x_wconf 86' lang='lat' dir='ltr'>sed</span> <span class='ocrx_word' id='word_1_235' title='bbox 857 3237 984 3294; x_wconf 83' lang='lat' dir='ltr'>natura</span> <span class='ocrx_word' id='word_1_236' title='bbox 1010 3221 1265 3395; x_wconf 46' lang='grc' dir='ltr'>αξρεξτῑιιιυῖὶ</span> <span class='ocrx_word' id='word_1_237' title='bbox 1279 3219 1331 3296; x_wconf 88' lang='lat' dir='ltr'>lta</span> <span class='ocrx_word' id='word_1_238' title='bbox 1359 3216 1405 3293; x_wconf 87' lang='lat' dir='ltr'>de</span> <span class='ocrx_word' id='word_1_239' title='bbox 1431 3217 1588 3394; x_wconf 52' lang='grc' dir='ltr'>(ὶεὲσςὲο</span> <span class='ocrx_word' id='word_1_240' title='bbox 1609 3214 1811 3396; x_wconf 52' lang='grc' dir='ltr'>δεῖρὶιίνῗάα</span> <span class='ocrx_word' id='word_1_241' title='bbox 1836 3217 2002 3294; x_wconf 86' lang='lat' dir='ltr'>illibera-</span> 
     </span>
     <span class='ocr_line' id='line_1_26' title="bbox 565 3316 2004 3527; baseline -0.002 -24"><span class='ocrx_word' id='word_1_242' title='bbox 565 3325 688 3527; x_wconf 67' lang='lat' dir='ltr'>fill.</span> <span class='ocrx_word' id='word_1_243' title='bbox 709 3323 1280 3524; x_wconf 53' lang='lat' dir='ltr'>‘Xi‘lmll‘luss‘lllimlulia</span> <span class='ocrx_word' id='word_1_244' title='bbox 1304 3339 1533 3520; x_wconf 64' lang='lat' dir='ltr'>nair,</span> <span class='ocrx_word' id='word_1_245' title='bbox 1558 3316 2004 3515; x_wconf 49' lang='lat' dir='ltr'>lliuo‘llla’lfflll&#39;s]</span> 
     </span>
     <span class='ocr_line' id='line_1_27' title="bbox 566 3522 2004 3630; baseline -0.003 -23"><span class='ocrx_word' id='word_1_246' title='bbox 566 3546 693 3630; x_wconf 88' lang='lat' dir='ltr'>„certe</span> <span class='ocrx_word' id='word_1_247' title='bbox 721 3546 758 3604; x_wconf 94' lang='lat' dir='ltr'>et</span> <span class='ocrx_word' id='word_1_248' title='bbox 787 3526 982 3626; x_wconf 88' lang='lat' dir='ltr'>eloquendi</span> <span class='ocrx_word' id='word_1_249' title='bbox 1009 3547 1085 3605; x_wconf 91' lang='lat' dir='ltr'>arte</span> <span class='ocrx_word' id='word_1_250' title='bbox 1110 3528 1252 3621; x_wconf 89' lang='lat' dir='ltr'>clatus,</span> <span class='ocrx_word' id='word_1_251' title='bbox 1268 3549 1341 3606; x_wconf 84' lang='lat' dir='ltr'>eta</span> <span class='ocrx_word' id='word_1_252' title='bbox 1360 3522 1586 3626; x_wconf 85' lang='lat' dir='ltr'>Theologiae</span> <span class='ocrx_word' id='word_1_253' title='bbox 1611 3523 1733 3603; x_wconf 90' lang='lat' dir='ltr'>studio</span> <span class='ocrx_word' id='word_1_254' title='bbox 1759 3551 1832 3602; x_wconf 92' lang='lat' dir='ltr'>non</span> <span class='ocrx_word' id='word_1_255' title='bbox 1862 3523 2004 3604; x_wconf 87' lang='lat' dir='ltr'>abhor-</span> 
     </span>
     <span class='ocr_line' id='line_1_28' title="bbox 568 3627 2005 3732; baseline 0.001 -26"><span class='ocrx_word' id='word_1_256' title='bbox 568 3628 718 3732; x_wconf 85' lang='lat' dir='ltr'>„rens.“</span> <span class='ocrx_word' id='word_1_257' title='bbox 746 3627 860 3706; x_wconf 86' lang='lat' dir='ltr'>Adeo</span> <span class='ocrx_word' id='word_1_258' title='bbox 882 3628 1057 3707; x_wconf 86' lang='lat' dir='ltr'>inurbana</span> <span class='ocrx_word' id='word_1_259' title='bbox 1083 3632 1245 3708; x_wconf 88' lang='lat' dir='ltr'>oratione</span> <span class='ocrx_word' id='word_1_260' title='bbox 1272 3630 1385 3731; x_wconf 87' lang='lat' dir='ltr'>magis</span> <span class='ocrx_word' id='word_1_261' title='bbox 1413 3628 1629 3706; x_wconf 86' lang='lat' dir='ltr'>Ciceronem</span> <span class='ocrx_word' id='word_1_262' title='bbox 1653 3633 1671 3726; x_wconf 85' lang='lat'>(</span> <span class='ocrx_word' id='word_1_263' title='bbox 1696 3628 1741 3702; x_wconf 86' lang='lat' dir='ltr'>de</span> <span class='ocrx_word' id='word_1_264' title='bbox 1765 3629 1879 3707; x_wconf 84' lang='lat' dir='ltr'>Orat.</span> <span class='ocrx_word' id='word_1_265' title='bbox 1908 3631 1937 3704; x_wconf 90' lang='grc' dir='ltr'>Ι.</span> <span class='ocrx_word' id='word_1_266' title='bbox 1970 3652 2005 3708; x_wconf 86' lang='lat' dir='ltr'>r.</span> 
     </span>
     <span class='ocr_line' id='line_1_29' title="bbox 569 3729 2007 3834; baseline -0.001 -23"><span class='ocrx_word' id='word_1_267' title='bbox 569 3761 603 3813; x_wconf 87' lang='lat' dir='ltr'>c.</span> <span class='ocrx_word' id='word_1_268' title='bbox 636 3729 737 3834; x_wconf 84' lang='lat'>83.)</span> <span class='ocrx_word' id='word_1_269' title='bbox 762 3733 923 3810; x_wconf 88' lang='lat' dir='ltr'>imitatus</span> <span class='ocrx_word' id='word_1_270' title='bbox 942 3731 1034 3808; x_wconf 91' lang='lat' dir='ltr'>mihi</span> <span class='ocrx_word' id='word_1_271' title='bbox 1049 3734 1172 3811; x_wconf 86' lang='lat' dir='ltr'>Canus</span> <span class='ocrx_word' id='word_1_272' title='bbox 1206 3732 1323 3813; x_wconf 87' lang='lat' dir='ltr'>videri</span> <span class='ocrx_word' id='word_1_273' title='bbox 1347 3729 1458 3824; x_wconf 90' lang='lat' dir='ltr'>solet,</span> <span class='ocrx_word' id='word_1_274' title='bbox 1487 3755 1597 3831; x_wconf 88' lang='lat' dir='ltr'>quam</span> <span class='ocrx_word' id='word_1_275' title='bbox 1629 3755 1672 3808; x_wconf 88' lang='lat' dir='ltr'>ea</span> <span class='ocrx_word' id='word_1_276' title='bbox 1695 3731 1840 3812; x_wconf 86' lang='lat' dir='ltr'>locutus</span> <span class='ocrx_word' id='word_1_277' title='bbox 1866 3785 1877 3826; x_wconf 95' lang='lat'>,</span> <span class='ocrx_word' id='word_1_278' title='bbox 1906 3755 2007 3833; x_wconf 79' lang='lat' dir='ltr'>quan</span> 
     </span>
     <span class='ocr_line' id='line_1_30' title="bbox 568 3832 1657 3940; baseline -0.004 -24"><span class='ocrx_word' id='word_1_279' title='bbox 568 3837 719 3940; x_wconf 77' lang='lat' dir='ltr'>quidem</span> <span class='ocrx_word' id='word_1_280' title='bbox 745 3835 982 3936; x_wconf 80' lang='lat' dir='ltr'>Sepuvedam</span> <span class='ocrx_word' id='word_1_281' title='bbox 1006 3836 1097 3916; x_wconf 86' lang='lat' dir='ltr'>tanti</span> <span class='ocrx_word' id='word_1_282' title='bbox 1118 3837 1418 3917; x_wconf 82' lang='lat' dir='ltr'>nominls.virum</span> <span class='ocrx_word' id='word_1_283' title='bbox 1446 3832 1657 3914; x_wconf 74' lang='lat' dir='ltr'>docuissent.</span> 
     </span>
    </p>
   </div>
   <div class='ocr_carea' id='block_1_5' title="bbox 563 4139 2010 4658">
    <p class='ocr_par' dir='ltr' id='par_1_7' title="bbox 563 4139 2010 4658">
     <span class='ocr_line' id='line_1_31' title="bbox 675 4139 2008 4247; baseline 0.004 -28"><span class='ocrx_word' id='word_1_284' title='bbox 675 4141 782 4222; x_wconf 88' lang='lat' dir='ltr'>Plura</span> <span class='ocrx_word' id='word_1_285' title='bbox 823 4141 975 4246; x_wconf 70' lang='lat' dir='ltr'>qudem</span> <span class='ocrx_word' id='word_1_286' title='bbox 1010 4144 1202 4226; x_wconf 88' lang='lat' dir='ltr'>doctorum</span> <span class='ocrx_word' id='word_1_287' title='bbox 1230 4149 1394 4226; x_wconf 90' lang='lat' dir='ltr'>virorum</span> <span class='ocrx_word' id='word_1_288' title='bbox 1421 4147 1458 4220; x_wconf 92' lang='lat' dir='ltr'>in</span> <span class='ocrx_word' id='word_1_289' title='bbox 1488 4139 1725 4247; x_wconf 82' lang='lat' dir='ltr'>Sepnlvedam</span> <span class='ocrx_word' id='word_1_290' title='bbox 1764 4141 1895 4222; x_wconf 85' lang='lat' dir='ltr'>collata</span> <span class='ocrx_word' id='word_1_291' title='bbox 1925 4143 2008 4224; x_wconf 77' lang='lat' dir='ltr'>elo⁴</span> 
     </span>
     <span class='ocr_line' id='line_1_32' title="bbox 573 4243 2005 4351; baseline -0.002 -26"><span class='ocrx_word' id='word_1_292' title='bbox 573 4248 634 4350; x_wconf 85' lang='lat' dir='ltr'>gia</span> <span class='ocrx_word' id='word_1_293' title='bbox 673 4243 747 4325; x_wconf 92' lang='lat' dir='ltr'>huc</span> <span class='ocrx_word' id='word_1_294' title='bbox 777 4249 934 4326; x_wconf 88' lang='lat' dir='ltr'>conferri</span> <span class='ocrx_word' id='word_1_295' title='bbox 972 4272 1149 4346; x_wconf 87' lang='lat' dir='ltr'>possent,</span> <span class='ocrx_word' id='word_1_296' title='bbox 1187 4249 1251 4330; x_wconf 90' lang='lat' dir='ltr'>sed</span> <span class='ocrx_word' id='word_1_297' title='bbox 1287 4253 1355 4329; x_wconf 84' lang='lat' dir='ltr'>alia</span> <span class='ocrx_word' id='word_1_298' title='bbox 1386 4251 1479 4328; x_wconf 89' lang='lat' dir='ltr'>inter</span> <span class='ocrx_word' id='word_1_299' title='bbox 1514 4248 1680 4351; x_wconf 86' lang='lat' dir='ltr'>epistolas</span> <span class='ocrx_word' id='word_1_300' title='bbox 1712 4244 1790 4345; x_wconf 82' lang='lat' dir='ltr'>ejus</span> <span class='ocrx_word' id='word_1_301' title='bbox 1817 4248 2005 4350; x_wconf 89' lang='lat' dir='ltr'>leguntur,</span> 
     </span>
     <span class='ocr_line' id='line_1_33' title="bbox 572 4348 2005 4455; baseline 0 -27"><span class='ocrx_word' id='word_1_302' title='bbox 572 4353 641 4428; x_wconf 88' lang='lat' dir='ltr'>alia</span> <span class='ocrx_word' id='word_1_303' title='bbox 672 4351 709 4424; x_wconf 90' lang='lat' dir='ltr'>in</span> <span class='ocrx_word' id='word_1_304' title='bbox 738 4371 860 4428; x_wconf 88' lang='lat' dir='ltr'>nostro</span> <span class='ocrx_word' id='word_1_305' title='bbox 883 4349 1180 4448; x_wconf 84' lang='lat' dir='ltr'>Commentario,</span> <span class='ocrx_word' id='word_1_306' title='bbox 1208 4354 1277 4430; x_wconf 87' lang='lat' dir='ltr'>alia</span> <span class='ocrx_word' id='word_1_307' title='bbox 1312 4352 1471 4455; x_wconf 88' lang='lat' dir='ltr'>denique</span> <span class='ocrx_word' id='word_1_308' title='bbox 1506 4352 1605 4454; x_wconf 89' lang='lat' dir='ltr'>apud</span> <span class='ocrx_word' id='word_1_309' title='bbox 1628 4348 1848 4442; x_wconf 89' lang='lat' dir='ltr'>Schotrum,</span> <span class='ocrx_word' id='word_1_310' title='bbox 1877 4352 2005 4428; x_wconf 87' lang='lat' dir='ltr'>Anto·</span> 
     </span>
     <span class='ocr_line' id='line_1_34' title="bbox 563 4450 2004 4557; baseline 0.001 -31"><span class='ocrx_word' id='word_1_311' title='bbox 563 4454 677 4527; x_wconf 82' lang='lat' dir='ltr'>¹nium</span> <span class='ocrx_word' id='word_1_312' title='bbox 698 4473 736 4529; x_wconf 90' lang='lat' dir='ltr'>et</span> <span class='ocrx_word' id='word_1_313' title='bbox 761 4452 861 4532; x_wconf 89' lang='lat' dir='ltr'>alios.</span> <span class='ocrx_word' id='word_1_314' title='bbox 885 4454 1022 4530; x_wconf 85' lang='lat' dir='ltr'>Eorum</span> <span class='ocrx_word' id='word_1_315' title='bbox 1048 4481 1134 4533; x_wconf 90' lang='lat' dir='ltr'>vero</span> <span class='ocrx_word' id='word_1_316' title='bbox 1163 4459 1389 4548; x_wconf 84' lang='lat' dir='ltr'>testimonia,</span> <span class='ocrx_word' id='word_1_317' title='bbox 1421 4458 1488 4557; x_wconf 90' lang='lat' dir='ltr'>qui</span> <span class='ocrx_word' id='word_1_318' title='bbox 1510 4459 1690 4534; x_wconf 85' lang='lat' dir='ltr'>Auctores</span> <span class='ocrx_word' id='word_1_319' title='bbox 1710 4478 1732 4532; x_wconf 89' lang='lat' dir='ltr'>a</span> <span class='ocrx_word' id='word_1_320' title='bbox 1751 4453 1855 4530; x_wconf 86' lang='lat' dir='ltr'>nobis</span> <span class='ocrx_word' id='word_1_321' title='bbox 1879 4450 2004 4531; x_wconf 85' lang='lat' dir='ltr'>addu··</span> 
     </span>
     <span class='ocr_line' id='line_1_35' title="bbox 565 4557 2010 4658; baseline 0 -26"><span class='ocrx_word' id='word_1_322' title='bbox 565 4574 655 4632; x_wconf 82' lang='lat' dir='ltr'>-ctos</span> <span class='ocrx_word' id='word_1_323' title='bbox 682 4559 920 4652; x_wconf 63' lang='lat' dir='ltr'>exsternere,</span> <span class='ocrx_word' id='word_1_324' title='bbox 945 4580 1012 4635; x_wconf 94' lang='lat' dir='ltr'>nec</span> <span class='ocrx_word' id='word_1_325' title='bbox 1035 4561 1111 4653; x_wconf 86' lang='lat' dir='ltr'>ipsa</span> <span class='ocrx_word' id='word_1_326' title='bbox 1132 4557 1351 4658; x_wconf 77' lang='lat' dir='ltr'>Sepulvedae</span> <span class='ocrx_word' id='word_1_327' title='bbox 1377 4582 1488 4658; x_wconf 86' lang='lat' dir='ltr'>opera</span> <span class='ocrx_word' id='word_1_328' title='bbox 1514 4557 1684 4637; x_wconf 87' lang='lat' dir='ltr'>videntur</span> <span class='ocrx_word' id='word_1_329' title='bbox 1714 4557 1932 4656; x_wconf 87' lang='lat' dir='ltr'>lnspexisse,</span> <span class='ocrx_word' id='word_1_330' title='bbox 1966 4575 2010 4632; x_wconf 89' lang='lat' dir='ltr'>ut</span> 
     </span>
    </p>
   </div>
   <div class='ocr_carea' id='block_1_6' title="bbox 566 4654 2007 4766">
    <p class='ocr_par' dir='ltr' id='par_1_8' title="bbox 566 4654 2007 4766">
     <span class='ocr_line' id='line_1_36' title="bbox 566 4654 2007 4766; baseline 0 -25"><span class='ocrx_word' id='word_1_331' title='bbox 566 4676 717 4741; x_wconf 81' lang='lat' dir='ltr'>tectum</span> <span class='ocrx_word' id='word_1_332' title='bbox 730 4654 776 4739; x_wconf 87' lang='lat' dir='ltr'>de</span> <span class='ocrx_word' id='word_1_333' title='bbox 790 4659 834 4736; x_wconf 86' lang='lat' dir='ltr'>ils</span> <span class='ocrx_word' id='word_1_334' title='bbox 847 4657 1026 4759; x_wconf 85' lang='lat' dir='ltr'>judicium</span> <span class='ocrx_word' id='word_1_335' title='bbox 1040 4658 1197 4756; x_wconf 83' lang='lat' dir='ltr'>ferrent,</span> <span class='ocrx_word' id='word_1_336' title='bbox 1222 4659 1417 4766; x_wconf 79' lang='lat' dir='ltr'>prudentes</span> <span class='ocrx_word' id='word_1_337' title='bbox 1429 4663 1655 4765; x_wconf 85' lang='lat' dir='ltr'>scientesque</span> <span class='ocrx_word' id='word_1_338' title='bbox 1669 4659 2007 4764; x_wconf 75' lang='lat' dir='ltr'>praetermissimus.</span> 
     </span>
    </p>
   </div>
   <div class='ocr_carea' id='block_1_7' title="bbox 0 0 2182 5972">
    <p class='ocr_par' dir='ltr' id='par_1_9' title="bbox 0 0 2182 5972">
     <span class='ocr_line' id='line_1_37' title="bbox 0 0 2182 5972; baseline 0 0"><span class='ocrx_word' id='word_1_339' title='bbox 0 0 2182 5972; x_wconf 95' lang='lat' dir='ltr'> </span> 
     </span>
    </p>
   </div>
  </div>
 </body>
</html>
