4294 5984
547 473 601 561 68
953 467 1037 552 DE
1078 466 1286 550 REBUS
1328 461 1553 550 <sl-:stre

509 645 620 748 tiam
662 632 870 740 Marchio
915 629 1075 730 adduci
1118 669 1213 730 non
1255 627 1439 770 potuit,
1481 619 1773 770 quinetiam
1817 625 1983 774 oppidi

513 788 647 935 portis
684 779 889 897 occlusis,
929 774 1112 876 transitu
1148 771 1325 918 pontis,
1362 771 1444 912 qui
1478 771 1671 875 Durium
1707 809 1890 876 amnem
1926 779 1984 878 ad

515 928 723 1039 Torsillas
752 918 1020 1039 committit,
1051 919 1336 1031 Antonium,
1363 912 1509 1055 siquid
1536 951 1755 1042 tentaret,
1796 959 1841 1018 se
1876 958 1984 1060 pro-

514 1076 756 1181 hibiturum
795 1061 1102 1170 confirmanus
1150 1095 1304 1163 contra
1351 1069 1472 1191 cujus
1513 1061 1790 1162 voluntatem
1832 1071 1980 1167 Anto-

518 1222 616 1326 nius
651 1251 915 1360 praetorque
954 1206 1067 1308 nihil
1104 1203 1360 1308 conandum
1394 1201 1504 1323 rati,
1540 1244 1597 1305 ne
1633 1205 1832 1348 ipsorum
1867 1247 1980 1310 con-

520 1363 662 1468 tentio
687 1359 809 1462 fieret
840 1351 1123 1500 popularium
1159 1347 1357 1470 occasio,
1381 1349 1619 1454 Areualum
1654 1389 1759 1453 cum
1794 1348 1882 1452 suis
1918 1392 1981 1456 re-

518 1542 770 1615 vertuntur.

558 1661 780 1755 XXVIII.
818 1644 1135 1752 Valdolitenses
1170 1679 1346 1764 autem,
1380 1641 1460 1746 ubi
1496 1643 1551 1745 de
1587 1641 1796 1749 incendio
1831 1683 1876 1745 et
1910 1687 1981 1748 ca·

519 1798 718 1899 lamitate
753 1792 1161 1930 Methymnensium
1196 1827 1477 1934 cognovere,
1513 1825 1689 1892 tantum
1732 1789 1893 1891 odium
1934 1791 1980 1891 in

519 1940 773 2043 Antonium
798 1950 1032 2038 Fonsecam
1055 1969 1383 2078 conceperunt,
1417 1969 1469 2033 ut
1493 1933 1746 2077 magnificas
1784 1945 1875 2064 ejus
1911 1976 1978 2034 ae-

521 2084 597 2183 des
632 2083 823 2225 direptas
848 2081 1158 2188 incenderent3
1194 2079 1412 2218 simulque
1448 2117 1627 2221 agerent
1663 2119 1767 2180 cum
1792 2078 1980 2179 Hadria-

521 2269 603 2347 no,
624 2264 676 2328 ut
711 2227 858 2369 legem
891 2221 1022 2325 ferret
1057 2226 1113 2325 de
1150 2218 1417 2364 praefectura
1446 2223 1487 2322 ei
1520 2226 1803 2366 abroganda,
1843 2263 1979 2365 quam

519 2372 590 2482 ille
627 2371 772 2512 legem
806 2370 954 2472 statim
997 2409 1049 2468 ex
1093 2368 1229 2509 Regii
1272 2381 1448 2468 Senatus
1492 2366 1680 2468 consilio
1721 2406 1796 2510 per
1839 2367 1980 2467 tirno-

521 2553 615 2617 tem
639 2515 772 2614 latam
801 2511 1129 2653 promulgavit.
1167 2521 1274 2610 Hoc
1302 2505 1451 2610 furore
1478 2509 1604 2612 latius
1634 2547 1855 2652 serpente,
1891 2511 1981 2612 do-

520 2698 623 2762 mus
668 2695 850 2799 quoque
892 2654 1104 2756 Francisci
1144 2667 1301 2756 Sernae
1311 2731 1331 2774 ,
1363 2650 1443 2794 qui
1479 2654 1646 2799 legatus
1693 2655 1752 2756 ad
1783 2653 1980 2754 Flavium

519 2801 794 2942 Brigaminm
830 2799 1057 2942 postulatis
1092 2797 1245 2943 Regiis
1291 2794 1547 2940 suffragatus
1591 2794 1771 2922 firerat,
1811 2798 1979 2938 direpta

522 2979 610 3060 est,
635 2945 800 3086 vixque
834 2942 900 3046 ab=
927 2943 1134 3046 incendio
1170 2976 1488 3084 temperatum,
1520 2985 1576 3044 ne
1612 2945 1786 3048 vicinae
1821 2943 1979 3044 domus

521 3087 865 3232 conflagrarent.
915 3101 1064 3231 ltaque
1108 3101 1293 3189 Fonseca
1337 3124 1384 3187 et
1422 3087 1692 3230 Ronquillus
1746 3084 1856 3190 nihil
1898 3086 1979 3190 sibi

520 3265 667 3334 tutum
687 3233 802 3357 intra
825 3233 1057 3336 Castellam
1090 3225 1185 3333 fore
1210 3230 1531 3351 existimantes,
1562 3233 1674 3333 duos
1710 3231 1853 3334 modo
1889 3229 1975 3331 dies

520 3376 701 3477 Arevali
728 3377 1017 3498 commorati,
1049 3376 1198 3478 ceteris
1242 3375 1387 3478 insciis
1420 3413 1551 3478 nocte
1581 3378 1842 3517 intempesta
1878 3411 1979 3474 cum

523 3519 771 3622 domestico
816 3521 1028 3624 comitatu
1070 3517 1280 3665 profecti,
1319 3522 1375 3621 ad
1418 3521 1728 3664 Portugalliam
1763 3512 1981 3662 confuge·

522 3699 657 3786 tunt,
689 3667 806 3768 unde
843 3705 1075 3767 conscensa
1110 3665 1212 3769 navi
1247 3664 1297 3766 in
1332 3660 1532 3808 Belgium
1567 3666 1621 3766 ad
1647 3663 1861 3766 Catulum
1897 3701 1979 3765 sese

520 3843 803 3948 receperunt.
850 3811 939 3911 His
982 3808 1211 3954 digressis,
1254 3850 1305 3910 ea·
1332 3848 1527 3951 'quoque
1580 3849 1732 3911 manns
1777 3805 1979 3948 equiturn

520 3951 812 4093 peditumque
847 3995 899 4052 ex
935 3992 1058 4096 parte
1085 3953 1292 4054 dissoluta
1325 3988 1418 4074 est,
1448 3991 1586 4095 atque
1606 3950 1856 4054 Hadrianus
1890 3950 1980 4054 sine

519 4091 612 4190 ullo
657 4095 852 4196 militum
894 4099 1113 4238 praesidio
1150 4097 1354 4220 relictus,
1397 4133 1565 4239 praeter
1613 4135 1822 4240 paucos,
1868 4131 1977 4236 quos

516 4236 741 4338 custodiae
777 4240 916 4382 gratia
952 4241 1069 4345 circa
1101 4284 1150 4344 se·
1180 4239 1338 4345 habere
1373 4275 1682 4343 consueverat.

588 4391 756 4484 XXIX.
829 4394 994 4486 Interea
1028 4388 1251 4511 civitates,
1294 4385 1426 4528 pulsis
1465 4381 1822 4529 magistratibus,
1867 4417 1974 4522 quos

514 4532 660 4666 Reges
686 4528 830 4628 solent
855 4567 1025 4628 annuos
1063 4529 1311 4670 praeficere,
1342 4564 1386 4628 et
1409 4531 1500 4630 aliis
1521 4527 1730 4630 arbitratu
1758 4569 1841 4629 suo
1874 4561 1976 4626 con·

513 4667 702 4790 stinttis,
739 4709 830 4772 non
868 4670 1079 4771 desistunt
1114 4673 1225 4773 inter
1261 4711 1308 4770 se
1347 4709 1423 4814 per
1464 4672 1626 4775 litteras
1669 4709 1713 4772 et
1761 4669 1974 4786 nuntios,

511 4847 569 4912 ne
596 4809 681 4914 sibi
706 4812 755 4917 in
785 4855 835 4918 ea
870 4815 1098 4923 occasione
1130 4815 1299 4940 desint,
1323 4813 1573 4939 cohortari,
1600 4813 1972 4956 conspirantibus

1888 4991 1975 5099 que
