4294 5984
593 490 648 577 62
957 501 1039 578 ux:
1095 500 1295 578 nauus
1345 465 1566 580 cussis

543 661 719 805 quitum
755 659 1046 760 ducentorum
1081 655 1264 796 triginta
1300 655 1510 762 mittunt3
1553 652 1626 752 sed
1668 647 1740 752 hic
1752 728 1767 772 ,
1816 657 2002 798 cognito

543 803 875 949 Sagoviensiurn
918 799 1130 918 consili0,
1176 802 1267 940 qui'
1298 841 1340 897 se
1383 796 1558 938 publice
1606 795 1661 895 ad
1698 793 2001 904 obsistendum

542 946 889 1091 comparabant,
940 943 1138 1044 consistit
1185 945 1234 1042 in
1277 942 1446 1084 oppido
1493 941 1653 1060 Nivia,
1698 943 1822 1082 quod
1857 952 2001 1048 Sancta

540 1099 674 1196 traria
713 1106 984 1233 praenomen
1024 1084 1195 1208 habet,
1242 1083 1450 1228 abestque
1498 1126 1524 1184 a
1566 1085 1754 1228 Segovia
1796 1126 1998 1228 passuum

540 1232 735 1339 millibus
773 1233 952 1350 circiter·
984 1233 1029 1333 vi
1062 1233 1175 1339 inti3
1224 1267 1356 1370 atque
1398 1229 1464 1332 ibi
1505 1229 1687 1372 cognita
1730 1269 1855 1331 causa
1896 1235 1998 1368 (nec

541 1381 664 1482 enim
699 1382 874 1481 deerant
911 1274 1130 1479 maniicsti
1165 1375 1357 1476 criminis
1400 1378 1553 1510 testes)
1599 1377 1654 1475 ad
1696 1411 1875 1477 centum
1920 1375 1998 1478 lio·
2136 1475 2137 1504 ,

542 1526 706 1644 mines,
737 1563 849 1667 quos
885 1522 1079 1625 seditiosi
1121 1519 1294 1620 consilii
1331 1556 1522 1619 auctores
1558 1517 1868 1661 principesque
1905 1516 1997 1623 fixis·

541 1709 586 1770 se
635 1678 948 1809 compererat,
1000 1708 1051 1766 ex
1097 1663 1303 1765 tribunali
1357 1664 1625 1766 nominatim
1683 1666 1874 1785 citatos,
1918 1707 1997 1768 nec

539 1817 898 1953 respondentes,
924 1819 1194 1941 majestatem
1235 1809 1426 1950 Regiam
1463 1810 1669 1910 minuisse
1709 1810 1851 1911 videri
1892 1849 1996 1951 pro-

541 1956 760 2058 nuntiavit
794 1991 893 2098 post
928 1956 1069 2073 diem,
1113 1966 1247 2094 qu'atn
1286 1951 1370 2054 huc
1397 1991 1595 2075 venerat,
1622 1953 1918 2096 trigesimum,
1954 1993 1995 2058 et

542 2100 686 2244 capite
721 2102 951 2201 damnatos
987 2097 1267 2242 proscripsit.

609 2253 781 2347 XXIV.
854 2255 959 2344 Hoc
992 2242 1235 2344 multorum
1269 2241 1437 2345 nuntiis
1474 2243 1673 2387 perlat0,
1716 2243 1992 2388 Sagovienses

537 2390 596 2489 ad
637 2388 773 2490 trium
818 2388 1011 2489 millium
1055 2424 1324 2488 armatorum
1374 2428 1510 2489 manu
1562 2407 1711 2490 ‘coacta
1752 2424 1997 2530 praetorem

538 2571 801 2674 oppugnare
836 2566 1019 2672 patant,
1058 2532 1132 2631 sed
1167 2531 1239 2632 ille
1275 2570 1351 2674 per
1389 2532 1679 2674 exploratores
1723 2533 1859 2676 pridie
1901 2572 1997 2634 cer-

540 2677 631 2778 t'iot
672 2670 809 2776 factus
827 2753 846 2795 „
888 2676 943 2775 dc
985 2675 1132 2776 media
1172 2713 1305 2777 nocte
1347 2675 1613 2819 digreditur,
1657 2715 1699 2778 et
1741 2681 1797 2778 ad
1830 2678 1995 2778 llumen

543 2821 853 2942 Riomorum,
888 2859 1055 2924 novem
1091 2861 1116 2919 a
1152 2819 1338 2963 Sagovia
1374 2820 1599 2942 millibus,
1635 2824 1873 2924 adventum
1909 2822 1998 2922 illo

542 3001 645 3067 rum
681 2964 967 3104 exspectavit,
1005 2999 1048 3064 et
1084 2963 1228 3097 multo
1263 2974 1354 3096 jam
1391 2965 1461 3066 die
1496 2964 1660 3068 flumen
1695 2977 1897 3100 trajectus
1932 3006 1999 3108 ag·

543 3108 760 3252 greditut,
792 3143 835 3208 et
870 3103 1135 3208 circumfuso
1171 3109 1370 3251 equitatu
1405 3149 1574 3251 carpere
1612 3146 1655 3211 et
1686 3110 1802 3212 male
1839 3107 1995 3210 habere

543 3252 710 3393 coepit,
742 3253 993 3394 etquidem
1020 3253 1231 3394 impune.
1261 3265 1483 3354 Venerant
1513 3255 1633 3357 enim
1665 3255 1728 3356 illi
1756 3256 1846 3356 sine
1870 3253 1995 3395 equi*

541 3429 668 3516 tatu,
705 3437 785 3497 nec
821 3394 1382 3538 eminus‘obequitantibus
1418 3400 1702 3540 praetorianis
1738 3437 1783 3500 et
1814 3396 1994 3500 subinde

543 3577 824 3681 postremos,
860 3580 935 3642 aut
971 3576 1188 3662 extimos,
1226 3582 1331 3644 cum
1366 3583 1408 3645 sc
1445 3583 1522 3688 per
1558 3545 1833 3646 occasionem
1869 3543 1995 3644 inve-

544 3685 731 3807 xissent,
768 3685 1085 3828 proterentibus
1123 3683 1294 3790 officere
1331 3725 1553 3830 poterant3
1590 3690 1810 3830 scloppeta
1847 3685 1994 3803 enim,

544 3828 704 3969 quibus
744 3832 908 3973 equites
950 3831 1205 3934 submovcri
1256 3869 1463 3974 possent,
1511 3833 1653 3973 pulvis
1691 3832 1994 3933 tormentarius

543 3972 693 4112 pluvia
717 4013 943 4119 corruptus
967 3977 1141 4079 inutilia
1169 3969 1352 4080 fecerat.
1394 3989 1545 4119 Itaque
1573 3977 1905 4080 tumultuariam
1931 3975 1996 4074 in-

541 4152 799 4260 suetamque
835 4123 891 4221 ad
926 4118 1091 4226 bellum
1127 4160 1310 4224 manum
1346 4121 1503 4223 itinere
1540 4159 1583 4223 ct
1618 4161 1734 4226 aestu
1770 4115 1995 4264 fatigatam

541 4261 675 4393 (erat
715 4265 833 4388 enim
878 4267 1044 4366 mensis
1071 4268 1217 4407 Julius
1254 4283 1296 4367 et
1339 4267 1426 4369 diei
1463 4304 1633 4410 tempus
1669 4265 1993 4396 meridianum)

542 4407 832 4550 eamdemque
879 4446 1039 4512 temere
1081 4452 1131 4512 ac
1179 4413 1270 4513 sine
1315 4411 1503 4554 imperio
1543 4414 1856 4552 procedentem
1898 4445 1995 4506 rna-

541 4590 636 4692 gno
679 4553 941 4652 detrimento
986 4551 1156 4656 afficere
1203 4556 1351 4694 potuit
1398 4555 1693 4696 praetorianus
1741 4555 1998 4698 equitatus,

540 4694 625 4794 nisi
659 4731 709 4796 ut
743 4696 911 4798 civium
947 4697 1063 4797 vitae
1098 4737 1366 4841 parceretur,
1389 4735 1589 4841 praetor,
1617 4698 1999 4842 quemadmodum
2136 4699 2137 4712 '

539 4845 674 4970 justus
708 4834 875 4964 fuerat,
911 4841 1136 4949 edixisset.
1173 4853 1406 4988 Patumper
1440 4847 1576 4988 igitur
1610 4845 1893 4986 Sagovicnscs
1926 4840 1997 4940 in-
