4292 5984
546 435 598 522 16
950 458 1032 538 ua
1079 456 1284 536 nasos
1338 450 1555 535 ossrrs

551 622 711 718 XVIII
761 622 1048 753 Quamquam
1081 612 1334 750 Hispanum
1363 609 1553 708 militem
1586 639 1836 748 numquam
1870 617 1974 706 ma·

499 761 566 903 gis
610 758 813 900 vigorem
862 797 989 858 suum
1033 756 1268 856 ostendisse
1305 750 1455 854 scribit
1490 753 1673 872 Florus,
1712 789 1850 892 quam
1889 751 1972 850 du·

499 945 549 1004 ce
584 915 794 1006 Romano
832 901 1008 1014 Quinto
1045 900 1208 1000 scilicet
1243 899 1459 1020 Sertorio,
1497 898 1578 1038 qui
1613 933 1748 1038 parva
1786 895 1971 996 Lusita-

496 1085 660 1152 norum
695 1084 829 1146 manu
865 1084 1046 1189 magnas
1083 1046 1232 1186 copias
1267 1055 1576 1144 Romanorum
1613 1080 1737 1182 saepe
1784 1039 1964 1140 contri-

496 1193 560 1292 vit
597 1225 732 1331 atque
767 1185 904 1293 fudit.
944 1204 1063 1293 Cum
1099 1187 1279 1290 duobus
1309 1187 1433 1288 enim
1471 1183 1665 1290 miIIibus
1704 1216 1749 1283 et
1785 1223 1970 1284 sexcen-

496 1335 550 1434 tis
575 1335 831 1454 dumtaxat,
867 1375 980 1476 quos
1018 1335 1130 1495 ipse
1141 1345 1371 1434 Romanos
1407 1329 1682 1494 appelIabat,
1712 1328 1969 1472 septingen-

496 1479 640 1642 risque
666 1473 780 1580 Afris
810 1520 861 1579 ex
888 1477 1162 1579 Mauritania
1198 1477 1368 1612 trajecit
1405 1514 1452 1576 m
1489 1474 1777 1637 Hispaniam,
1814 1515 1840 1574 a
1880 1483 1970 1574 Lu-

495 1624 671 1743 sitanis,
708 1663 812 1722 cum
848 1623 965 1724 exsul
1001 1665 1027 1722 a
1062 1623 1230 1764 patria,
1269 1658 1311 1721 et
1347 1619 1502 1762 popuIi
1530 1618 1728 1721 Romani
1764 1619 1969 1760 principi
2018 1661 2022 1670 ’

497 1765 576 1872 bus
611 1763 800 1869 infensus
828 1804 958 1888 esset,
995 1767 1248 1886 accersitus,
1284 1800 1424 1865 uteo
1462 1766 1574 1866 duce
1610 1806 1653 1865 se
1692 1803 1718 1862 a
1756 1763 1969 1865 domina-

496 1949 548 2014 tu
582 1924 893 2014 Romanomm
929 1913 977 2012 in
1012 1909 1259 2014 Iibertatem
1295 1909 1608 2013 vendicarent.
1648 1920 1803 2070 Itaque
1835 1909 1968 2008 Lusi

497 2093 702 2158 canorum
738 2058 942 2196 peditum
980 2091 1171 2198 quatuor
1205 2051 1399 2156 millibus
1437 2055 1622 2196 acceptis
1660 2053 1969 2195 septingentis-

497 2242 582 2342 que
619 2202 840 2343 equitibus
878 2199 1045 2302 bellum
1080 2201 1266 2342 suscepit
1311 2202 1511 2300 adversus
1555 2233 1751 2361 quatuor
1789 2209 1966 2298 Roma-

495 2385 658 2452 norum
694 2349 848 2466 duces,
885 2347 1040 2487 copias
1072 2349 1296 2450 ductantes
1334 2380 1515 2444 centum
1559 2344 1723 2485 vrgmti
1771 2341 1963 2444 millium

488 2491 719 2651 peditum,
748 2493 951 2628 equitum
979 2526 1086 2590 vero
1119 2524 1315 2628 septem,
1348 2522 1652 2631 praetereaque
1680 2482 1968 2588 funditorum

497 2670 541 2733 et
594 2633 920 2774 sagittariorum
966 2631 1060 2731 duo
1109 2633 1269 2733 millia.
1319 2644 1504 2733 Cottam
1551 2653 1657 2775 ergo
1702 2632 1759 2730 ad
1803 2623 1966 2730 fretum

495 2776 765 2880 Herculeum
796 2773 942 2876 navali
966 2815 1117 2918 pugna
1137 2777 1324 2895 devicit,
1342 2778 1546 2878 Phidiam
1579 2788 1831 2877 Praetorem
1858 2789 1966 2878 Βαι-Ι

495 2917 606 3024 ricae
639 2931 762 3052 juxta
796 2920 987 3021 fluvium
1017 2924 1185 3023 Baetim
1221 2924 1470 3062 superavit
1507 2931 1606 3024 Nec
1643 2921 1786 3020 modo
1821 2925 1961 3018 Tora·

495 3064 622 3166 nium
658 3065 839 3166 missum
884 3061 946 3164 ab
985 3066 1139 3204 Appio
1185 3067 1371 3167 Metello
1418 3104 1521 3167 cum
1569 3066 1711 3203 copiis
1767 3061 1965 3176 delevit,

496 3208 616 3307 sed
602 3247 752 3369 ipsum
786 3206 1021 3308 Metellum
1049 3209 1162 3306 illius
1191 3211 1344 3308 aetatis
1377 3211 1520 3311 virum
1556 3245 1774 3307 maximae
1811 3241 1958 3306 aucto-

354 3359 358 3366 ’
495 3349 634 3454 sitatis
671 3386 714 3450 et
750 3352 970 3470 nominis,
1005 3352 1054 3456 in
1090 3393 1158 3452 eas
1195 3348 1470 3453 difficultates
1507 3351 1708 3516 impulit,
1748 3385 1800 3452 ut
1836 3351 1963 3451 auxi.

494 3491 609 3595 Iittm
643 3529 789 3635 petere
824 3536 851 3593 a
886 3495 1027 3596 Lucio
1062 3496 1208 3596 LoIIio
1245 3533 1500 3641 cogeretur,
1539 3499 1620 3639 qui
1658 3536 1761 3596 cum
1799 3494 1963 3596 exerci«

496 3670 545 3739 tu
580 3639 863 3742 Provinciam
897 3629 1235 3745 Narbonensem
1270 3642 1525 3744 obtinebat.
1564 3650 1829 3784 Pompejum
1867 3648 1967 3739 Ma·-v

496 3819 637 3920 gnum
675 3819 769 3883 tam
804 3785 919 3884 maIe
954 3787 1156 3926 accepit,
1194 3823 1243 3886 ut
1280 3783 1378 3888 fuso
1416 3797 1507 3918 ejus
1542 3788 1733 3888 exercitu
1771 3795 1964 3923 Pompe

495 3933 563 4054 jus
600 3967 766 4068 equum
801 3928 1057 4052 amitteret,
1091 3967 1134 4031 et
1169 3931 1262 4071 ipse
1297 3930 1621 4034 vulneratus
1580 3969 1654 4031 vrx
1696 3924 1801 4072 firga
1848 3928 1965 4028 salu-

497 4101 590 4170 tem
627 4110 989 4240 consequeretur
1034 4075 1210 4191 Quibus
1249 4076 1375 4178 rebus
1412 4076 1623 4179 Sertorius
1664 4115 1744 4174 suo
1781 4073 1963 4215 quidem

498 4213 681 4318 consilio
720 4253 763 4317 ct
798 4222 1025 4363 rngenio,
1061 4222 1135 4322 sed
1152 4220 1483 4386 Hispanorum
1521 4223 1767 4324 roboreae
1806 4217 1963 4318 virtute

497 4359 653 4496 gestis,
674 4363 720 4460 id
756 4358 899 4466 famae
926 4401 972 4466 ct
999 4367 1270 4467 auctoritatis
1300 4361 1441 4470 fuerat
1474 4401 1762 4483 consecutus,
1792 4397 1841 4463 ut
1868 4361 1963 4461 Mi·
1984 4427 1993 4445 ·
2135 4411 2136 4432 r

496 4497 725 4624 thsidates,
761 4517 857 4606 Rex
886 4513 1013 4610 Asiae
1050 4547 1306 4649 praepotens
1330 4527 1639 4614 Romanorum
1676 4509 1869 4613 armisa
1844 4499 1960 4606 ami-2

496 4679 624 4763 ctus,
676 4659 865 4791 Legatos
924 4653 981 4750 ad
1028 4689 1131 4748 eum
1183 4654 1373 4752 mitteret
1427 4693 1580 4795 pacem
1631 4690 1675 4755 et
1723 4649 1969 4752 amicitiam

496 4819 700 4909 oratum,
746 4832 916 4898 certum
952 4791 1116 4896 habens
1153 4799 1311 4938 parum
1348 4795 1432 4904 sibi
1468 4841 1557 4901 esse
1593 4839 1622 4898 a
1666 4797 1821 4898 ceteris
1868 4806 1961 4895 Ro·-

1867 4977 1962 5040 ma-
