4298 5980
510 452 751 537 canori
794 451 848 532 v.
890 453 1004 533 eru.
1052 451 1185 534 vrri.
1493 444 1578 565 269

164 615 515 770 „perferendam
552 645 754 755 putent,
794 606 906 752 quin
943 608 1094 711 sumtis
1135 599 1268 713 armis
1304 605 1521 716 violentos
1555 657 1628 720 re·-

162 768 375 911 „pellant
411 755 455 862 et
491 757 776 874 ulciscantur,
799 755 925 896 quod
961 748 1124 857 facient
1160 795 1232 856 me
1262 795 1441 861 auctore
1468 797 1512 862 et
1540 765 1628 864 du-

160 987 197 1041 „
214 954 296 1032 ce,
325 905 405 1050 qui
433 942 476 1008 et
502 942 624 1006 meos
655 900 814 1003 milites
844 900 1008 1002 mutuis
1057 900 1227 1033 injuriis
1263 939 1308 1004 et
1349 906 1629 1008 contumeliis

161 1133 195 1178 ‚‚
213 1052 480 1197 probibere,
502 1083 546 1149 et
582 1045 882 1190 perfidorum,
904 1044 940 1145 si
977 1046 1055 1185 qui
1092 1061 1225 1166 sunt,
1251 1083 1302 1147 ut
1339 1088 1426 1149 esse
1464 1051 1630 1152 confir·-

162 1277 195 1322 „
213 1237 416 1319 mansur,
450 1193 599 1295 sceleti
643 1228 686 1292 et
723 1186 892 1290 insidiis
927 1188 1090 1291 cunctis
1128 1188 1367 1296 rationibus
1404 1233 1630 1298 occurrere

162 1421 196 1467 „
210 1341 445 1446 constitui.
474 1338 569 1439 Erit
593 1335 731 1478 igitur
758 1333 1018 1472 prudentiae
1052 1373 1219 1436 vestrae
1251 1373 1384 1477 arque
1424 1340 1629 1476 justitiae,

162 1565 196 1610 ‚,
215 1491 318 1588 dare
354 1520 535 1624 operam
571 1518 654 1621 pro
691 1513 835 1580 vestro
872 1472 1060 1602 officio,
1087 1515 1130 1580 et
1163 1482 1211 1582 in
1247 1491 1515 1606 Germanos,
1536 1486 1629 1627 qui·

164 1708 197 1753 „
213 1629 294 1734 bus
333 1622 541 1770 praefecti
578 1624 708 1740 estis,
741 1617 1028 1744 auctoritate,
1068 1625 1262 1766 primum
1292 1667 1365 1727 eos
1390 1629 1560 1761 injuriis
1585 1663 1629 1730 et

161 1771 493 1896 „contumeliis
530 1763 763 1911 prohibere
782 1843 796 1886 ,
817 1764 976 1867 deinde
1013 1770 1318 1908 quaestionem
1354 1773 1409 1872 de
1444 1773 1630 1911 perfidia

164 1993 198 2038 ‚,
218 1951 262 2016 et
292 1915 460 2017 insidiis
493 1911 782 2027 constituere,
814 1908 952 2048 inque
988 1945 1131 2011 sontes
1168 1915 1317 2013 vestris
1343 1913 1545 2017 motibus
1574 1951 1631 2018 at·

165 2137 199 2182 „
220 2099 308 2200 que
346 2053 515 2197 legibus
552 2052 805 2173 vindicare,
842 2089 1012 2191 nepes
1049 2056 1350 2193 quorumdam
1383 2071 1632 2164 ,Germano-2

165 2279 199 2325 ‚,
219 2240 316 2302 rum
356 2200 530 2342 culpam
567 2232 611 2298 et
645 2195 777 2298 scelus
826 2194 1032 2296 exercitus
1074 2195 1239 2297 mutuis
1281 2197 1485 2336 caedibps
1521 2243 1633 2304 con-

167 2421 202 2467 „
220 2340 391 2463 fectus,
426 2379 504 2481 aut
538 2337 788 2444 domesticis
825 2337 993 2438 insidiis
1029 2339 1251 2480 appetitus
1303 2342 1351 2442 in
1393 2377 1512 2443 tanta
1546 2344 1634 2445 ho·

167 2489 357 2611 „stium
392 2485 730 2630 propinquitate
777 2481 824 2582 in
868 2517 1113 2582 extremum
1157 2481 1393 2584 discrimen
1438 2486 1633 2589 adduca-

170 2665 320 2753 „tur‚
352 2667 456 2730 cum
493 2629 574 2731 insi
609 2628 658 2727 ni
692 2660 859 2726 vestrae
897 2625 1039 2768 gentis
1082 2619 1296 2746 infamia,
1340 2666 1455 2767 quae
1490 2629 1633 2734 adhuc

167 2851 203 2896 „
219 2812 298 2874 ore
336 2773 543 2873 omnium
576 2665 664 2871 luit
699 2767 874 2869 virtutis
913 2767 1101 2900 justitiae
1138 2804 1273 2912 atque
1307 2767 1415 2873 fidei
1450 2776 1634 2878 summis

101 2973 103 2976 ·
168 2993 204 3039 ‚s
221 2917 435 3058 justisque
472 2912 673 3015 laudibus
710 2909 959 3012 celebrata.
994 2928 1026 2972 “

245 3067 436 3160 XXXII.
510 3067 634 3158 Haec
670 3093 773 3154 curn
813 3051 1076 3156 Philibertus
1115 3055 1339 3180 dixisset,
1386 3069 1633 3164 Germano.

170 3236 274 3306 rum
312 3195 521 3344 praefecti
556 3239 640 3342 pro
677 3238 728 3297 ea
762 3196 991 3299 voluntate
1028 3234 1072 3298 et
1108 3199 1359 3338 opinione,
1396 3243 1534 3343 quam
1584 3209 1632 3309 in

174 3365 302 3449 suam
345 3346 573 3445 nationem
630 3347 772 3483 deque
809 3341 1005 3480 ipsorum
1048 3341 1283 3444 virtutibus
1325 3343 1543 3469 haberet,
1588 3352 1631 3454 ei

171 3491 332 3632 gratias
369 3520 541 3631 agunt,
565 3526 698 3626 seque
734 3523 917 3624 operam
953 3487 1129 3585 daturos
1162 3527 1250 3588 esse
1285 3489 1464 3611 dicunt,
1490 3533 1545 3592 ne
1579 3493 1629 3594 in

169 3669 398 3776 posterum
435 3630 668 3772 superioris
705 3627 918 3768 temporis
954 3629 1162 3770 opinione
1202 3625 1407 3734 fallatur.
1450 3649 1520 3736 De
1554 3636 1627 3737 in·-

169 3776 329 3910 juriis,
356 3814 470 3916 quae
506 3815 550 3875 se
584 3770 733 3874 invitis
774 3765 954 3872 fuissent
998 3773 1175 3892 illatae,
1225 3808 1267 3873 et
1308 3817 1414 3915 quas
1456 3817 1549 3877 non
1600 3819 1627 3880 a

170 3917 373 4052 malitia,
393 3920 466 4019 sed
502 3957 527 4018 a
563 3915 861 4058 quorumdam
897 3916 1231 4056 intemperantia
1261 3912 1473 4057 profectas
1497 3915 1625 4023 fuisse

171 4094 414 4202 putassent,
435 4059 520 4163 sibi
552 4099 681 4162 ‹curae
714 4055 839 4178 fore,
864 4099 920 4158 ne
947 4058 1134 4199 amplius
1160 4052 1427 4164 inferantur.
1454 4075 1524 4166 De
1544 4101 1627 4166 stu-

170 4203 253 4303 dio
289 4241 433 4304 rerum
470 4239 686 4302 novarum
721 4237 763 4302 et
798 4199 995 4319 insidiis,
1017 4236 1204 4340 quarum
1239 4203 1309 4305 vel
1345 4206 1536 4352 suspicio
1572 4208 1626 4310 si-

171 4343 223 4448 bi
259 4377 379 4446 esset¹
402 4345 736 4463 molestissima,
762 4343 870 4443 illud
906 4341 1199 4465 confirmare,
1233 4344 1291 4449 ab
1336 4359 1424 4482 ejus
1467 4351 1626 4495 flagitii

169 4488 241 4596 ¹vel
278 4489 548 4632 cogitatione
600 4479 840 4634 praefectos
888 4525 1040 4588 omnes
1082 4485 1354 4612 abhorrere,
1392 4535 1436 4596 se
1478 4529 1627 4598 tamen

171 4631 339 4731 cunctis
375 4630 627 4734 rationibus.
657 4629 887 4750 enixuros,
930 4669 981 4733 ut
1017 4631 1191 4754 scelus,
1227 4635 1374 4777 siquid
1410 4640 1625 4770 ejusmodi

174 4771 288 4876 inter
324 4771 561 4920 gregarios
579 4774 742 4878 milites
777 4775 953 4898 lateret,
986 4774 1197 4916 patefiat,
1230 4811 1274 4878 et
1313 4778 1361 4882 iu
1396 4819 1620 4905 auctores,

1495 4963 1625 5071 Pl'Ollt
