4326 5986
543 407 634 524 4⁶⁶
924 425 1010 508 ou
1054 423 1274 508 ausus
1303 419 1525 506 cnsrrs

501 594 734 663 nautarum
771 555 935 658 Alvaro
971 554 1234 657 cohortante
1269 549 1445 653 sublatis
1482 548 1686 652 anchoris
1742 549 1792 652 in
1829 553 1963 662 altum

503 743 663 846 magna
700 700 920 843 remigum
957 699 1281 837 contentione,
1321 694 1525 798 fluctibus
1561 733 1613 796 ex
1656 693 1850 838 obliquo
1890 741 1957 802 re-

503 842 776 963 nitentibus,
814 844 1051 986 compulsa·
1075 881 1165 947 cst.
1216 849 1348 942 Tunc
1384 879 1491 941 vero
1526 879 1632 941 cum
1677 839 1821 940 nullus
1862 883 1960 947 esset

507 994 555 1092 in
592 988 850 1132 propinquo
899 1024 1049 1128 portus
1084 989 1187 1121 (est
1223 985 1345 1088 enim
1381 1019 1475 1085 tota
1522 983 1594 1085 illa
1635 1025 1713 1084 ora
1753 983 1966 1093 Dianium

508 1171 648 1275 usque
693 1133 1011 1273 importuosa)
1054 1165 1191 1231 vento
1236 1165 1280 1232 et
1327 1123 1532 1229 fortunae
1573 1127 1760 1268 relinqui
1809 1169 1966 1236 navem

511 1276 696 1384 Alvarus
733 1272 892 1406 jubet,
932 1287 1104 1415 sperans
1141 1269 1276 1393 fore,
1311 1273 1359 1374 id
1395 1273 1518 1412 quod
1556 1271 1742 1390 evenit,
1775 1305 1827 1372 ut
1861 1276 1966 1378 dum

470 1421 630 1523 “navis
671 1417 847 1519 haerens
896 1419 1013 1517 vado
1064 1418 1277 1560 paulatim
1324 1409 1487 1516 afflicta
1530 1410 1852 1557 frangeretur,
1895 1457 1968 1523 aut

507 1563 759 1707 impleretur
786 1559 936 1682 mari,
974 1559 1178 1663 homines
1205 1559 1451 1662 desilientes
1481 1597 1781 1663 servarentur.
1819 1572 1966 1705 ltaque

510 1709 703 1811 celeriter
736 1745 990 1848 magnoque
1025 1705 1198 1844 impetu
1236 1704 1415 1824 delata,
1455 1706 1565 1805 dum
1603 1702 1687 1804 fixa
1724 1705 1840 1804 vado
1881 1707 1964 1808 llu-

512 1849 653 1952 ctibus
689 1852 1010 1989 compleretur,
1049 1886 1201 1950 omnes
1238 1847 1293 1946 ad
1330 1885 1471 1946 unum
1509 1846 1674 1986 partim
1704 1849 1966 1971 adnatantes,

515 1995 674 2136 partim
718 2029 796 2132 per
836 1991 935 2090 loca
978 1989 1141 2091 vadosa
1181 1989 1473 2131 ingredientes
1519 1988 1567 2088 in
1621 2026 1782 2090 terram
1829 2033 1969 2099 evase-

512 2175 648 2240 runt.
686 2147 736 2236 In
771 2133 866 2275 ipsa
902 2133 1024 2235 enim
1060 2168 1317 2274 tempestate
1356 2135 1483 2234 rebus
1519 2133 1756 2273 desperatis
1797 2134 1968 2236 vincula

512 2315 609 2382 tum
644 2278 828 2421 captivis
843 2355 858 2398 ,
895 2311 992 2377 tum
1028 2277 1177 2377 ceteris
1224 2275 1415 2417 remigio
1459 2277 1674 2379 damnatis
1718 2275 1968 2378 hominibus

407 2437 411 2442 '
514 2426 688 2523 ademta
722 2415 925 2541 fuerant,
957 2421 1083 2560 quod
1111 2419 1326 2563 quoniam
1352 2419 1446 2520 aliis
1477 2420 1525 2522 in
1551 2420 1736 2525 navibus
1761 2459 1838 2564 per
1864 2459 1970 2525 tcm-

515 2568 632 2708 poris
676 2563 941 2668 brevitatem
985 2561 1082 2664 lieri
1118 2603 1211 2664 non
1243 2561 1464 2682 licuerat,
1500 2563 1749 2705 complures
1791 2567 1972 2708 remiges

514 2710 689 2814 illarum
729 2701 962 2850 naufragio
1004 2707 1263 2848 perierunt,
1312 2742 1415 2806 nam
1465 2744 1713 2810 ceterorum
1765 2747 1860 2811 non
1915 2711 1974 2814 ita

515 2851 645 2954 multi
683 2851 744 2954 ob
779 2885 911 2952 terrae
948 2849 1330 2991 propinquitatem
1367 2849 1627 2955 desiderati.

587 3003 742 3094 XXX.
814 2994 938 3094 Huic
979 3032 1109 3155 ego,
1152 2993 1329 3134 meique
1386 2989 1616 3136 naufragio
1659 2994 1747 3098 Dei
1794 2993 1975 3098 numine
2124 3029 2125 3056 ¹

520 3134 660 3277 erepti
697 3175 868 3236 sumus.
914 3149 1240 3237 Constitueram
1285 3134 1405 3235 enim
1448 3177 1551 3235 cum
1597 3139 1760 3240 Alvaro
1799 3151 1974 3240 Bazano

525 3319 578 3396 ex
614 3279 858 3378 Barcinone
918 3277 1171 3380 Valentiam
1226 3278 1483 3418 compendii
1545 3281 1862 3421 minuendique
1914 3283 1979 3382 la-

521 3420 642 3523 boris
678 3423 812 3563 gratia
860 3421 1094 3562 navigare,
1132 3457 1183 3520 ut
1218 3420 1323 3521 inde
1359 3425 1740 3562 quemadmodum
1790 3423 1978 3526 instituti

440 3591 458 3598 “
520 3565 612 3665 mei
646 3565 758 3666 ratio
794 3561 1034 3705 poscebat,
1072 3565 1227 3666 itinere
1260 3564 1373 3664 llexo
1416 3566 1695 3670 Valdolitum
1737 3571 1975 3669 contende·

521 3745 646 3808 rem.
686 3711 881 3847 Jamque
917 3707 1143 3807 sarcinulas
1178 3707 1436 3848 libellosque
1473 3749 1627 3832 meos,
1657 3710 1850 3812 oneraria
1879 3711 1976 3812 navi

522 3851 579 3948 ad
615 3851 660 3950 id
696 3851 895 3950 locorum
932 3852 1166 3970 advectos,
1187 3849 1235 3949 in
1272 3853 1489 3953 triremem
1526 3854 1819 3995 imponendos
1857 3893 1975 3955 cura-

522 3989 626 4093 bam
643 4069 657 4112 ,
693 4031 795 4092 cum
833 4031 904 4094 me
945 3993 1036 4135 ipse
1066 4005 1259 4094 Bazanus
1294 3996 1527 4096 admonuit
1557 4000 1749 4100 triremes
1786 4037 1880 4099 non
1904 4039 1978 4100 au

522 4171 566 4236 te
608 4135 823 4237 Dianium
881 4138 1173 4277 quadraginta
1221 4171 1325 4237 octo
1376 4177 1583 4277 passuum
1619 4141 1825 4244 millibus
1874 4142 1977 4244 ultra

523 4279 777 4380 Valentiam
838 4281 1114 4421 appellendas
1165 4321 1282 4383 esse.
1345 4284 1485 4424 Igitur
1536 4320 1709 4418 mutato
1767 4286 1976 4403 consilio,

522 4419 870 4566 comparatisque
905 4426 1112 4554 jumentis
1163 4464 1240 4568 per
1270 4461 1439 4528 terram
1476 4427 1826 4572 proficiscimu13
1876 4431 1971 4532 lbe-

516 4601 660 4708 toque
701 4607 831 4672 amne
867 4568 924 4668 ad
960 4579 1195 4670 Dertosam
1232 4573 1516 4694 transmisso,
1546 4574 1768 4706 nauticam
1805 4567 1977 4681 naufra-

519 4749 716 4860 gamque
749 4711 924 4820 turbam
933 4789 951 4838 ,
989 4753 1104 4858 quae
1139 4713 1260 4840 uiam
1294 4717 1618 4860 compleverat,
1643 4721 1971 4824 antecedentem

1744 4941 1752 4960 .
1870 4895 1978 4962 con·
