4294 5984
560 511 615 602 92
944 489 1031 570 ua
1080 484 1280 569 nauus
1329 483 1554 569 custus

524 650 624 792 gnis
666 642 832 750 infestis
873 645 1125 750 Victoriam
1176 645 1440 765 contendit,
1483 676 1526 743 et
1575 632 1824 744 intermisso
1876 635 2006 745 mille

523 794 695 898 circiter
730 823 933 937 passuum
970 791 1143 933 spatio,
1179 789 1226 892 in
1262 789 1475 930 planitie,
1512 826 1626 930 quae
1668 797 1840 926 Arriaga
1881 791 2005 891 dici-

522 973 622 1062 tur,
659 939 875 1040 consedit.
914 938 998 1037 Sed
1034 937 1145 1037 dum
1182 935 1404 1077 oppidum
1439 969 1696 1076 oppugnare
1734 969 1884 1075 parat,
1924 936 2005 1036 vi-

523 1085 564 1185 ri
599 1086 689 1184 duo
726 1079 976 1225 Religion,
1008 1081 1160 1185 Abbas
1187 1093 1363 1182 Sanctae
1399 1079 1524 1198 Piae,
1539 1121 1542 1128 ’
1558 1113 1602 1178 et
1636 1077 1838 1215 Jacobus
1876 1087 2003 1182 Arna

523 1225 806 1369 Theologiae
848 1226 1088 1368 magister,
1130 1221 1378 1325 Monachus
1421 1223 1778 1345 Dominicanus,
1820 1225 2004 1326 Comiti

523 1367 799 1476 familiariter
837 1371 937 1473 noti
974 1407 1017 1472 et
1052 1369 1244 1512 accepti,
1270 1366 1327 1469 ab
1352 1367 1586 1510 oppidanis
1622 1368 1811 1470 adeum
1847 1367 1900 1470 in
1937 1409 2003 1471 ca·

525 1553 612 1620 stra
659 1517 792 1661 legati
833 1518 889 1618 de
938 1555 1045 1658 pace
1093 1515 1354 1615 mittuntur.
1412 1524 1575 1613 Comes
1620 1551 1777 1653 pacem
1824 1514 2002 1616 civitati

523 1664 646 1766 aliter
684 1704 727 1766 se
769 1662 978 1763 daturum
1025 1658 1244 1803 negavit,
1280 1695 1416 1800 quam
1460 1657 1496 1758 si
1540 1658 1737 1795 Jacobus
1778 1660 2000 1762 Martinus

526 1809 668 1911 Alava
721 1847 824 1908 cum
867 1805 967 1906 filiis
1017 1840 1061 1906 et
1112 1798 1316 1904 fratribus
1361 1799 1447 1904 sibi
1501 1802 1769 1925 dederetur,
1812 1840 2001 1947 totaque

527 1953 680 2054 civitas
722 1992 766 2052 se
807 1947 1116 2054 Comestabilis
1159 1947 1348 2091 imperio
1389 1987 1483 2050 non
1524 1950 1711 2091 amplius
1758 1951 2002 2090 parituram

527 2096 829 2240 polliceretur.
868 2107 977 2216 Quo
1004 2131 1213 2237 responso
1248 2129 1455 2236 accepto,
1490 2093 1709 2235 oppidani
1743 2093 1802 2194 ab
1839 2096 2002 2196 eodem

527 2237 740 2380 jacobo,
776 2274 826 2341 ut
861 2238 1059 2382 protinus
1094 2237 1204 2342 urbe
1238 2276 1343 2338 cum
1379 2238 1464 2338 suis
1500 2236 1759 2361 decederet,
1796 2239 2002 2381 impetra·

527 2423 659 2509 runt,
689 2382 756 2485 his
793 2383 1009 2486 submotis
1045 2377 1212 2483 facilius
1238 2380 1432 2483 Comitis
1468 2382 1668 2485 animum
1704 2381 1864 2521 placari
1899 2423 2003 2525 pos

528 2569 573 2632 se
609 2530 936 2630 existimantes:
975 2565 1056 2626 nec
1092 2527 1211 2669 ipsos
1247 2524 1406 2669 opinio
1441 2517 1622 2627 fefellit.
1660 2533 1780 2626 Nam
1814 2527 1899 2628 illis
1938 2528 2006 2631 di..

528 2673 709 2816 gressis,
754 2669 1125 2814 Trevignumque
1152 2671 1402 2805 Najarensis
1437 2670 1620 2773 ditionis
1657 2671 1878 2813 oppidum
1917 2674 2004 2776 mi·
2144 2777 2145 2782 Ν

471 2870 477 2875 ·
529 2814 800 2960 grantibus,
850 2853 936 2955 pax
981 2815 1149 2918 civitati
1191 2818 1295 2918 data
1337 2851 1401 2917 est
1448 2817 1577 2919 certis
1629 2816 2003 2927 conditionibus3
2144 2847 2145 2864 ¹

528 2998 718 3106 quarum
754 2958 827 3060 illa
861 2953 980 3081 ficit,
1015 2998 1067 3062 ur
1086 2961 1244 3105 portis
1278 2955 1504 3105 patefactis
1534 2961 1727 3065 Comitis
1764 2963 2002 3084 exercitus,

446 3101 450 3109 ’
525 3106 659 3248 signis
687 3103 946 3208 militaribus
978 3105 1229 3250 explicatis,
1266 3145 1344 3250 pec
1377 3105 1537 3209 urbem
1574 3105 1699 3251 quasi
1723 3105 1897 3229 victor,
1938 3110 2003 3210 si·-

527 3289 586 3351 ne
622 3250 784 3383 injuria
820 3286 971 3353 tamen
1005 3287 1050 3352 et
1086 3250 1304 3358 maleficio
1341 3253 1563 3359 transiret.
1600 3265 1666 3356 Ita
1700 3294 1779 3399 per
1821 3289 2005 3398 portam

463 3496 473 3514 ,
530 3400 747 3535 Arriaguae
783 3394 1031 3500 immissum
1068 3439 1264 3545 agmen,
1281 3440 1378 3648 pet
1418 3401 1637 3524 alteram,
1680 3439 1796 3544 quae
1838 3407 2005 3504 Sanctae

529 3544 664 3642 Clarae
699 3543 1080 3684 cognominatur,
1117 3587 1143 3648 a
1178 3584 1279 3690 prae
1300 3583 1399 3650 ecto
1424 3547 1627 3650 Gonzalo
1663 3543 1891 3649 Barahona
1932 3549 2006 3649 de·

529 3685 743 3790 ductum.
783 3695 907 3792 Nam
942 3700 1108 3792 Comes
1144 3691 1267 3836 ipse,
1302 3693 1414 3797 urbe
1449 3692 1614 3814 vitata,
1657 3691 1886 3836 copiisque
1935 3692 2006 3794 di·
2141 3727 2142 3736 ¹

529 3829 651 3932 mitti
695 3831 849 3966 jussis,
884 3831 934 3933 in
981 3836 1144 3939 vallem
1193 3835 1507 3983 Quartangum
1552 3835 1863 3983 oppidumque
1901 3877 2004 3941 suae

529 3972 713 4079 ditionis
748 3979 1035 4121 Andagojam
1072 4022 1177 4083 curn
1214 3982 1364 4126 paucis
1399 3985 1664 4088 contendit.

600 4128 725 4222 XXI.
799 4135 998 4248 Interea,
1036 4128 1117 4270 qui
1152 4127 1433 4274 Trevignum
1469 4164 1728 4234 secesserant
1751 4126 2007 4237 Victorien·

529 4299 628 4386 ses,
665 4266 722 4366 acl
753 4270 1101 4375 Comestabilem
1137 4274 1351 4380 auxilium
1386 4278 1589 4381 adversus
1614 4276 1848 4384 Comitem
1885 4313 2003 4376 eum·

527 4408 646 4572 dem·
667 4413 939 4551 postulatum
975 4416 1196 4541 mittunt,
1234 4463 1328 4565 quo
1366 4456 1569 4567 tempore
1605 4421 1831 4527 Manticus
1865 4429 2008 4542 Lara,
2138 4529 2139 4542 Ν

526 4587 670 4696 starpts
706 4555 956 4678 maximus,
993 4563 1146 4664 missus
1183 4605 1236 4664 ex
1271 4575 1472 4669 Navarra
1508 4610 1534 4672 a
1570 4605 1695 4712 patre
1731 4579 1856 4672 Duce
1898 4575 2010 4666 Na-

524 4700 685 4831 jarensi
721 4740 826 4803 curn
861 4701 1060 4810 militurn
1095 4743 1301 4812 veterana
1338 4751 1511 4838 manu,
1557 4717 1614 4817 acl
1651 4709 2008 4817 Comestabilem

523 4841 689 4984 P²U100
707 4883 808 4949 ante
857 4847 1137 4996 opportunus
1178 4896 1463 5003 pervenerat.
1507 4871 1644 4962 Hunc
1690 4854 2009 4965 Comestabilis

1927 5043 2010 5138 lu*
