4298 5980
583 465 669 585 24⁸
981 475 1065 557 ou
1106 471 1314 554 nurus
1353 465 1579 549 cusrrs

541 638 668 786 gnari
685 690 687 694 ¹
704 677 830 778 posse
866 630 1121 766 judicabat,
1159 629 1248 730 sive
1293 622 1398 764 quia
1434 623 1494 722 sic
1540 619 1641 722 ante
1682 615 2006 744 constituerat,⁸

533 823 589 886 -ut
625 783 743 925 capti
762 778 913 922 'Regis
950 813 994 880 et
1029 771 1177 875 amissi
1212 771 1268 870 ad
1302 769 1348 870 id
1385 763 1606 908 oppidum
1653 764 1906 888 exercitus,
1941 778 2004 902 ja-

537 965 708 1037 cturam
736 961 787 1024 et
830 917 1147 1023 contumeliam
1190 914 1460 1014 ulcisceretur
1474 951 1495 1031 ⁴,
1539 943 1675 1012 castra
1710 946 1906 1032 movet,
1946 953 2002 1012 o·-

538 1108 780 1209 mnemque
816 1067 921 1168 belli
955 1059 1135 1166 molem
1158 1059 1221 1158 in.
1251 1055 1435 1195 Papiam
1479 1053 1729 1174 convertit,
1750 1055 1811 1153 ¹'et
1853 1061 2000 1154 Vene-

540 1214 596 1314 tis
646 1208 957 1349 Sforrianisque
1009 1204 1150 1344 copiis
1199 1198 1284 1301 sibi
1328 1197 1560 1329 adjunctis.
1584 1193 1747 1300 urbem
1801 1196 1999 1298 obsidio-

540 1399 596 1460 ne
630 1354 804 1498 cingit,
841 1386 1118 1496 quatuorque
1164 1341 1314 1446 diebus
1357 1381 1522 1483 magno
1570 1339 1767 1441 militum
1817 1379 2000 1442 numero
2095 1387 2098 1396 ’

541 1536 790 1641 magnaque
832 1529 1160 1598 tormentorum
1207 1488 1394 1590 vitam
1443 1484 1597 1585 acriter
1638 1521 1910 1626 oppugnat,
1952 1523 2000 1586 ut

542 1641 712 1745 bonam
754 1642 871 1742 muri
914 1674 1082 1780 partem
1131 1629 1368 1732 demolitus
1411 1627 1583 1731 aditum
1625 1629 1710 1727 suis
1750 1629 1836 1728 late
1878 1665 2000 1770 pate-

541 1783 725 1904 faceret,
761 1825 850 1922 qua
884 1782 1167 1919 irrumpentes
1205 1771 1319 1874 Galli
1354 1775 1457 1908 (nec
1493 1773 1615 1875 enim
1651 1808 1838 1910 parvum
1873 1813 1998 1914 prae·

544 1929 707 2026 sidium
761 1926 1005 2024 multorum
1058 1921 1278 2061 impetum
1331 1915 1518 2060 amplius
1570 1916 1775 2016 sustinere
1822 1917 2003 2057 potuit)

544 2066 697 2170 urbem
738 2067 950 2170 invadunt
982 2063 1318 2205 diripiuntque,
1363 2101 1389 2160 a
1431 2059 1553 2160 nullo
1590 2057 1807 2161 maleficio
1840 2097 1885 2158 cr
1924 2099 2001 2158 sce·

545 2212 631 2313 lere
674 2245 960 2350 temperantes
972 2273 995 2328 ·,
1035 2247 1129 2309 non
1163 2200 1387 2306 coenobiis
1433 2201 1768 2304 Monachorum
1812 2199 2001 2303 abstine-

544 2396 619 2475 re,
654 2394 746 2456 non
780 2351 904 2454 sacris
940 2347 1119 2454 aedibus
1157 2387 1363 2489 parcere,
1398 2383 1548 2488 captos
1591 2347 1736 2466 cives,
1780 2385 1888 2448 cum
1931 2388 1995 2446 se-

546 2499 633 2599 mel
676 2540 720 2597 se
763 2494 1078 2615 redemissent,
1118 2490 1175 2591 ab
1216 2492 1306 2592 aliis
1348 2527 1499 2630 capros
1547 2490 1735 2609 iterum,
1784 2526 1829 2590 ct
1872 2530 1998 2630 quos-

548 2643 654 2760 dam
689 2638 853 2778 saepius
890 2676 977 2736 sese
1015 2633 1224 2737 redimere
1261 2672 1333 2774 per
1370 2631 1583 2774 supplicia
1618 2671 1805 2776 cogere,
1845 2633 2000 2735 domus

550 2783 684 2884 ctiam
722 2780 938 2922 quaedam
974 2820 1000 2879 a
1036 2775 1308 2881 Vasconibus
1345 2775 1627 2917 potissimum
1662 2778 1879 2878 incensae.
1915 2789 2001 2878 Ce-

547 2963 689 3030 tetum
724 2924 973 3026 crudelitate
1008 2957 1051 3021 er
1085 2920 1265 3021 avaritia
1291 2919 1486 3026 militum
1522 2921 1571 3022 in
1597 2920 1687 3022 dies
1710 2926 1997 3062 augescente,

550 3079 780 3172 Lautrecus
814 3104 913 3211 post
942 3065 1063 3168 diem
1089 3099 1295 3170 octavum
1331 3101 1485 3167 eorum
1519 3059 1661 3168 furori
1694 3065 1883 3171 modum
1916 3064 2004 3168 im-

506 3226 509 3232 ’
552 3215 731 3354 posuit.
1097 3299 1104 3310 .
1327 3261 1330 3266 ·
1448 3299 1454 3308 .

591 3368 729 3460 ³v111.
775 3366 939 3460 Paucos
978 3391 1200 3502 praeterea
1236 3359 1327 3462 dies
1363 3359 1522 3502 Papiae
1557 3358 1855 3462 commoratus
1889 3355 2010 3454 Lau-⁴

560 3533 700 3606 trecus
746 3511 939 3605 Venetos
993 3539 1037 3604 et
1085 3504 1355 3606 Franciscum
1400 3501 1642 3624 Sforriam,
1692 3539 1741 3602 ut
1762 3580 1767 3589 .
1789 3497 2008 3600 Caesaria-

556 3683 639 3746 nos
699 3646 1040 3787 Antoniumque
1093 3681 1336 3748 attenuatos
1371 3688 1462 3781 ae
1491 3686 1626 3788 paene
1680 3639 1841 3744 fractos
1899 3638 2011 3742 bello

555 3787 754 3929 gnaviter
791 3824 1177 3932 persequerentur,
1212 3788 1410 3891 hortatus
1428 3828 1603 3924 castra
1617 3825 1789 3926 movet.
1819 3789 1953 3885 Nam'
1972 3822 2011 3881 se

505 3965 509 3968 ·
556 3969 583 4028 a
628 3934 791 4034 Galliae
832 3934 1177 4074 Britanniaeque.
1214 3930 1425 4075 Regibus·
1455 3931 1663 4070 Pontifici
1702 3931 1920 4032 Maximo
1964 3927 2012 4026 la·

558 4074 734 4178 boranti
788 4114 922 4215 opem
969 4077 1124 4217 primo
1165 4116 1369 4217 uquoquc
1428 4112 1628 4218 tempore
1683 4068 1794 4174 ferre
1827 4083 2012 4206 ⁸jussum

558 4218 797 4321 necessario
845 4218 1062 4360 proficisci
1104 4217 1412 4360 praedicabat.
1449 4222 1617 4321 Foedus
1646 4218 1799 4320 etiam
1847 4255 1926 4358 per
1951 4211 2016 4310 'id

557 4375 740 4498 tempus
771 4401 873 4462 cum
914 4369 1157 4464 Mantuano
1200 4401 1243 4464 ct
1269 4355 1547 4464 'Ferraricnsi
1584 4358 1863 4502 Principibus
1915 4373 2016 4498 per-

558 4501 715 4620 cussit,
750 4501 835 4601 hoc
871 4500 997 4603 facile
1033 4507 1264 4626 adductis,
1301 4494 1439 4644 quodi
1459 4507 1580 4607 Italia
1596 4501 1702 4624 ifere
1728 4502 1884 4604 turrinis
1900 4515 1903 4520 ’
1919 4537 2021 4598 ma·

561 4643 685 4744 ximo
727 4681 777 4746 ut
819 4643 948 4770 odio‘
969 4647 1249 4746 Caesarianos
1293 4681 1491 4790 propter:
1518 4651 1648 4756 urbis
1677 4661 1865 4762 Romae.
1884 4640 2021 4740 :dire-

562 4786 766 4930 ptionem
814 4823 858 4932 et
912 4797 1090 4935 captum
1120 4787 1446 4934 Pontificem,
1487 4792 1547 4896 sic
1580 4792 1757 4935 stddiq
1785 4825 1829 4897 ct
1866 4779 2023 4886 fauore

1918 4927 2025 5032 Gal«
