4294 5972
543 438 1215 526 cenomannum.
1481 449 1563 545 ψ

157 600 448 720 Philibertum
483 599 738 723 deducunt,
759 598 910 704 litteris
951 597 1243 742 perlectis,in
1273 595 1434 745 quibus
1457 608 1525 708 de
1561 643 1622 715 su·

156 757 328 903 periore
364 752 495 854 altera
531 747 762 891 epistola,
809 781 853 848 et
895 745 1123 886 prodenda
1165 782 1295 886 porta·
1336 751 1625 895 praemioque

155 900 371 1042 scriptum
407 930 523 1000 erat.
563 891 825 995 Philibettus
861 887 1094 991 hominem
1132 889 1188 991 de
1224 894 1412 1036 negotio
1445 937 1625 1039 percun.

156 1081 327 1146 cratur.
363 1041 471 1158 Ille,
509 1077 561 1142 ut
597 1038 992 1157 erat·instructus,
1033 1033 1145 1137 nihil
1180 1072 1394 1179 praeterea
1437 1080 1481 1140 se
1518 1047 1626 1146 scire

155 1187 414 1331 respondit,
435 1184 520 1288 nisi
556 1185 680 1328 quod
717 1181 870 1286 diebus
908 1178 1210 1326 superioribus
1242 1181 1389 1286 alteras
1426 1183 1628 1309 litteras,

155 1375 184 1433 a
220 1326 467 1432 Lautrecho
504 1329 562 1430 ad
597 1326 837 1430 Fabritium
873 1327 994 1428 datas
1031 1323 1298 1467 pertulisset,
1340 1365 1385 1432 ec
1420 1325 1487 1432 his
1522 1329 1627 1432 red*

152 1474 261 1578 'ditis
308 1509 530 1616 acceptam
573 1469 632 1573 ab
677 1473 836 1576 eodem
884 1468 1076 1574 Fabtitio
1113 1469 1346 1615 epistolam
1388 1474 1626 1585 tetulissett

158 1619 272 1760 quid
309 1653 459 1719 tamen
500 1615 563 1718 rei
597 1617 709 1718 inter
747 1616 865 1757 ipsos
902 1653 1150 1756 gereretur,
1186 1657 1361 1760 prorsus
1394 1619 1622 1762 ignorate.

153 1767 291 1864 Tunc
339 1797 518 1864 vocatus
560 1759 775 1862 Fabritius
814 1757 1054 1861 Philibetto
1090 1762 1293 1862 recitatae
1332 1763 1540 1901 epistolae
1580 1798 1626 1868 et

158 1903 335 2007 consilii
371 1905 591 2006 rationem
627 1903 873 2045 reposcenti
920 1942 1086 2044 magno
1128 1940 1173 2006 et
1209 1905 1430 2044 intrepido
1472 1906 1625 2007 animo

161 2049 432 2191 respondet:
480 2051 676 2162 Insidiae,
712 2051 819 2146 crede
845 2050 941 2146 milri
972 2050 1191 2146 Ptitiberse
1204 2122 1219 2164 ,
1257 2078 1297 2145 et
1317 2052 1485 2181 fraudes
1525 2089 1626 2148 tom-

160 2225 366 2330 mentaque
398 2221 488 2292 sant
522 2197 759 2292 inimicarum
792 2227 992 2291 mearum.
1036 2198 1092 2288 Et
1126 2190 1181 2290 ad
1218 2227 1321 2326 eum
1356 2191 1435 2329 qui
1469 2190 1627 2294 litteras

170 2337 405 2462 attulerat,
433 2373 685 2438 conversus:
733 2335 908 2451 tTane,
939 2330 1119 2473 inquit,
1149 2335 1299 2432 litteras
1332 2338 1428 2430 mihi
1462 2374 1628 2470 unquam

170 2509 267 2580 ante
299 2485 367 2578 hac
401 2486 575 2581 attulisti
612 2483 677 2580 uel
706 2480 945 2577 reddidisti?
984 2486 1074 2612 Ego
1104 2499 1228 2594 aera,
1262 2473 1489 2615 respondit
1524 2476 1595 2576 ille
1610 2551 1629 2596 ‚

168 2651 208 2720 et
252 2626 375 2722 attuli
400 2652 440 2721 et
474 2625 664 2735 reddidi3
696 2650 735 2719 et
770 2623 817 2720 ad
860 2649 900 2718 te
934 2650 1149 2754 responsam
1182 2650 1253 2752 per
1291 2623 1444 2720 litteras
1481 2624 1600 2719 retuli
1614 2687 1625 2721 .-

170 2802 182 2870 t
206 2767 315 2864 Proh
336 2764 531 2891 sarcinas!
569 2761 718 2906 inqu-it
753 2756 992 2882 Fabritius,
1013 2795 1051 2862 et
1083 2766 1130 2862 ad
1162 2765 1426 2864 Philibertum
1450 2801 1463 2863 ι
1483 2766 1629 2897 jube,

163 2901 345 3052 inquit,
378 2943 441 3006 ara
463 2911 711 3029 ,Philitan
728 2982 742 3025 ‚
762 2911 884 3007 scelus
920 2909 987 3008 boc
1004 2981 1021 3024 ‚
1037 2945 1168 3042 meque
1187 2910 1370 3008 custodiri
1387 2985 1402 3028 ,
1429 2944 1538 3040 quem
1560 2945 1629 3045 ega

156 3053 294 3186 facile
322 3055 512 3151 mendacii
561 3058 789 3188 scelerisque
831 3055 1083 3152 conuincam.
1140 3059 1342 3191 Uterque
1375 3049 1513 3192 igitur
1547 3089 1628 3151 cu·-

163 3193 338 3294 stodiae
374 3196 525 3317 datus,
552 3194 711 3296 deinde
747 3191 952 3335 utrique,
971 3193 1217 3335 postulante
1251 3190 1440 3296 Fabritio
1451 3270 1468 3313 ,
1499 3190 1626 3295 adhi-

160 3335 258 3440 bita
294 3373 546 3440 tormenta.
585 3342 668 3441 Sed
703 3336 845 3440 homo
881 3337 953 3441 ille
989 3337 1305 3442 scelestissimus
1343 3378 1439 3440 non
1479 3337 1626 3440 mitius

166 3481 493 3602 conscientiae,
535 3521 672 3625 quam
714 3519 1042 3586 tormentorum
1077 3483 1126 3584 vi
1160 3518 1203 3582 et
1237 3482 1428 3626 impulsu
1469 3479 1625 3582 dolum

159 3625 365 3866 protinus
402 3623 679 3746 confitetur,
723 3625 991 3767 insidiasque
1027 3625 1193 3730 indicat
1228 3627 1515 3729 inimicorum
1549 3634 1623 3722 Fa·

193 3768 314 3879 ritii;
337 3809 381 3872 et
416 3771 476 3871 sic
511 3768 721 3874 fabritius
757 3806 819 3872 est
853 3770 1107 3893 absolutus,
1139 3773 1274 3873 etad
1310 3809 1433 3872 suam
1469 3765 1622 3908 digni-

167 3938 303 4012 tatem
339 3950 385 4014 et
420 3949 573 4058 portae
609 3916 858 4018 custodiam
893 3915 1142 4020 restiturus.

169 4105 172 4110 ¹
254 4064 453 4162 XXXV.
541 4061 694 4160 Paucis
745 4057 898 4162 diebus
949 4055 1189 4190 interjectis
1233 4052 1401 4160 ,Gallica
1446 4048 1621 4171 classis,

162 4233 253 4337 qua
273 4201 473 4340 pecunia
497 4200 553 4302 in
589 4203 854 4344 stipendium
890 4199 1171 4345 portabatur,
1191 4237 1234 4302 et
1265 4197 1396 4299 multi
1432 4239 1484 4298 ex
1520 4192 1623 4296 Gal-

160 4339 246 4440 lica
281 4340 515 4446 nobilitate
551 4343 856 4469 vehebantur,
891 4347 1071 4492 appulsa
1106 4385 1196 4468 est,
1229 4341 1534 4484 summissique
1569 4377 1623 4440 ex

165 4485 315 4588 castris
350 4489 520 4630 equites
555 4489 675 4590 mille
712 4489 922 4614 ducenti,
942 4528 985 4596 et
1011 4491 1213 4635 peditum
1249 4529 1320 4590 sex
1349 4484 1515 4605 millia,
1541 4477 1620 4626 qui

163 4627 233 4726 td.
257 4632 447 4767 jermus
483 4634 637 4736 aedem
673 4635 793 4769 mille
831 4637 1107 4780 quingentos·
1120 4632 1289 4735 circiter
1314 4633 1369 4734 ab
1393 4629 1499 4730 'urbe
1518 4665 1618 4768 pas*

162 4803 231 4866 sus
265 4771 469 4916 expositis
505 4778 924 4918 praesidiosqssent'.
965 4782 1042 4880 Ad
1075 4776 1164 4922 'hos
1203 4769 1469 4893 infestandos
1514 4807 1619 4872 cum

1470 4921 1616 5052 Joan-
