4294 5984
521 431 523 436 ’
577 433 667 542 ἰςθ
975 437 1058 520 ur
1106 435 1307 538 nauus
1358 431 1576 516 eusrrs

529 645 656 727 rant,
707 601 763 704 de
809 597 1025 702 adventus
1071 633 1200 696 causa
1241 592 1418 734 rogati,
1462 633 1506 692 se
1549 623 1717 731 patrata
1758 588 1810 694 in
1853 597 1996 706 castris

529 753 661 856 caede
695 747 772 850 vix
813 744 914 848 irati
959 741 1115 861 ducis,
1163 775 1208 839 et
1257 777 1300 838 se
1348 737 1405 838 ad
1458 735 1724 879 supplicium
1768 736 1993 884 diligenter

528 890 816 1040 perquirentis
864 925 1019 988 manus
1067 881 1266 1026 effugisse
1309 883 1662 1025 responderunt.
1720 891 1822 985 Hos
1870 899 1992 991 Gue-

529 1080 630 1144 vara
665 1031 944 1155 consolatus,
980 1030 1104 1136 bono
1139 1028 1293 1131 animo
1331 1067 1452 1150 esse,
1489 1062 1533 1130 et
1567 1027 1687 1171 apud
1731 1069 1776 1130 se
1818 1070 1991 1154 manere

528 1183 681 1319 jussit.

600 1331 743 1433 XXII.
822 1321 970 1429 Paucis
1016 1320 1169 1426 diebus
1214 1317 1479 1454 interjectis,
1522 1314 1752 1463 Papienses
1798 1325 1991 1428 custodes

531 1505 797 1614 erumpunt,
832 1507 876 1571 et
911 1469 1057 1572 hostes
1094 1467 1180 1571 levi
1217 1467 1382 1610 praelio
1418 1465 1658 1568 lacessunt.
1695 1465 1782 1570 His
1817 1479 1989 1573 Guevt-

530 1659 609 1740 ra,
644 1616 1037 1759 Hispanorumque
1082 1611 1242 1714 cohors
1285 1652 1375 1713 sese
1410 1649 1508 1714 ante
1551 1649 1704 1712 omnes
1746 1609 1990 1746 objiciuntt

531 1799 632 1864 turn
668 1759 835 1901 praelio
871 1758 1140 1878 commisso,
1177 1758 1268 1858 duo
1304 1753 1465 1856 milites
1506 1756 1744 1900 pecuniam
1788 1795 1992 1900 compor-

531 1941 707 2023 tantes,
733 1902 817 2046 qui
852 1903 962 2008 inter
992 1904 1158 2045 primos
1189 1900 1503 2024 versabantur,
1529 1896 1784 2004 cedentibus
1817 1902 1995 2044 Papien·

533 2048 652 2152 sibus
688 2083 775 2152 sese
810 2058 1157 2180 conjunxerunts
1197 2081 1241 2148 et
1283 2046 1343 2148 sic
1379 2047 1622 2148 incolumes
1657 2046 1716 2148 ad
1751 2045 1993 2148 Antonium

531 2191 767 2337 perducti,
804 2193 960 2293 tradita
995 2191 1215 2332 pecunia,
1253 2191 1455 2324 Lanoji‚
1499 2191 1754 2332 ducumque
1796 2190 1994 2292 mandata

530 2335 758 2444 Germanis
792 2334 1070 2437 audientibus
1105 2357 1359 2476 exponuntt'
1395 2373 1448 2435 er
1483 2372 1648 2477 magna
1694 2332 1995 2475 pecuniarum,

531 2482 591 2584 ad
625 2517 765 2622 quam
789 2481 950 2581 redacti
986 2481 1105 2598 sint,
1134 2477 1319 2617 inopia,
1351 2477 1471 2576 illam
1502 2517 1545 2577 se
1580 2478 1753 2621 ingenti
1788 2516 1894 2580 cum
1926 2517 2000 2577 so⁴
2140 2483 2141 2488 '

530 2624 788 2742 licitudine,
818 2655 862 2722 et
890 2619 1101 2762 singulari
1126 2616 1418 2721 deferentium
1447 2619 1640 2760 periculo
1677 2619 1867 2738 mittete,
1903 2657 1998 2722 non

531 2799 584 2870 ut
619 2764 850 2866 Germanis
886 2761 1135 2884 militibus,
1171 2764 1299 2904 quod
1334 2762 1526 2864 maxime
1561 2763 1724 2866 vellent
1736 2841 1751 2885 ,
1791 2760 1997 2874 satisfiat;
2141 2895 2142 2898 p

537 2909 613 3012 sed
649 2943 700 3008 ut
736 2907 876 3010 iidem
917 2907 1122 3009 animum
1164 2943 1210 3007 et
1253 2905 1531 3010 voluntatem
1577 2945 1702 3009 suam
1746 2944 1999 3051 agnoscant:

535 3089 813 3198 rogareque,
850 3086 895 3154 et
930 3049 1142 3154 obtestari
1178 3060 1420 3153 Germanos
1457 3091 1542 3193 pto
1577 3052 1778 3194 ipsorum
1824 3090 1998 3194 perspe-

536 3232 608 3302 tta
643 3193 732 3298 fide
766 3232 812 3298 er
851 3196 1125 3316 constantia,
1167 3195 1367 3337 inopiam
1410 3232 1554 3336 aequo
1597 3195 1751 3298 animo
1797 3195 1998 3336 tantisper

537 3342 771 3444 tolerarent
789 3417 805 3462 ,
822 3340 966 3443 donec
988 3373 1260 3482 exspectata,
1282 3375 1327 3441 et
1351 3347 1443 3473 jam
1461 3380 1487 3439 a
1504 3340 1668 3442 Carolo
1688 3351 1871 3441 Caesare
1896 3337 2001 3440 mis-

537 3523 584 3588 sa
627 3484 850 3625 pecunia„
893 3521 969 3626 per
1012 3497 1262 3588 Genuenses
1314 3521 1572 3589 mercatores
1623 3479 1899 3626 perferatur,
1950 3517 2003 3581 ne

536 3628 844 3770 quorumdam
879 3627 1156 3771 impatientia
1189 3669 1253 3734 res
1289 3665 1424 3772 atque
1464 3628 1657 3773 dignitas
1677 3625 1840 3758 ,Caroli
1862 3636 2005 3729 Caesa·

539 3773 633 3894 ris,
667 3773 749 3918 qui
784 3810 994 3918 magnam
1036 3813 1161 3917 spem
1200 3774 1411 3878 victoriae
1455 3774 1502 3875 in
1550 3785 1878 3878 Germanorum
1922 3767 2005 3872 fide

541 3949 677 4056 atque
705 3917 868 4021 virtute
904 3916 1113 4022 omnibus
1149 3916 1273 4023 bellis
1309 3918 1524 4023 collocare
1560 3916 1877 4040 consuevisset,
1906 3953 2006 4018 cum

543 4058 760 4164 dedecore
796 4062 1116 4168 laudatissimae
1150 4063 1343 4170 nationis
1378 4062 1427 4170 in
1463 4064 1697 4168 discrimen
1739 4065 2006 4174 adducatur.

541 4203 627 4306 His
663 4206 858 4331 auditis,
893 4211 1134 4334 Germani,
1169 4245 1213 4318 et
1256 4213 1419 4315 ducum
1458 4209 1610 4316 animo
1647 4210 1886 4355 studioque
1919 4243 2007 4349 per·

542 4385 718 4508 specto,
753 4393 1024 4500 magnopere
1059 4393 1161 4459 sunt
1195 4356 1401 4467 delinitis
1434 4357 1585 4501 itaque
1620 4393 1798 4499 accepta
1835 4390 2007 4457 extusa·

542 4522 703 4611 trone,
734 4503 957 4642 parvaque
991 4500 1206 4644 pecunia,
1232 4542 1379 4648 aequo
1414 4499 1572 4605 animo
1605 4503 1662 4605 ad
1691 4499 1859 4606 bellum
1894 4537 2010 4601 con·

543 4623 712 4797 fectum
730 4640 938 4786 stipendii
968 4644 1234 4749 solutionem
1266 4684 1600 4794 exspectarunt,
1630 4645 1881 4796 praesertim
1907 4675 2015 4787 post
2139 4651 2143 4906 p

546 4813 749 4926 ipsorum
782 4783 991 4938 praelecti
1026 4824 1253 4948 mortem,
1289 4793 1371 4943 qui
1406 4835 1484 4946 per
1519 4835 1595 4904 eos
1631 4795 1722 4900 dies
1764 4781 2018 4900 ardentissi·
2142 4919 2143 4932 ᾖ

1945 4969 2022 5040 ma
2142 4977 2143 4980 ¹
