<?xml version="1.0" encoding="UTF-8"?>
<!DOCTYPE html PUBLIC "-//W3C//DTD XHTML 1.0 Transitional//EN"
    "http://www.w3.org/TR/xhtml1/DTD/xhtml1-transitional.dtd">
<html xmlns="http://www.w3.org/1999/xhtml" xml:lang="en" lang="en">
 <head>
  <title>
</title>
<meta http-equiv="Content-Type" content="text/html;charset=utf-8" />
  <meta name='ocr-system' content='tesseract 3.04.00' />
  <meta name='ocr-capabilities' content='ocr_page ocr_carea ocr_par ocr_line ocrx_word'/>
</head>
<body>
  <div class='ocr_page' id='page_1' title='image "./joannisgenesiis02sepgoog_0218.png"; bbox 0 0 4292 5984; ppageno 0'>
   <div class='ocr_carea' id='block_1_1' title="bbox 516 361 1471 484">
    <p class='ocr_par' dir='ltr' id='par_1_1' title="bbox 516 361 1471 484">
     <span class='ocr_line' id='line_1_1' title="bbox 516 361 1471 484; baseline -0.009 -2"><span class='ocrx_word' id='word_1_1' title='bbox 516 411 627 484; x_wconf 68' lang='lat' dir='ltr'>mn</span> <span class='ocrx_word' id='word_1_2' title='bbox 955 361 1471 478; x_wconf 68' lang='lat' dir='ltr'>spunsarum</span> 
     </span>
    </p>
   </div>
   <div class='ocr_carea' id='block_1_2' title="bbox 495 515 1989 4893">
    <p class='ocr_par' dir='ltr' id='par_1_2' title="bbox 497 515 1978 998">
     <span class='ocr_line' id='line_1_2' title="bbox 554 515 1978 643; baseline -0.008 -22"><span class='ocrx_word' id='word_1_3' title='bbox 554 539 623 621; x_wconf 88' lang='lat' dir='ltr'>IV.</span> <span class='ocrx_word' id='word_1_4' title='bbox 694 529 858 618; x_wconf 90' lang='lat' dir='ltr'>Romani</span> <span class='ocrx_word' id='word_1_5' title='bbox 897 527 1071 614; x_wconf 88' lang='lat' dir='ltr'>nuntiato</span> <span class='ocrx_word' id='word_1_6' title='bbox 1109 531 1204 612; x_wconf 90' lang='lat' dir='ltr'>Bor-</span> <span class='ocrx_word' id='word_1_7' title='bbox 1260 527 1392 614; x_wconf 90' lang='lat' dir='ltr'>cedere</span> <span class='ocrx_word' id='word_1_8' title='bbox 1413 590 1426 634; x_wconf 88' lang='lat'>‚</span> <span class='ocrx_word' id='word_1_9' title='bbox 1447 529 1555 643; x_wconf 91' lang='lat' dir='ltr'>quod</span> <span class='ocrx_word' id='word_1_10' title='bbox 1585 515 1785 643; x_wconf 82' lang='lat' dir='ltr'>Hispanus</span> <span class='ocrx_word' id='word_1_11' title='bbox 1805 523 1877 630; x_wconf 89' lang='lat' dir='ltr'>sit,</span> <span class='ocrx_word' id='word_1_12' title='bbox 1909 549 1978 610; x_wconf 82' lang='lat' dir='ltr'>co</span> 
     </span>
     <span class='ocr_line' id='line_1_3' title="bbox 497 645 1381 762; baseline -0.012 -21"><span class='ocrx_word' id='word_1_13' title='bbox 497 654 603 741; x_wconf 90' lang='lat' dir='ltr'>bonii</span> <span class='ocrx_word' id='word_1_14' title='bbox 643 653 812 739; x_wconf 84' lang='lat' dir='ltr'>adventu</span> <span class='ocrx_word' id='word_1_15' title='bbox 858 677 897 734; x_wconf 89' lang='lat' dir='ltr'>se</span> <span class='ocrx_word' id='word_1_16' title='bbox 936 646 986 731; x_wconf 92' lang='lat' dir='ltr'>ad</span> <span class='ocrx_word' id='word_1_17' title='bbox 1033 672 1202 760; x_wconf 89' lang='lat' dir='ltr'>pugnam</span> <span class='ocrx_word' id='word_1_18' title='bbox 1259 645 1381 762; x_wconf 89' lang='lat' dir='ltr'>gitur.</span> 
     </span>
     <span class='ocr_line' id='line_1_4' title="bbox 497 761 1977 884; baseline -0.008 -24"><span class='ocrx_word' id='word_1_19' title='bbox 497 796 714 875; x_wconf 89' lang='lat' dir='ltr'>exercent,</span> <span class='ocrx_word' id='word_1_20' title='bbox 749 767 946 884; x_wconf 90' lang='lat' dir='ltr'>omnisque</span> <span class='ocrx_word' id='word_1_21' title='bbox 972 763 1115 882; x_wconf 87' lang='lat' dir='ltr'>generis</span> <span class='ocrx_word' id='word_1_22' title='bbox 1145 790 1202 848; x_wconf 91' lang='lat' dir='ltr'>ar·</span> <span class='ocrx_word' id='word_1_23' title='bbox 1318 766 1388 848; x_wconf 87' lang='lat' dir='ltr'>XI.</span> <span class='ocrx_word' id='word_1_24' title='bbox 1430 761 1604 848; x_wconf 87' lang='lat' dir='ltr'>Clemens</span> <span class='ocrx_word' id='word_1_25' title='bbox 1616 762 1977 848; x_wconf 89' lang='lat' dir='ltr'>MartinumPortu-</span> 
     </span>
     <span class='ocr_line' id='line_1_5' title="bbox 497 881 1977 998; baseline -0.007 -21"><span class='ocrx_word' id='word_1_26' title='bbox 497 892 565 976; x_wconf 91' lang='lat' dir='ltr'>mis</span> <span class='ocrx_word' id='word_1_27' title='bbox 589 919 665 977; x_wconf 85' lang='lat' dir='ltr'>sese</span> <span class='ocrx_word' id='word_1_28' title='bbox 689 888 894 972; x_wconf 88' lang='lat' dir='ltr'>instruunt.</span> <span class='ocrx_word' id='word_1_29' title='bbox 1260 881 1389 997; x_wconf 90' lang='lat' dir='ltr'>galliae</span> <span class='ocrx_word' id='word_1_30' title='bbox 1422 882 1533 998; x_wconf 91' lang='lat' dir='ltr'>Regis</span> <span class='ocrx_word' id='word_1_31' title='bbox 1562 905 1752 967; x_wconf 90' lang='lat' dir='ltr'>oratorem</span> <span class='ocrx_word' id='word_1_32' title='bbox 1786 881 1836 966; x_wconf 90' lang='lat' dir='ltr'>ad</span> <span class='ocrx_word' id='word_1_33' title='bbox 1854 957 1858 964; x_wconf 89' lang='lat'>.</span> <span class='ocrx_word' id='word_1_34' title='bbox 1877 883 1977 967; x_wconf 88' lang='lat' dir='ltr'>Cae-</span> 
     </span>
    </p>

    <p class='ocr_par' dir='ltr' id='par_1_3' title="bbox 496 997 1989 1709">
     <span class='ocr_line' id='line_1_6' title="bbox 556 997 1975 1114; baseline -0.006 -20"><span class='ocrx_word' id='word_1_35' title='bbox 556 1013 607 1094; x_wconf 90' lang='lat' dir='ltr'>V.</span> <span class='ocrx_word' id='word_1_36' title='bbox 666 1003 838 1090; x_wconf 87' lang='lat' dir='ltr'>Clemens</span> <span class='ocrx_word' id='word_1_37' title='bbox 873 998 1044 1088; x_wconf 84' lang='lat' dir='ltr'>Pontifex</span> <span class='ocrx_word' id='word_1_38' title='bbox 1071 997 1202 1085; x_wconf 89' lang='lat' dir='ltr'>habito</span> <span class='ocrx_word' id='word_1_39' title='bbox 1260 1000 1422 1085; x_wconf 88' lang='lat' dir='ltr'>sarianos</span> <span class='ocrx_word' id='word_1_40' title='bbox 1464 999 1577 1086; x_wconf 90' lang='lat' dir='ltr'>duces</span> <span class='ocrx_word' id='word_1_41' title='bbox 1606 1001 1655 1087; x_wconf 89' lang='lat' dir='ltr'>de</span> <span class='ocrx_word' id='word_1_42' title='bbox 1693 999 1975 1114; x_wconf 83' lang='lat' dir='ltr'>compositione</span> 
     </span>
     <span class='ocr_line' id='line_1_7' title="bbox 496 1115 1974 1234; baseline -0.005 -21"><span class='ocrx_word' id='word_1_43' title='bbox 496 1128 593 1214; x_wconf 82' lang='lat' dir='ltr'>iruna</span> <span class='ocrx_word' id='word_1_44' title='bbox 611 1124 744 1210; x_wconf 88' lang='lat' dir='ltr'>urbem</span> <span class='ocrx_word' id='word_1_45' title='bbox 768 1121 927 1208; x_wconf 90' lang='lat' dir='ltr'>militum</span> <span class='ocrx_word' id='word_1_46' title='bbox 942 1119 1202 1224; x_wconf 83' lang='lat' dir='ltr'>delecnu,Reu·</span> <span class='ocrx_word' id='word_1_47' title='bbox 1260 1115 1426 1234; x_wconf 85' lang='lat' dir='ltr'>legatum</span> <span class='ocrx_word' id='word_1_48' title='bbox 1471 1118 1603 1204; x_wconf 88' lang='lat' dir='ltr'>mittit.</span> <span class='ocrx_word' id='word_1_49' title='bbox 1647 1117 1701 1203; x_wconf 89' lang='lat' dir='ltr'>Hi</span> <span class='ocrx_word' id='word_1_50' title='bbox 1741 1118 1974 1205; x_wconf 79' lang='lat' dir='ltr'>ducatorum</span> 
     </span>
     <span class='ocr_line' id='line_1_8' title="bbox 496 1235 1989 1352; baseline -0.008 -20"><span class='ocrx_word' id='word_1_51' title='bbox 496 1246 591 1331; x_wconf 90' lang='lat' dir='ltr'>tium</span> <span class='ocrx_word' id='word_1_52' title='bbox 617 1243 797 1327; x_wconf 90' lang='lat' dir='ltr'>Chierum</span> <span class='ocrx_word' id='word_1_53' title='bbox 827 1239 1005 1325; x_wconf 92' lang='lat' dir='ltr'>Ursinum</span> <span class='ocrx_word' id='word_1_54' title='bbox 1027 1238 1099 1322; x_wconf 92' lang='lat' dir='ltr'>toti</span> <span class='ocrx_word' id='word_1_55' title='bbox 1119 1265 1202 1319; x_wconf 90' lang='lat' dir='ltr'>mu·</span> <span class='ocrx_word' id='word_1_56' title='bbox 1259 1258 1425 1323; x_wconf 89' lang='lat' dir='ltr'>trecenta</span> <span class='ocrx_word' id='word_1_57' title='bbox 1454 1235 1564 1321; x_wconf 89' lang='lat' dir='ltr'>millia</span> <span class='ocrx_word' id='word_1_58' title='bbox 1591 1267 1662 1352; x_wconf 93' lang='lat' dir='ltr'>pro</span> <span class='ocrx_word' id='word_1_59' title='bbox 1686 1235 1872 1351; x_wconf 87' lang='lat' dir='ltr'>stipendio</span> <span class='ocrx_word' id='word_1_60' title='bbox 1908 1237 1989 1320; x_wconf 88' lang='lat' dir='ltr'>mi·-</span> 
     </span>
     <span class='ocr_line' id='line_1_9' title="bbox 496 1351 1973 1470; baseline -0.006 -22"><span class='ocrx_word' id='word_1_61' title='bbox 496 1364 576 1450; x_wconf 92' lang='lat' dir='ltr'>neri</span> <span class='ocrx_word' id='word_1_62' title='bbox 605 1367 752 1447; x_wconf 88' lang='lat' dir='ltr'>Romae</span> <span class='ocrx_word' id='word_1_63' title='bbox 782 1355 1039 1444; x_wconf 89' lang='lat' dir='ltr'>defendendae</span> <span class='ocrx_word' id='word_1_64' title='bbox 1071 1353 1202 1470; x_wconf 87' lang='lat' dir='ltr'>praefi·</span> <span class='ocrx_word' id='word_1_65' title='bbox 1259 1351 1381 1439; x_wconf 90' lang='lat' dir='ltr'>litibus</span> <span class='ocrx_word' id='word_1_66' title='bbox 1401 1356 1638 1444; x_wconf 85' lang='lat' dir='ltr'>numerando</span> <span class='ocrx_word' id='word_1_67' title='bbox 1663 1355 1867 1468; x_wconf 88' lang='lat' dir='ltr'>postulant.</span> <span class='ocrx_word' id='word_1_68' title='bbox 1899 1360 1973 1440; x_wconf 84' lang='lat' dir='ltr'>Lu-</span> 
     </span>
     <span class='ocr_line' id='line_1_10' title="bbox 496 1470 1974 1592; baseline -0.008 -25"><span class='ocrx_word' id='word_1_69' title='bbox 496 1483 570 1567; x_wconf 90' lang='lat' dir='ltr'>cit.</span> <span class='ocrx_word' id='word_1_70' title='bbox 621 1486 653 1565; x_wconf 92' lang='lat' dir='ltr'>Is</span> <span class='ocrx_word' id='word_1_71' title='bbox 703 1475 897 1564; x_wconf 91' lang='lat' dir='ltr'>tormentis</span> <span class='ocrx_word' id='word_1_72' title='bbox 944 1471 1202 1592; x_wconf 88' lang='lat' dir='ltr'>praesidioque</span> <span class='ocrx_word' id='word_1_73' title='bbox 1259 1471 1415 1560; x_wconf 90' lang='lat' dir='ltr'>dovicus</span> <span class='ocrx_word' id='word_1_74' title='bbox 1454 1477 1642 1590; x_wconf 89' lang='lat' dir='ltr'>Gonzaga</span> <span class='ocrx_word' id='word_1_75' title='bbox 1672 1470 1974 1559; x_wconf 76' lang='lat' dir='ltr'>Transtiberinae</span> 
     </span>
     <span class='ocr_line' id='line_1_11' title="bbox 497 1591 1983 1709; baseline -0.006 -24"><span class='ocrx_word' id='word_1_76' title='bbox 497 1599 628 1685; x_wconf 89' lang='lat' dir='ltr'>urbem</span> <span class='ocrx_word' id='word_1_77' title='bbox 659 1595 801 1682; x_wconf 90' lang='lat' dir='ltr'>munit.</span> <span class='ocrx_word' id='word_1_78' title='bbox 1116 1605 1118 1608; x_wconf 82' lang='grc'><strong>’</strong></span> <span class='ocrx_word' id='word_1_79' title='bbox 1258 1591 1358 1676; x_wconf 89' lang='lat' dir='ltr'>urbis</span> <span class='ocrx_word' id='word_1_80' title='bbox 1394 1591 1505 1708; x_wconf 88' lang='lat' dir='ltr'>partis</span> <span class='ocrx_word' id='word_1_81' title='bbox 1533 1592 1807 1709; x_wconf 79' lang='lat' dir='ltr'>oppugnationi</span> <span class='ocrx_word' id='word_1_82' title='bbox 1837 1615 1983 1706; x_wconf 88' lang='lat' dir='ltr'>aptum·</span> 
     </span>
    </p>

    <p class='ocr_par' dir='ltr' id='par_1_4' title="bbox 495 1707 1976 2421">
     <span class='ocr_line' id='line_1_12' title="bbox 557 1707 1821 1846; baseline -0.006 -43"><span class='ocrx_word' id='word_1_83' title='bbox 557 1721 623 1803; x_wconf 92' lang='lat' dir='ltr'>Vl.</span> <span class='ocrx_word' id='word_1_84' title='bbox 683 1719 829 1800; x_wconf 88' lang='lat' dir='ltr'>Romae</span> <span class='ocrx_word' id='word_1_85' title='bbox 868 1711 974 1846; x_wconf 79' lang='lat' dir='ltr'>saluti</span> <span class='ocrx_word' id='word_1_86' title='bbox 1011 1710 1202 1798; x_wconf 89' lang='lat' dir='ltr'>consulere</span> <span class='ocrx_word' id='word_1_87' title='bbox 1259 1717 1387 1795; x_wconf 92' lang='lat' dir='ltr'>locum</span> <span class='ocrx_word' id='word_1_88' title='bbox 1402 1709 1636 1796; x_wconf 88' lang='lat' dir='ltr'>considerare</span> <span class='ocrx_word' id='word_1_89' title='bbox 1655 1707 1821 1823; x_wconf 77' lang='lat' dir='ltr'>jubetur.</span> 
     </span>
     <span class='ocr_line' id='line_1_13' title="bbox 495 1829 1975 2062; baseline -0.005 -24"><span class='ocrx_word' id='word_1_90' title='bbox 495 1831 1202 2062; x_wconf 51' lang='lat' dir='ltr'>dttllltlllddtffild</span> <span class='ocrx_word' id='word_1_91' title='bbox 1265 1829 1975 2036; x_wconf 52' lang='lat' dir='ltr'>auffduiufillffllfflffii</span> 
     </span>
     <span class='ocr_line' id='line_1_14' title="bbox 496 2062 1976 2174; baseline -0.006 -18"><span class='ocrx_word' id='word_1_92' title='bbox 496 2068 652 2156; x_wconf 89' lang='lat' dir='ltr'>Rentius</span> <span class='ocrx_word' id='word_1_93' title='bbox 680 2063 786 2152; x_wconf 89' lang='lat' dir='ltr'>nimis</span> <span class='ocrx_word' id='word_1_94' title='bbox 810 2064 894 2151; x_wconf 73' lang='lat' dir='ltr'>sibi</span> <span class='ocrx_word' id='word_1_95' title='bbox 923 2063 1115 2151; x_wconf 85' lang='lat' dir='ltr'>conlidens</span> <span class='ocrx_word' id='word_1_96' title='bbox 1143 2095 1203 2150; x_wconf 86' lang='lat' dir='ltr'>ca·</span> <span class='ocrx_word' id='word_1_97' title='bbox 1262 2089 1408 2152; x_wconf 92' lang='lat' dir='ltr'>vertens</span> <span class='ocrx_word' id='word_1_98' title='bbox 1449 2065 1579 2151; x_wconf 87' lang='lat' dir='ltr'>milites</span> <span class='ocrx_word' id='word_1_99' title='bbox 1626 2066 1876 2153; x_wconf 89' lang='lat' dir='ltr'>conscendere</span> <span class='ocrx_word' id='word_1_100' title='bbox 1917 2062 1976 2174; x_wconf 75' lang='lat' dir='ltr'>ju·</span> 
     </span>
     <span class='ocr_line' id='line_1_15' title="bbox 497 2181 1972 2304; baseline -0.005 -30"><span class='ocrx_word' id='word_1_101' title='bbox 497 2188 741 2274; x_wconf 86' lang='lat' dir='ltr'>duceatorem</span> <span class='ocrx_word' id='word_1_102' title='bbox 780 2183 819 2268; x_wconf 90' lang='lat' dir='ltr'>in</span> <span class='ocrx_word' id='word_1_103' title='bbox 864 2185 997 2270; x_wconf 89' lang='lat' dir='ltr'>urbem</span> <span class='ocrx_word' id='word_1_104' title='bbox 1013 2183 1204 2301; x_wconf 90' lang='lat' dir='ltr'>ingressu</span> <span class='ocrx_word' id='word_1_105' title='bbox 1262 2181 1354 2268; x_wconf 87' lang='lat' dir='ltr'>bet.</span> <span class='ocrx_word' id='word_1_106' title='bbox 1399 2184 1602 2272; x_wconf 90' lang='lat' dir='ltr'>Universus</span> <span class='ocrx_word' id='word_1_107' title='bbox 1638 2184 1749 2304; x_wconf 91' lang='lat' dir='ltr'>igitur</span> <span class='ocrx_word' id='word_1_108' title='bbox 1793 2181 1972 2270; x_wconf 85' lang='lat' dir='ltr'>exercittus</span> 
     </span>
     <span class='ocr_line' id='line_1_16' title="bbox 497 2298 1971 2421; baseline -0.006 -29"><span class='ocrx_word' id='word_1_109' title='bbox 497 2305 692 2421; x_wconf 86' lang='lat' dir='ltr'>prohibet.</span> <span class='ocrx_word' id='word_1_110' title='bbox 1140 2299 1181 2410; x_wconf 59' lang='lat' dir='ltr'>⁴ss</span> <span class='ocrx_word' id='word_1_111' title='bbox 1262 2301 1378 2415; x_wconf 91' lang='lat' dir='ltr'>portis</span> <span class='ocrx_word' id='word_1_112' title='bbox 1405 2298 1567 2387; x_wconf 88' lang='lat' dir='ltr'>refractis</span> <span class='ocrx_word' id='word_1_113' title='bbox 1596 2302 1774 2388; x_wconf 79' lang='lat' dir='ltr'>innusstus</span> <span class='ocrx_word' id='word_1_114' title='bbox 1800 2299 1971 2416; x_wconf 90' lang='lat' dir='ltr'>diripien-</span> 
     </span>
    </p>

    <p class='ocr_par' dir='ltr' id='par_1_5' title="bbox 497 2417 1978 3716">
     <span class='ocr_line' id='line_1_17' title="bbox 555 2417 1971 2536; baseline -0.004 -27"><span class='ocrx_word' id='word_1_115' title='bbox 555 2426 637 2509; x_wconf 89' lang='lat' dir='ltr'>Vll.</span> <span class='ocrx_word' id='word_1_116' title='bbox 698 2417 908 2506; x_wconf 78' lang='lat' dir='ltr'>Caesariani</span> <span class='ocrx_word' id='word_1_117' title='bbox 939 2448 1051 2505; x_wconf 92' lang='lat' dir='ltr'>muro</span> <span class='ocrx_word' id='word_1_118' title='bbox 1082 2447 1205 2506; x_wconf 79' lang='lat' dir='ltr'>succe·</span> <span class='ocrx_word' id='word_1_119' title='bbox 1263 2418 1302 2504; x_wconf 88' lang='lat' dir='ltr'>di</span> <span class='ocrx_word' id='word_1_120' title='bbox 1346 2420 1464 2536; x_wconf 90' lang='lat' dir='ltr'>gratia</span> <span class='ocrx_word' id='word_1_121' title='bbox 1494 2422 1748 2536; x_wconf 86' lang='lat' dir='ltr'>undequaque</span> <span class='ocrx_word' id='word_1_122' title='bbox 1782 2417 1971 2526; x_wconf 72' lang='lat' dir='ltr'>discurrit,</span> 
     </span>
     <span class='ocr_line' id='line_1_18' title="bbox 497 2535 1971 2654; baseline -0.004 -27"><span class='ocrx_word' id='word_1_123' title='bbox 497 2541 596 2627; x_wconf 88' lang='lat' dir='ltr'>dunt</span> <span class='ocrx_word' id='word_1_124' title='bbox 626 2539 822 2623; x_wconf 88' lang='lat' dir='ltr'>Borbonio</span> <span class='ocrx_word' id='word_1_125' title='bbox 845 2538 926 2652; x_wconf 92' lang='lat' dir='ltr'>ipso</span> <span class='ocrx_word' id='word_1_126' title='bbox 957 2550 1045 2620; x_wconf 88' lang='lat' dir='ltr'>cunt</span> <span class='ocrx_word' id='word_1_127' title='bbox 1076 2539 1205 2652; x_wconf 81' lang='lat' dir='ltr'>Hispa⁴</span> <span class='ocrx_word' id='word_1_128' title='bbox 1262 2539 1397 2652; x_wconf 91' lang='lat' dir='ltr'>Ingens</span> <span class='ocrx_word' id='word_1_129' title='bbox 1421 2537 1548 2653; x_wconf 88' lang='lat' dir='ltr'>itaque</span> <span class='ocrx_word' id='word_1_130' title='bbox 1574 2538 1758 2654; x_wconf 90' lang='lat' dir='ltr'>direptio,</span> <span class='ocrx_word' id='word_1_131' title='bbox 1773 2535 1971 2622; x_wconf 89' lang='lat' dir='ltr'>hominum</span> 
     </span>
     <span class='ocr_line' id='line_1_19' title="bbox 497 2652 1974 2854; baseline -0.002 -112"><span class='ocrx_word' id='word_1_132' title='bbox 497 2658 554 2742; x_wconf 92' lang='lat' dir='ltr'>nis</span> <span class='ocrx_word' id='word_1_133' title='bbox 596 2654 857 2740; x_wconf 88' lang='lat' dir='ltr'>antecedente.</span> <span class='ocrx_word' id='word_1_134' title='bbox 911 2652 1069 2768; x_wconf 87' lang='lat' dir='ltr'>Hispani</span> <span class='ocrx_word' id='word_1_135' title='bbox 1105 2654 1205 2741; x_wconf 90' lang='lat' dir='ltr'>scalis</span> <span class='ocrx_word' id='word_1_136' title='bbox 1263 2654 1387 2768; x_wconf 90' lang='lat' dir='ltr'>captio</span> <span class='ocrx_word' id='word_1_137' title='bbox 1413 2684 1453 2741; x_wconf 88' lang='lat' dir='ltr'>tt</span> <span class='ocrx_word' id='word_1_138' title='bbox 1477 2655 1639 2761; x_wconf 86' lang='lat' dir='ltr'>caedes,</span> <span class='ocrx_word' id='word_1_139' title='bbox 1663 2656 1867 2742; x_wconf 90' lang='lat' dir='ltr'>domorum</span> <span class='ocrx_word' id='word_1_140' title='bbox 1901 2683 1974 2854; x_wconf 52' lang='grc' dir='ltr'>οἱ</span> 
     </span>
     <span class='ocr_line' id='line_1_20' title="bbox 499 2771 1972 2889; baseline -0.003 -28"><span class='ocrx_word' id='word_1_141' title='bbox 499 2773 660 2861; x_wconf 86' lang='lat' dir='ltr'>admotis</span> <span class='ocrx_word' id='word_1_142' title='bbox 687 2781 837 2858; x_wconf 90' lang='lat' dir='ltr'>murum</span> <span class='ocrx_word' id='word_1_143' title='bbox 865 2771 1144 2857; x_wconf 89' lang='lat' dir='ltr'>conscendunt.</span> <span class='ocrx_word' id='word_1_144' title='bbox 1263 2772 1477 2888; x_wconf 84' lang='lat' dir='ltr'>pugnatio,</span> <span class='ocrx_word' id='word_1_145' title='bbox 1509 2772 1653 2889; x_wconf 87' lang='lat' dir='ltr'>aliaque</span> <span class='ocrx_word' id='word_1_146' title='bbox 1683 2773 1888 2858; x_wconf 90' lang='lat' dir='ltr'>inhumana</span> <span class='ocrx_word' id='word_1_147' title='bbox 1953 2815 1972 2836; x_wconf 91' lang='lat'>·</span> 
     </span>
     <span class='ocr_line' id='line_1_21' title="bbox 526 2889 1978 3007; baseline -0.002 -29"><span class='ocrx_word' id='word_1_148' title='bbox 526 2895 659 2978; x_wconf 63' lang='lat' dir='ltr'>&#39;VllL</span> <span class='ocrx_word' id='word_1_149' title='bbox 717 2890 929 2975; x_wconf 76' lang='lat' dir='ltr'>borbonius</span> <span class='ocrx_word' id='word_1_150' title='bbox 951 2891 1130 2975; x_wconf 91' lang='lat' dir='ltr'>tormenti</span> <span class='ocrx_word' id='word_1_151' title='bbox 1151 2915 1207 2978; x_wconf 92' lang='lat' dir='ltr'>te·</span> <span class='ocrx_word' id='word_1_152' title='bbox 1264 2889 1390 2977; x_wconf 89' lang='lat' dir='ltr'>cinora</span> <span class='ocrx_word' id='word_1_153' title='bbox 1419 2920 1443 2975; x_wconf 88' lang='lat' dir='ltr'>a</span> <span class='ocrx_word' id='word_1_154' title='bbox 1469 2891 1640 2976; x_wconf 85' lang='lat' dir='ltr'>militibus</span> <span class='ocrx_word' id='word_1_155' title='bbox 1663 2915 1880 3007; x_wconf 89' lang='lat' dir='ltr'>patrantur.</span> <span class='ocrx_word' id='word_1_156' title='bbox 1966 2931 1978 2959; x_wconf 58' lang='grc' dir='ltr'>ι</span> 
     </span>
     <span class='ocr_line' id='line_1_22' title="bbox 497 3003 1973 3126; baseline -0.003 -30"><span class='ocrx_word' id='word_1_157' title='bbox 497 3006 539 3096; x_wconf 92' lang='lat' dir='ltr'>lo</span> <span class='ocrx_word' id='word_1_158' title='bbox 568 3006 773 3096; x_wconf 85' lang='lat' dir='ltr'>occiditur.</span> <span class='ocrx_word' id='word_1_159' title='bbox 804 3007 944 3094; x_wconf 88' lang='lat' dir='ltr'>Milites</span> <span class='ocrx_word' id='word_1_160' title='bbox 963 3007 1102 3122; x_wconf 81' lang='lat' dir='ltr'>majore</span> <span class='ocrx_word' id='word_1_161' title='bbox 1135 3034 1209 3095; x_wconf 85' lang='lat' dir='ltr'>stu·</span> <span class='ocrx_word' id='word_1_162' title='bbox 1297 3010 1423 3095; x_wconf 81' lang='lat' dir='ltr'>-Xlll</span> <span class='ocrx_word' id='word_1_163' title='bbox 1482 3012 1629 3094; x_wconf 89' lang='lat' dir='ltr'>Romae</span> <span class='ocrx_word' id='word_1_164' title='bbox 1652 3009 1898 3126; x_wconf 90' lang='lat' dir='ltr'>direptionem</span> <span class='ocrx_word' id='word_1_165' title='bbox 1922 3003 1973 3091; x_wconf 84' lang='lat' dir='ltr'>fa·</span> 
     </span>
     <span class='ocr_line' id='line_1_23' title="bbox 501 3124 1974 3244; baseline -0.003 -30"><span class='ocrx_word' id='word_1_166' title='bbox 501 3127 567 3214; x_wconf 92' lang='lat' dir='ltr'>dio</span> <span class='ocrx_word' id='word_1_167' title='bbox 592 3151 707 3242; x_wconf 88' lang='lat' dir='ltr'>atque</span> <span class='ocrx_word' id='word_1_168' title='bbox 730 3125 842 3211; x_wconf 90' lang='lat' dir='ltr'>etiam</span> <span class='ocrx_word' id='word_1_169' title='bbox 870 3125 1129 3243; x_wconf 86' lang='lat' dir='ltr'>indignatione</span> <span class='ocrx_word' id='word_1_170' title='bbox 1145 3158 1209 3244; x_wconf 85' lang='lat' dir='ltr'>op</span> <span class='ocrx_word' id='word_1_171' title='bbox 1262 3155 1343 3211; x_wconf 88' lang='lat' dir='ltr'>mes</span> <span class='ocrx_word' id='word_1_172' title='bbox 1376 3187 1388 3226; x_wconf 91' lang='lat'>‚</span> <span class='ocrx_word' id='word_1_173' title='bbox 1421 3124 1557 3212; x_wconf 89' lang='lat' dir='ltr'>deinde</span> <span class='ocrx_word' id='word_1_174' title='bbox 1602 3126 1713 3212; x_wconf 90' lang='lat' dir='ltr'>etiam</span> <span class='ocrx_word' id='word_1_175' title='bbox 1743 3127 1851 3243; x_wconf 88' lang='lat' dir='ltr'>pestis</span> <span class='ocrx_word' id='word_1_176' title='bbox 1894 3141 1974 3244; x_wconf 67' lang='lat' dir='ltr'>gra³</span> 
     </span>
     <span class='ocr_line' id='line_1_24' title="bbox 502 3243 1841 3363; baseline -0.001 -32"><span class='ocrx_word' id='word_1_177' title='bbox 502 3245 775 3363; x_wconf 89' lang='lat' dir='ltr'>pugnationem</span> <span class='ocrx_word' id='word_1_178' title='bbox 801 3269 964 3360; x_wconf 90' lang='lat' dir='ltr'>urgent.</span> <span class='ocrx_word' id='word_1_179' title='bbox 997 3243 1153 3358; x_wconf 85' lang='lat' dir='ltr'>Hispani</span> <span class='ocrx_word' id='word_1_180' title='bbox 1169 3275 1208 3331; x_wconf 91' lang='lat' dir='ltr'>se</span> <span class='ocrx_word' id='word_1_181' title='bbox 1265 3243 1411 3332; x_wconf 86' lang='lat' dir='ltr'>vissirna</span> <span class='ocrx_word' id='word_1_182' title='bbox 1438 3244 1703 3360; x_wconf 87' lang='lat' dir='ltr'>consequitur.</span> <span class='ocrx_word' id='word_1_183' title='bbox 1836 3265 1841 3274; x_wconf 86' lang='grc'><em>·</em></span> 
     </span>
     <span class='ocr_line' id='line_1_25' title="bbox 503 3361 1974 3463; baseline 0 -15"><span class='ocrx_word' id='word_1_184' title='bbox 503 3363 552 3448; x_wconf 91' lang='lat' dir='ltr'>de</span> <span class='ocrx_word' id='word_1_185' title='bbox 583 3391 693 3448; x_wconf 92' lang='lat' dir='ltr'>muro</span> <span class='ocrx_word' id='word_1_186' title='bbox 723 3361 926 3448; x_wconf 89' lang='lat' dir='ltr'>deminunt</span> <span class='ocrx_word' id='word_1_187' title='bbox 941 3388 954 3463; x_wconf 92' lang='lat'>·‚</span> <span class='ocrx_word' id='word_1_188' title='bbox 970 3389 1016 3446; x_wconf 90' lang='lat' dir='ltr'>ex</span> <span class='ocrx_word' id='word_1_189' title='bbox 1042 3363 1130 3449; x_wconf 88' lang='lat' dir='ltr'>valli</span> <span class='ocrx_word' id='word_1_190' title='bbox 1145 3391 1209 3448; x_wconf 90' lang='lat' dir='ltr'>cu-</span> <span class='ocrx_word' id='word_1_191' title='bbox 1325 3364 1431 3448; x_wconf 89' lang='lat' dir='ltr'>XIV.</span> <span class='ocrx_word' id='word_1_192' title='bbox 1490 3368 1581 3448; x_wconf 84' lang='lat' dir='ltr'>Dux</span> <span class='ocrx_word' id='word_1_193' title='bbox 1594 3363 1756 3449; x_wconf 87' lang='lat' dir='ltr'>Urbinas</span> <span class='ocrx_word' id='word_1_194' title='bbox 1771 3390 1858 3449; x_wconf 90' lang='lat' dir='ltr'>cum</span> <span class='ocrx_word' id='word_1_195' title='bbox 1874 3389 1974 3448; x_wconf 84' lang='lat' dir='ltr'>exer-</span> 
     </span>
     <span class='ocr_line' id='line_1_26' title="bbox 503 3479 1973 3598; baseline -0.001 -32"><span class='ocrx_word' id='word_1_196' title='bbox 503 3479 754 3566; x_wconf 67' lang='lat' dir='ltr'>stodibus&#39;ad</span> <span class='ocrx_word' id='word_1_197' title='bbox 788 3479 1095 3595; x_wconf 88' lang='lat' dir='ltr'>quinquemillia</span> <span class='ocrx_word' id='word_1_198' title='bbox 1127 3508 1211 3596; x_wconf 87' lang='lat' dir='ltr'>per-</span> <span class='ocrx_word' id='word_1_199' title='bbox 1266 3479 1343 3565; x_wconf 91' lang='lat' dir='ltr'>citu</span> <span class='ocrx_word' id='word_1_200' title='bbox 1379 3480 1550 3594; x_wconf 87' lang='lat' dir='ltr'>pervenit</span> <span class='ocrx_word' id='word_1_201' title='bbox 1567 3541 1578 3586; x_wconf 91' lang='lat'>,</span> <span class='ocrx_word' id='word_1_202' title='bbox 1594 3504 1633 3566; x_wconf 89' lang='lat' dir='ltr'>et</span> <span class='ocrx_word' id='word_1_203' title='bbox 1673 3511 1753 3566; x_wconf 93' lang='lat' dir='ltr'>non</span> <span class='ocrx_word' id='word_1_204' title='bbox 1777 3481 1892 3598; x_wconf 89' lang='lat' dir='ltr'>longe</span> <span class='ocrx_word' id='word_1_205' title='bbox 1922 3481 1973 3565; x_wconf 88' lang='lat' dir='ltr'>ab</span> 
     </span>
     <span class='ocr_line' id='line_1_27' title="bbox 505 3595 1972 3716; baseline 0.001 -34"><span class='ocrx_word' id='word_1_206' title='bbox 505 3598 622 3716; x_wconf 85' lang='lat' dir='ltr'>pauci·</span> <span class='ocrx_word' id='word_1_207' title='bbox 641 3595 736 3714; x_wconf 88' lang='lat' dir='ltr'>fuga·</span> <span class='ocrx_word' id='word_1_208' title='bbox 762 3597 980 3683; x_wconf 84' lang='lat' dir='ltr'>elabunnur.</span> <span class='ocrx_word' id='word_1_209' title='bbox 1077 3661 1079 3668; x_wconf 71' lang='lat'><em>·</em></span> <span class='ocrx_word' id='word_1_210' title='bbox 1266 3599 1361 3684; x_wconf 89' lang='lat' dir='ltr'>urbe</span> <span class='ocrx_word' id='word_1_211' title='bbox 1392 3603 1515 3683; x_wconf 86' lang='lat' dir='ltr'>Roma</span> <span class='ocrx_word' id='word_1_212' title='bbox 1537 3625 1654 3684; x_wconf 88' lang='lat' dir='ltr'>castra</span> <span class='ocrx_word' id='word_1_213' title='bbox 1683 3599 1810 3714; x_wconf 93' lang='lat' dir='ltr'>ponit.</span> <span class='ocrx_word' id='word_1_214' title='bbox 1842 3603 1972 3683; x_wconf 84' lang='lat' dir='ltr'>Caesa·</span> 
     </span>
    </p>

    <p class='ocr_par' dir='ltr' id='par_1_6' title="bbox 506 3712 1976 4067">
     <span class='ocr_line' id='line_1_28' title="bbox 566 3712 1976 3831; baseline -0.001 -30"><span class='ocrx_word' id='word_1_215' title='bbox 566 3718 635 3801; x_wconf 74' lang='grc' dir='ltr'>[Χ.</span> <span class='ocrx_word' id='word_1_216' title='bbox 696 3712 865 3802; x_wconf 87' lang='lat' dir='ltr'>Pontifex</span> <span class='ocrx_word' id='word_1_217' title='bbox 891 3715 929 3800; x_wconf 92' lang='lat' dir='ltr'>in</span> <span class='ocrx_word' id='word_1_218' title='bbox 958 3743 1080 3800; x_wconf 89' lang='lat' dir='ltr'>arcem</span> <span class='ocrx_word' id='word_1_219' title='bbox 1102 3743 1141 3802; x_wconf 90' lang='lat' dir='ltr'>se</span> <span class='ocrx_word' id='word_1_220' title='bbox 1156 3744 1213 3802; x_wconf 89' lang='lat' dir='ltr'>re·</span> <span class='ocrx_word' id='word_1_221' title='bbox 1268 3716 1360 3802; x_wconf 89' lang='lat' dir='ltr'>riani</span> <span class='ocrx_word' id='word_1_222' title='bbox 1392 3745 1431 3802; x_wconf 89' lang='lat' dir='ltr'>se</span> <span class='ocrx_word' id='word_1_223' title='bbox 1463 3716 1514 3801; x_wconf 86' lang='lat' dir='ltr'>ad</span> <span class='ocrx_word' id='word_1_224' title='bbox 1541 3714 1795 3802; x_wconf 87' lang='lat' dir='ltr'>defensionem</span> <span class='ocrx_word' id='word_1_225' title='bbox 1822 3741 1976 3831; x_wconf 69' lang='lat' dir='ltr'>compa³</span> 
     </span>
     <span class='ocr_line' id='line_1_29' title="bbox 506 3831 1972 3949; baseline 0.001 -30"><span class='ocrx_word' id='word_1_226' title='bbox 506 3831 621 3948; x_wconf 88' lang='lat' dir='ltr'>cipit.</span> <span class='ocrx_word' id='word_1_227' title='bbox 653 3835 917 3920; x_wconf 91' lang='lat' dir='ltr'>Romanorum</span> <span class='ocrx_word' id='word_1_228' title='bbox 947 3833 1139 3920; x_wconf 86' lang='lat' dir='ltr'>oscitantia</span> <span class='ocrx_word' id='word_1_229' title='bbox 1160 3834 1213 3918; x_wconf 76' lang='lat' dir='ltr'>&#39;in</span> <span class='ocrx_word' id='word_1_230' title='bbox 1268 3858 1372 3919; x_wconf 91' lang='lat' dir='ltr'>rant.</span> <span class='ocrx_word' id='word_1_231' title='bbox 1420 3833 1582 3920; x_wconf 86' lang='lat' dir='ltr'>Uraniae</span> <span class='ocrx_word' id='word_1_232' title='bbox 1622 3832 1794 3949; x_wconf 89' lang='lat' dir='ltr'>Princeps</span> <span class='ocrx_word' id='word_1_233' title='bbox 1835 3835 1972 3949; x_wconf 90' lang='lat' dir='ltr'>pericu·</span> 
     </span>
     <span class='ocr_line' id='line_1_30' title="bbox 511 3951 1712 4067; baseline -0.002 -31"><span class='ocrx_word' id='word_1_234' title='bbox 511 3977 708 4036; x_wconf 83' lang='lat' dir='ltr'>caretum</span> <span class='ocrx_word' id='word_1_235' title='bbox 738 3951 1006 4067; x_wconf 86' lang='lat' dir='ltr'>trepidatione.</span> <span class='ocrx_word' id='word_1_236' title='bbox 1268 3951 1347 4036; x_wconf 90' lang='lat' dir='ltr'>lose</span> <span class='ocrx_word' id='word_1_237' title='bbox 1377 3951 1612 4038; x_wconf 66' lang='lat' dir='ltr'>vulneratur:</span> <span class='ocrx_word' id='word_1_238' title='bbox 1681 3975 1712 4018; x_wconf 62' lang='grc' dir='ltr'><em>τ</em></span> 
     </span>
    </p>

    <p class='ocr_par' dir='ltr' id='par_1_7' title="bbox 510 4065 1979 4893">
     <span class='ocr_line' id='line_1_31' title="bbox 568 4065 1974 4188; baseline 0.002 -35"><span class='ocrx_word' id='word_1_239' title='bbox 568 4069 619 4153; x_wconf 63' lang='lat' dir='ltr'>Xe</span> <span class='ocrx_word' id='word_1_240' title='bbox 679 4073 808 4186; x_wconf 85' lang='lat' dir='ltr'>Bnrgo</span> <span class='ocrx_word' id='word_1_241' title='bbox 857 4093 1074 4188; x_wconf 90' lang='lat' dir='ltr'>expugnato</span> <span class='ocrx_word' id='word_1_242' title='bbox 1126 4095 1216 4155; x_wconf 90' lang='lat' dir='ltr'>cum</span> <span class='ocrx_word' id='word_1_243' title='bbox 1327 4071 1416 4155; x_wconf 89' lang='lat' dir='ltr'>XV.</span> <span class='ocrx_word' id='word_1_244' title='bbox 1473 4065 1646 4156; x_wconf 85' lang='lat' dir='ltr'>Pontifex</span> <span class='ocrx_word' id='word_1_245' title='bbox 1669 4071 1825 4188; x_wconf 89' lang='lat' dir='ltr'>cognito</span> <span class='ocrx_word' id='word_1_246' title='bbox 1860 4070 1974 4156; x_wconf 91' lang='lat' dir='ltr'>Ducis</span> 
     </span>
     <span class='ocr_line' id='line_1_32' title="bbox 510 4185 1976 4292; baseline 0.001 -19"><span class='ocrx_word' id='word_1_247' title='bbox 510 4186 662 4273; x_wconf 86' lang='lat' dir='ltr'>aedibus</span> <span class='ocrx_word' id='word_1_248' title='bbox 703 4185 902 4272; x_wconf 89' lang='lat' dir='ltr'>Pontificiis</span> <span class='ocrx_word' id='word_1_249' title='bbox 923 4187 999 4274; x_wconf 89' lang='lat' dir='ltr'>divi</span> <span class='ocrx_word' id='word_1_250' title='bbox 1032 4187 1131 4274; x_wconf 83' lang='lat' dir='ltr'>Petri</span> <span class='ocrx_word' id='word_1_251' title='bbox 1162 4185 1216 4274; x_wconf 89' lang='lat' dir='ltr'>fa-</span> <span class='ocrx_word' id='word_1_252' title='bbox 1268 4186 1404 4273; x_wconf 91' lang='lat' dir='ltr'>Urbini</span> <span class='ocrx_word' id='word_1_253' title='bbox 1433 4187 1614 4292; x_wconf 74' lang='lat' dir='ltr'>ducem,</span> <span class='ocrx_word' id='word_1_254' title='bbox 1635 4215 1757 4274; x_wconf 90' lang='lat' dir='ltr'>arcem</span> <span class='ocrx_word' id='word_1_255' title='bbox 1790 4190 1976 4274; x_wconf 87' lang='lat' dir='ltr'>Caesaria-</span> 
     </span>
     <span class='ocr_line' id='line_1_33' title="bbox 511 4299 1974 4424; baseline 0.001 -36"><span class='ocrx_word' id='word_1_256' title='bbox 511 4331 604 4388; x_wconf 91' lang='lat' dir='ltr'>num</span> <span class='ocrx_word' id='word_1_257' title='bbox 637 4299 826 4420; x_wconf 84' lang='lat' dir='ltr'>diripitur.</span> <span class='ocrx_word' id='word_1_258' title='bbox 857 4305 1012 4390; x_wconf 92' lang='lat' dir='ltr'>Rentius</span> <span class='ocrx_word' id='word_1_259' title='bbox 1060 4305 1217 4394; x_wconf 91' lang='lat' dir='ltr'>Chierus</span> <span class='ocrx_word' id='word_1_260' title='bbox 1269 4305 1325 4390; x_wconf 90' lang='lat' dir='ltr'>nis</span> <span class='ocrx_word' id='word_1_261' title='bbox 1354 4305 1460 4392; x_wconf 88' lang='lat' dir='ltr'>certis</span> <span class='ocrx_word' id='word_1_262' title='bbox 1475 4306 1754 4393; x_wconf 88' lang='lat' dir='ltr'>conditionibus</span> <span class='ocrx_word' id='word_1_263' title='bbox 1769 4369 1781 4412; x_wconf 91' lang='lat'>,</span> <span class='ocrx_word' id='word_1_264' title='bbox 1799 4307 1974 4424; x_wconf 83' lang='lat' dir='ltr'>sequein</span> 
     </span>
     <span class='ocr_line' id='line_1_34' title="bbox 511 4419 1977 4538; baseline 0.001 -32"><span class='ocrx_word' id='word_1_265' title='bbox 511 4419 553 4506; x_wconf 88' lang='lat' dir='ltr'>in</span> <span class='ocrx_word' id='word_1_266' title='bbox 574 4449 698 4505; x_wconf 90' lang='lat' dir='ltr'>arcem</span> <span class='ocrx_word' id='word_1_267' title='bbox 712 4419 910 4538; x_wconf 86' lang='lat' dir='ltr'>confugit.</span> <span class='ocrx_word' id='word_1_268' title='bbox 941 4422 1119 4534; x_wconf 74' lang='lat' dir='ltr'>Ejusdem</span> <span class='ocrx_word' id='word_1_269' title='bbox 1141 4449 1217 4510; x_wconf 90' lang='lat' dir='ltr'>stu·</span> <span class='ocrx_word' id='word_1_270' title='bbox 1269 4424 1478 4513; x_wconf 88' lang='lat' dir='ltr'>custodiam</span> <span class='ocrx_word' id='word_1_271' title='bbox 1506 4424 1640 4511; x_wconf 78' lang='lat' dir='ltr'>tradit.</span> <span class='ocrx_word' id='word_1_272' title='bbox 1683 4422 1842 4538; x_wconf 85' lang='lat' dir='ltr'>Lanoji‚</span> <span class='ocrx_word' id='word_1_273' title='bbox 1868 4423 1977 4509; x_wconf 73' lang='lat' dir='ltr'>&#39;Alar-</span> 
     </span>
     <span class='ocr_line' id='line_1_35' title="bbox 512 4537 1976 4655; baseline 0.003 -33"><span class='ocrx_word' id='word_1_274' title='bbox 512 4567 585 4654; x_wconf 92' lang='lat' dir='ltr'>pot</span> <span class='ocrx_word' id='word_1_275' title='bbox 616 4537 698 4649; x_wconf 89' lang='lat' dir='ltr'>sive</span> <span class='ocrx_word' id='word_1_276' title='bbox 714 4539 890 4655; x_wconf 90' lang='lat' dir='ltr'>ignavia.</span> <span class='ocrx_word' id='word_1_277' title='bbox 934 4540 1107 4624; x_wconf 90' lang='lat' dir='ltr'>Auctoris</span> <span class='ocrx_word' id='word_1_278' title='bbox 1129 4570 1218 4626; x_wconf 92' lang='lat' dir='ltr'>cum</span> <span class='ocrx_word' id='word_1_279' title='bbox 1269 4543 1398 4647; x_wconf 88' lang='lat' dir='ltr'>conis,</span> <span class='ocrx_word' id='word_1_280' title='bbox 1424 4543 1531 4627; x_wconf 89' lang='lat' dir='ltr'>Vasti</span> <span class='ocrx_word' id='word_1_281' title='bbox 1558 4541 1826 4646; x_wconf 86' lang='lat' dir='ltr'>Marchionis‚</span> <span class='ocrx_word' id='word_1_282' title='bbox 1858 4543 1976 4626; x_wconf 90' lang='lat' dir='ltr'>Mon·</span> 
     </span>
     <span class='ocr_line' id='line_1_36' title="bbox 514 4655 1979 4773; baseline 0.001 -30"><span class='ocrx_word' id='word_1_283' title='bbox 514 4655 672 4743; x_wconf 84' lang='lat' dir='ltr'>Alberto</span> <span class='ocrx_word' id='word_1_284' title='bbox 700 4657 775 4742; x_wconf 91' lang='lat' dir='ltr'>Pio</span> <span class='ocrx_word' id='word_1_285' title='bbox 801 4656 841 4740; x_wconf 92' lang='lat' dir='ltr'>in</span> <span class='ocrx_word' id='word_1_286' title='bbox 872 4673 994 4742; x_wconf 86' lang='lat' dir='ltr'>arcem</span> <span class='ocrx_word' id='word_1_287' title='bbox 1026 4683 1217 4773; x_wconf 87' lang='lat' dir='ltr'>receptus,</span> <span class='ocrx_word' id='word_1_288' title='bbox 1270 4658 1422 4764; x_wconf 87' lang='lat' dir='ltr'>cadae,</span> <span class='ocrx_word' id='word_1_289' title='bbox 1455 4681 1496 4743; x_wconf 88' lang='lat' dir='ltr'>et</span> <span class='ocrx_word' id='word_1_290' title='bbox 1530 4659 1742 4747; x_wconf 82' lang='lat' dir='ltr'>Columnae</span> <span class='ocrx_word' id='word_1_291' title='bbox 1760 4659 1979 4747; x_wconf 81' lang='lat' dir='ltr'>¹Cardinalis</span> 
     </span>
     <span class='ocr_line' id='line_1_37' title="bbox 513 4773 1794 4893; baseline 0.003 -32"><span class='ocrx_word' id='word_1_292' title='bbox 513 4803 745 4892; x_wconf 89' lang='lat' dir='ltr'>quamquam</span> <span class='ocrx_word' id='word_1_293' title='bbox 773 4773 887 4893; x_wconf 89' lang='lat' dir='ltr'>paulo</span> <span class='ocrx_word' id='word_1_294' title='bbox 923 4800 1010 4892; x_wconf 90' lang='lat' dir='ltr'>post</span> <span class='ocrx_word' id='word_1_295' title='bbox 1037 4803 1121 4862; x_wconf 91' lang='lat' dir='ltr'>arce</span> <span class='ocrx_word' id='word_1_296' title='bbox 1159 4808 1219 4866; x_wconf 88' lang='lat' dir='ltr'>ex·</span> <span class='ocrx_word' id='word_1_297' title='bbox 1270 4774 1469 4865; x_wconf 89' lang='lat' dir='ltr'>inutbem</span> <span class='ocrx_word' id='word_1_298' title='bbox 1491 4779 1695 4870; x_wconf 85' lang='lat' dir='ltr'>adventtts.</span> <span class='ocrx_word' id='word_1_299' title='bbox 1791 4841 1794 4849; x_wconf 87' lang='lat'>.</span> 
     </span>
    </p>
   </div>
   <div class='ocr_carea' id='block_1_3' title="bbox 0 0 2153 5984">
    <p class='ocr_par' dir='ltr' id='par_1_8' title="bbox 0 0 2153 5984">
     <span class='ocr_line' id='line_1_38' title="bbox 0 0 2153 5984; baseline 0 0"><span class='ocrx_word' id='word_1_300' title='bbox 0 0 2153 5984; x_wconf 95' lang='lat' dir='ltr'> </span> 
     </span>
    </p>
   </div>
  </div>
 </body>
</html>
