4368 5984
698 383 817 456 VITA
843 384 907 456 ET
932 373 1145 459 semota.
1552 389 1611 456 LI.

189 524 270 606 dom
286 525 471 604 coecitate
492 528 727 624 perspecto,
755 523 915 624 optimos
931 531 967 596 et
983 521 1223 598 doctissimus
1238 519 1393 620 quisque
1408 539 1545 598 consae
1570 542 1632 604 no·

184 637 448 743 stroefavet,
476 660 585 742 quam
601 637 676 715 tibi
693 651 731 718 et
743 642 978 741 gravissimo
1007 649 1116 740 atque
1140 637 1383 736 doctissimo,
1418 643 1544 740 tuique
1573 645 1629 718 si·

182 764 263 844 mili
279 763 440 866 collegae
457 781 526 838 non
540 754 748 858 improbari
765 755 857 836 mihi
875 753 964 856 fnit
976 758 1238 862 gratissimum
1254 780 1304 834 en
1319 758 1396 833 tuis
1413 757 1555 838 litteris
1567 757 1629 841 in-

182 882 366 982 telligere.
400 874 485 956 Nec
510 880 627 958 miror
642 898 712 956 vos
734 881 991 978 gravissimos
1016 887 1056 952 et
1076 878 1336 980 integerrimos
1349 871 1536 979 judices,
1563 881 1628 979 qui

182 1001 378 1102 religionis
420 1007 459 1075 et
491 993 691 1076 catholicae
719 989 914 1074 Ecclesiae
929 1005 1170 1074 contemtores
1186 992 1376 1076 coercendi
1390 985 1628 1103 officiojcum

182 1138 322 1194 summa
333 1123 521 1218 potestate
530 1117 724 1218 praeestis
741 1166 754 1211 ,
770 1111 819 1190 ab
834 1135 878 1190 eo
893 1115 1075 1192 sententio
1092 1133 1159 1190 non
1180 1107 1381 1188 abhorrere
1398 1164 1413 1209 ,
1430 1133 1522 1214 quoe
1539 1170 1551 1213 ,
1581 1127 1624 1192 ut

182 1207 563 1332 ceterofundaminta
592 1287 607 1332 ,
636 1229 770 1342 quibus
788 1233 978 1333 praealtis
1003 1233 1144 1307 nititur
1177 1283 1190 1327 ,
1232 1239 1408 1329 taceam,
1445 1254 1624 1310 summum

182 1345 431 1453 Pontificem,
457 1361 495 1446 et
511 1351 575 1456 qui
591 1351 695 1429 nobis
711 1350 750 1426 in
768 1346 943 1427 Ecclesia
966 1361 1041 1452 pro
1067 1341 1221 1426 Christo
1246 1357 1333 1445 est,
1359 1367 1466 1426 uuum
1498 1359 1537 1426 et
1561 1351 1622 1427 ol-

181 1480 301 1549 terum
317 1481 503 1550 auctorem
519 1465 651 1569 tatae,
666 1478 703 1544 et
718 1470 841 1570 ipsius
860 1465 1055 1544 Ecclesiae
1072 1457 1483 1563 auctoritatefirlcitur.
1502 1463 1621 1572 ,Quod

181 1599 224 1666 ut
245 1585 382 1666 habeas
399 1588 666 1690 exploratius,
695 1588 900 1688 enernplum
922 1584 975 1661 ud
987 1595 1024 1662 te
1049 1586 1154 1662 mitto
1167 1585 1412 1682 litterarum,
1437 1605 1529 1686 quas
1561 1585 1620 1664 A·

182 1706 357 1785 tessander
372 1703 518 1783 Sextus
545 1697 727 1804 Pontifex
743 1705 928 1780 matrimus
953 1698 1148 1780 Foroaudo
1173 1711 1211 1777 et
1241 1695 1418 1777 isabellae
1450 1701 1617 1807 Regibus

182 1825 320 1902 nonnis
335 1825 540 1926 rescripsit
557 1876 571 1922 ,
596 1819 729 1924 quibus
744 1839 812 1898 non
825 1821 939 1898 solum
955 1818 1083 1898 bellum
1100 1815 1351 1899 Barbaricum
1359 1817 1499 1920 probat
1516 1877 1528 1918 ,
1546 1821 1617 1898 sed

183 1940 237 2019 od
250 1941 294 2020 id
299 1939 573 2044 suscipiendum
589 1951 626 2018 et
642 1936 868 2038 obeundum,
893 1933 1159 2039 Barbarosque
1175 1937 1400 2014 inditionem
1417 1936 1617 2020 tradendae

172 2062 336 2164 pietatis
350 2081 467 2138 causa
483 2047 726 2162 redigendos,
748 2069 965 2168 magnopere
982 2059 1176 2160 religiosos
1181 2056 1378 2158 principes
1392 2051 1621 2140 cohortatur:

179 2198 254 2276 qua
265 2175 311 2254 de
325 2199 368 2254 re
379 2173 596 2256 Fernandus
609 2172 806 2259 Valdesius
821 2175 1053 2254 sanctissimi
1063 2169 1265 2251 montanos
1279 2172 1616 2254 vestriomnisHi-

182 2297 339 2396 spaniae
349 2289 596 2397 praeflatus,
617 2305 654 2370 et
669 2293 765 2370 idem
774 2293 931 2396 praesul
953 2289 1195 2394 Hispalensis
1213 2345 1225 2390 ,
1254 2311 1358 2390 qoem
1374 2293 1503 2368 virum
1515 2315 1616 2396 gra·

184 2414 381 2490 vissimum
403 2410 554 2517 etjuris
569 2412 876 2495 consultissimum¹
890 2416 989 2490 nosti
998 2463 1011 2510 ‚
1025 2422 1143 2512 nuper
1164 2431 1245 2486 curn
1261 2410 1344 2487 viri
1361 2408 1467 2486 multi
1478 2415 1617 2512 gravi·
1701 2497 1710 2512 ‚

182 2537 261 2606 tote
275 2538 315 2606 et
342 2527 515 2609 doctrina
539 2538 777 2633 praestantes
809 2526 1025 2628 adessent,
1064 2528 1124 2604 sic
1148 2547 1283 2604 mecum
1314 2535 1373 2604 est
1406 2527 1613 2612 collocutus:

182 2677 209 2720 n
220 2642 301 2724 Cur
317 2700 330 2747 ,
345 2649 467 2748 inquit
484 2701 498 2748 ,
513 2643 684 2749 Genesi,
713 2638 794 2725 libri
810 2638 865 2726 tui
881 2640 1084 2728 editionem
1102 2639 1256 2752 quidam
1273 2636 1339 2724 viri
1359 2635 1524 2753 alioquin
1534 2641 1611 2727 'do-

183 2795 209 2836 n
221 2757 270 2842 cti
285 2781 325 2844 et
339 2775 473 2873 graves
486 2784 682 2874 tantopere
701 2758 908 2872 impediunt
926 2768 938 2843 l
958 2790 985 2834 ss
1012 2761 1070 2840 Et
1086 2784 1176 2869 ego:
1207 2795 1233 2836 n
1246 2755 1352 2854 Quid
1367 2781 1433 2859 tu,
1450 2766 1613 2865 inquom,

182 2912 209 2954 n
218 2877 361 2988 praesul
376 2876 624 2991 amplissime,
653 2877 778 2964 mede
795 2876 953 2993 negotio
969 2874 1194 2991 percontaris
1214 2935 1226 2980 ,
1266 2874 1374 2990 quod
1391 2875 1521 2960 melius
1538 2907 1615 2986 no-

187 3029 214 3072 n
227 2993 271 3078 sti
293 3021 411 3108 quam
427 3005 558 3111 egoi«
584 3032 612 3076 m
624 2997 746 3081 Causa
765 3000 915 3100 ,inquit
939 3001 1003 3078 ille
1019 3055 1032 3098 ,
1048 3021 1164 3108 quam
1183 2991 1249 3106 ipsi
1274 2989 1441 3105 jactant,
1461 2992 1616 3105 perlevis

184 3147 212 3191 m
222 3133 302 3212 est,
320 3136 359 3196 et
386 3112 476 3196 mihi
504 3141 713 3229 numquam
738 3110 927 3225 probata,
955 3110 1022 3225 qui
1050 3109 1263 3196 cavendum
1290 3138 1367 3195 esse
1392 3109 1549 3215 dicunt,
1568 3141 1617 3199 ne

182 3226 353 3313 „milites
369 3229 485 3316 nostri
501 3259 567 3345 per
583 3232 817 3317 occasionem
839 3228 917 3316 libri
932 3227 1082 3345 gravius
1098 3227 1264 3314 saeviant
1280 3227 1318 3312 in
1334 3227 1517 3312 Barbaros
1534 3256 1546 3332 ;
1574 3255 1616 3314 at

183 3383 210 3425 n
226 3343 299 3430 hoc
314 3375 363 3431 ne
375 3345 441 3432 fiat
456 3410 469 3454 ,
485 3349 651 3464 ipsorum
665 3349 825 3434 muneris
840 3370 924 3451 est,
949 3369 1136 3462 quantum
1153 3373 1208 3429 res
1224 3343 1362 3459 patitur
1377 3405 1390 3449 ,
1404 3345 1615 3459 providere.

184 3463 493 3551 „Namnetum
510 3489 553 3552 ut
576 3467 653 3552 sine
677 3465 799 3579 aliqua
814 3464 943 3577 injuria
968 3488 1008 3551 et
1034 3461 1216 3549 maleficio
1248 3486 1425 3578 geratur,
1452 3487 1517 3548 aut
1535 3460 1615 3566 fieti

187 3616 213 3659 n
226 3609 305 3666 uon
321 3605 473 3695 potest,
503 3608 570 3670 aut
586 3609 640 3670 est
658 3579 932 3670 difficillimum:
949 3613 976 3656 a
1012 3579 1068 3665 Et
1099 3608 1181 3665 com
1206 3598 1413 3688 parumper
1427 3584 1615 3684 siluisset,

187 3691 325 3806 adjecit
338 3705 457 3784 illud:
488 3739 515 3782 m
527 3702 660 3788 Dicam
675 3701 852 3816 equidem
866 3699 976 3816 quod
992 3699 1141 3803 sentio,
1171 3687 1299 3782 melius
1314 3697 1426 3800 iidem
1453 3723 1541 3781 suae
1561 3692 1617 3780 fa-

191 3851 217 3898 n
231 3845 315 3902 mae
341 3817 576 3906 consulerent
600 3882 612 3926 ,
639 3819 668 3905 si
689 3821 813 3934 potius
836 3818 971 3904 librum
994 3817 1096 3902 hunc
1115 3813 1180 3930 ipsi
1209 3813 1468 3932 grandioribus
1491 3811 1618 3900 litteris

190 3969 217 4014 n
230 3935 512 4045 excudendum,
540 3963 578 4025 et
604 3967 670 4053 pet
684 3965 840 4024 omnem
868 3935 1089 4050 Hispaniam
1113 3963 1161 4020 ex
1174 3930 1352 4050 suggestis
1367 3928 1416 4015 ad
1433 3927 1619 4046 publicam

191 4087 217 4132 n
229 4053 539 4140 commoditatem
555 4055 845 4171 praedicandum
866 4077 1076 4142 curarentur

276 4171 351 4258 Sed
366 4173 547 4285 quoniam
572 4176 623 4260 ad
647 4174 749 4260 hunc
773 4173 899 4259 locum
915 4171 1179 4287 pervenimus,
1207 4166 1341 4282 inquo
1363 4167 1410 4254 de
1425 4165 1548 4253 libello
1572 4198 1617 4254 o·

196 4287 334 4372 mnisam
366 4287 599 4404 Sepulvedae
631 4285 877 4376 famosissimo
902 4350 915 4393 ,
935 4287 1077 4403 quique
1101 4311 1295 4400 tamquam
1314 4284 1439 4370 Etidis·
1456 4315 1616 4397 pomum
1625 4317 1634 4324 ··

196 4403 283 4491 nnus
313 4408 559 4515 concitavit,
608 4405 651 4494 et
690 4406 979 4523 Theologorum
1009 4407 1049 4491 et
1095 4401 1445 4517 jureconsultorum
1477 4402 1622 4489 animos

195 4549 256 4632 per
272 4524 411 4610 multos
426 4554 547 4611 anuos
578 4525 709 4630 scidit,
743 4524 858 4611 verbs
882 4523 991 4611 nobis
1023 4547 1111 4610 sunt
1149 4517 1342 4619 facienda,
1377 4548 1512 4636 operae
1538 4549 1624 4634 pre-

196 4637 287 4726 tium
313 4670 384 4728 nos
408 4637 572 4730 facturos
596 4643 874 4748 existimamus,
898 4642 927 4728 si
955 4640 1033 4754 ejus
1061 4637 1249 4724 historiam
1279 4635 1392 4749 paulo
1424 4638 1626 4725 accuratius

199 4783 492 4866 pertractemus,
525 4789 604 4846 rem
621 4763 671 4846 ab
685 4761 830 4878 origine
851 4782 1085 4874 repetentes:
1113 4754 1228 4870 idque
1246 4754 1351 4838 nobis
1371 4784 1419 4839 eo
1444 4755 1560 4872 magis
1575 4779 1631 4841 est

199 4873 317 4967 uisum
335 4878 608 4988 necessatium,
635 4879 744 4994 quod
761 4905 946 4994 nusquam
969 4875 1009 4963 in
1031 4873 1153 4960 lucem
1184 4870 1361 4991 prodierit
1390 4873 1633 4962 Democrates

1166 4994 1244 5076 Gn
1573 4987 1634 5074 hic
