4368 5984
545 377 708 498 xxo(
954 406 1552 505 JOAN.GEN.SE1³ULVEDAE

534 541 700 661 pulveda
729 561 776 624 ut
805 561 939 623 eorum
960 533 1157 621 conatibus
1181 556 1416 639 occurreret,
1448 534 1515 651 qui
1541 534 1685 622 technis
1718 561 1757 625 et
1784 533 1999 628 calumniis

527 661 672 750 Alberti
689 659 742 744 Pii
774 651 896 742 famae
927 655 1164 757 insidiantes,
1189 657 1389 738 Erasmum
1416 653 1540 740 vitum
1556 656 1722 774 alioquin
1738 682 1776 744 et
1794 659 1995 774 probum,

528 808 572 868 ut
594 777 777 866 Genesius
801 775 948 891 inquit,
972 799 1011 860 et
1040 773 1310 877 moderamm,
1344 769 1440 858 falsis
1465 774 1714 863 delationibus
1733 778 1784 864 ad
1816 780 1994 864 scriben-

529 902 623 987 dum
646 896 929 1010 compulerant3
963 890 1076 979 officii
1108 892 1164 977 sui
1205 919 1250 976 ac
1280 892 1424 1007 pietatis
1459 895 1585 1008 potius
1624 926 1713 1015 erga
1745 897 1992 1014 Principem,

526 1049 637 1105 suum
654 1040 856 1134 patronum
878 1041 955 1098 esse
979 1011 1103 1098 multis
1124 1009 1298 1126 justisque
1317 1012 1366 1097 de
1397 1014 1512 1098 causis
1541 1015 1790 1104 existimavit.
1821 1016 1992 1103 Illorum

527 1138 640 1256 igitur
668 1134 860 1222 calumniis
877 1130 1130 1246 respondete,
1149 1157 1193 1215 ac
1214 1132 1358 1215 Erasmi
1389 1132 1629 1245 querimoniis
1646 1132 1860 1221 satisfacere
1890 1165 1993 1222 con·

528 1257 657 1361 stituit,
667 1255 767 1341 edita
776 1274 852 1365 pro
864 1253 1022 1337 Aaron
1041 1257 1109 1334 Pio
1125 1251 1308 1358 Principe
1335 1249 1522 1360 Carpensi
1538 1255 1794 1364 Antapologia
1811 1262 1856 1337 in
1874 1257 1993 1340 Era·

525 1404 643 1462 sarum
656 1369 969 1475 Poterodmnum,
996 1398 1112 1485 quam
1137 1367 1346 1483 Rodulpho
1360 1368 1428 1453 Pio
1454 1370 1617 1457 Antistiti
1633 1373 1846 1460 Faventino
1872 1404 1988 1460 nun-

526 1493 698 1610 cupavit.
731 1497 774 1576 In
800 1519 846 1576 ea
872 1489 1035 1603 primum
1052 1492 1212 1572 Erasmo
1236 1487 1468 1602 exprobrat,
1493 1491 1603 1604 quod
1620 1491 1757 1576 oblitus
1782 1492 1985 1610 theologi·

528 1615 561 1702 ci
593 1611 719 1700 decori
732 1639 777 1694 ac
792 1607 1025 1694 Christianae
1040 1605 1223 1711 caritatis,
1249 1606 1289 1691 iis
1320 1607 1496 1696 conviciis
1511 1633 1551 1694 et
1577 1607 1810 1694 contumeliis
1839 1611 1991 1696 Princi-

525 1763 614 1850 pem
641 1727 897 1848 gravissimum
912 1752 951 1813 et
982 1725 1239 1812 doctissimum
1267 1725 1477 1832 incesserit,
1506 1755 1606 1844 quae
1638 1728 1698 1814 vix
1712 1726 1852 1813 cadant
1868 1727 1911 1812 in
1930 1759 1990 1814 se·

528 1853 676 1938 missem
703 1878 747 1934 ac
763 1845 986 1934 dissolutum
1014 1843 1237 1949 hominem,
1271 1844 1472 1932 leviculum
1501 1871 1539 1932 et
1563 1846 1612 1930 ab
1633 1846 1739 1932 omni
1769 1845 1989 1934 litteratura

470 2015 475 2028 ·
529 1972 823 2058 abhorrentem.
854 1965 1003 2052 Deinde
1017 1993 1146 2050 causas
1161 1990 1465 2070 commemorat,
1494 1993 1595 2079 quae
1609 1989 1811 2070 nostrum,
1845 1992 1894 2052 ut
1911 1996 1989 2084 pro

530 2091 691 2176 Alberto
719 2087 916 2189 scriberet,
948 2085 1214 2172 adduxerunt:
1258 2083 1451 2187 Primum,
1482 2082 1634 2199 inquit,
1667 2093 1757 2192 quia
1789 2111 1896 2172 nemo
1925 2113 1987 2169 me

520 2208 763 2315 familiarius
793 2205 847 2288 A.
865 2205 975 2286 Pium
1006 2209 1119 2287 coluit
1136 2261 1150 2307 ,
1169 2209 1303 2284 nemini
1325 2205 1443 2311 major
1462 2199 1550 2308 fuit
1569 2211 1716 2290 occasio
1732 2231 1856 2287 mores
1877 2211 1989 2288 illius

533 2343 572 2410 et
601 2329 806 2409 doctrinam
836 2325 1075 2433 cognoscendi
1087 2385 1098 2406 .
1132 2323 1282 2405 Deinde
1298 2329 1491 2427 qnoniam,
1520 2349 1601 2405 cum
1623 2329 1683 2405 illi
1692 2331 1874 2433 principi
1892 2330 1991 2406 mul·

533 2454 567 2532 ti
591 2444 893 2544 multadebeunt,
921 2468 988 2550 ego
1004 2441 1098 2522 nihil
1123 2467 1178 2522 me
1206 2467 1274 2522 non
1303 2441 1433 2525 debere
1453 2439 1666 2547 profiteor,
1688 2451 1754 2548 qui
1779 2469 1835 2524 me
1855 2443 1992 2528 Bono·

535 2571 598 2648 nia
635 2588 654 2642 e
684 2566 834 2668 collegio
860 2561 1118 2668 Hispanorum
1139 2573 1300 2668 propter
1333 2563 1535 2644 nonnullam
1556 2558 1762 2665 firmasse,
1788 2585 1904 2666 quam
1938 2565 1989 2644 de

535 2683 675 2766 studiis
691 2687 781 2761 meis
798 2678 954 2762 habebat
969 2685 1195 2786 opinionem,
1211 2681 1264 2759 ad
1275 2703 1315 2758 se
1330 2691 1459 2786 sponte
1471 2704 1541 2768 suu
1557 2696 1730 2763 vocatum
1742 2694 1820 2761 tam
1840 2681 1985 2762 huma-

537 2827 581 2882 ne
607 2789 752 2904 semper
780 2816 927 2901 tumque
943 2812 1111 2879 amanter
1145 2801 1276 2879 multos
1305 2822 1417 2879 annos
1434 2799 1817 2902 anacronismum
1835 2804 1907 2885 vel
1921 2800 1988 2885 ho-

537 2924 641 3004 noris
657 2922 722 2998 vel
743 2915 1008 3022 benignitatis,
1024 2919 1120 3006 nihil
1142 2913 1462 3022 deniquefavoris
1478 2924 1651 3023 cuiquam
1673 2943 1822 3000 suorum
1838 2918 1988 3000 tribue·

539 3045 595 3120 rit
615 3093 628 3138 ,
655 3037 752 3141 quod
766 3036 856 3117 mli
879 3061 947 3118 non
958 3033 1088 3139 fuerit
1107 3059 1197 3116 sane
1213 3036 1340 3115 lubens
1365 3042 1631 3142 impertitus..
1654 3096 1721 3119 ...
1743 3033 1986 3141 ‚Postrema

540 3157 638 3262 quod
652 3167 764 3261 caput
780 3167 838 3234 est
856 3209 870 3256 ‚
898 3160 1066 3258 quoniam
1083 3152 1148 3234 ubi
1163 3168 1206 3234 tu
1230 3159 1379 3236 conaris
1394 3159 1535 3267 ingenii
1561 3155 1641 3255 ejus
1655 3167 1763 3259 atque
1786 3154 1987 3237 doctrinae

540 3276 684 3357 laudem
715 3273 768 3353 od
780 3275 872 3354 alios
887 3285 1083 3378 torquere,
1114 3276 1252 3376 aliquot
1282 3287 1320 3352 te
1352 3279 1538 3355 nominare
1553 3288 1696 3378 posse,
1721 3278 1834 3353 nimis
1848 3271 1988 3372 artifi-

544 3400 642 3475 ciose
669 3393 838 3493 dixisti,
863 3392 933 3471 sed
947 3415 1002 3471 me
1026 3415 1135 3470 urtam
1163 3395 1387 3492 nominasti,
1419 3393 1525 3497 cujus
1546 3394 1608 3470 ille
1636 3390 1852 3472 abuteretur
1868 3409 1989 3500 opera

545 3513 599 3594 ad
613 3507 789 3614 fhbulam
818 3515 932 3590 istum
956 3511 1232 3616 peragendam,
1258 3522 1383 3624 nempe
1413 3512 1466 3590 ad
1477 3513 1634 3592 alienum
1659 3509 1818 3593 libellum
1841 3534 1909 3594 sno
1927 3536 1992 3595 no·

549 3636 645 3712 mine
667 3628 945 3736 publicandum.

636 3742 850 3860 Sepulveda
879 3743 919 3828 in
951 3742 1027 3828 hoc
1059 3771 1175 3858 opere
1205 3743 1244 3829 id
1270 3745 1429 3860 probare
1456 3746 1611 3832 annixus
1642 3770 1726 3852 est,
1747 3769 1848 3832 recte
1874 3745 1988 3832 Pium

551 3864 740 3980 quaedam
759 3862 800 3946 in
822 3861 966 3948 Erasmi
989 3861 1127 3977 scriptis
1159 3888 1337 3971 notasse,
1366 3895 1466 3980 quae
1496 3863 1618 3971 falso,
1651 3890 1717 3950 aut
1733 3895 1812 3950 non
1828 3865 1913 3951 satis
1929 3865 1994 3954 vel

549 3981 711 4098 graviter
731 3981 793 4068 vel
822 4003 1062 4085 constanter,
1088 4009 1238 4097 quaeve
1270 3983 1391 4069 minus
1422 3984 1603 4070 catholice
1633 4010 1753 4070 essent
1775 3985 1887 4071 dicta.
1911 3985 1989 4068 Sed

551 4100 767 4215 priusquam
794 4100 869 4184 hoc
897 4095 1057 4204 efficiat,
1092 4123 1196 4188 extra
1220 4102 1458 4189 dubitationis
1482 4104 1601 4189 aleam
1631 4103 1738 4217 ponit
1754 4161 1768 4207 ,
1787 4102 1989 4188 Albertum

551 4248 622 4305 nec
640 4217 799 4304 aliorum
814 4217 968 4303 hortatu
983 4218 1164 4307 scribendi
1181 4221 1412 4336 provinciam
1424 4223 1645 4340 suscepisse,
1677 4249 1746 4308 nec
1761 4219 1881 4306 aliena
1896 4247 1991 4334 ope·

551 4368 594 4425 ta
608 4335 805 4454 indiguisse
832 4336 882 4422 ad
908 4366 1004 4451 opus
1030 4368 1141 4423 suum
1166 4341 1328 4428 numet'n
1354 4344 1530 4430 omnibus
1551 4340 1766 4427 absolutum
1789 4337 1993 4428 conficien-

555 4457 673 4542 dum:
700 4455 862 4572 denique
877 4485 915 4541 se
944 4456 1013 4542 stili
1044 4457 1318 4573 expolitorem,
1343 4462 1398 4548 uti
1417 4468 1593 4548 Erasmus
1621 4460 1895 4577 suspicabatur,
1918 4456 1995 4540 mi-

555 4574 656 4660 nime
672 4571 810 4681 fuisse,
839 4603 927 4660 cum
953 4574 1165 4692 Sepulveda
1197 4577 1408 4663 Placentiae
1438 4579 1620 4695 degeret,
1661 4604 1701 4665 et
1725 4600 1878 4663 anteat
1904 4600 1993 4690 post

555 4697 702 4780 Romae
720 4719 1011 4810 perseverasset,
1041 4723 1124 4810 quo
1139 4720 1311 4812 tempore
1326 4697 1411 4782 Pius
1431 4696 1475 4780 ¹in
1492 4703 1690 4784 Erasmum
1715 4695 1886 4781 Lutetiae
1906 4693 1993 4780 scri-

555 4815 682 4898 beret.
711 4813 812 4897 Hinc
839 4813 889 4899 ad
922 4843 967 4900 ea
998 4809 1231 4902 confistanda
1266 4815 1537 4933 progreditur,
1577 4844 1677 4933 quae
1707 4813 1997 4929 reprehensione

557 4932 671 5050 digna
695 4929 855 5020 offendit
875 4931 1088 5020 inErasmo
1119 4958 1203 5021 tum
1228 4933 1268 5020 in
1284 4935 1468 5052 dialogis,
1500 4961 1584 5024 turn
1612 4935 1725 5022 etiam
1750 4933 1790 5022 in
1813 4934 1889 5022 aliis
1903 4934 1998 5047 ejus·

1914 5053 2004 5140 dem
