4292 5984
554 419 653 491 VIII.
1020 409 1521 490 stJMMatttuM.

530 545 707 634 aiensibus
738 541 845 646 certis
871 537 1146 630 conditionibus
1173 538 1236 624 lar·
1287 583 1291 590 ·
1346 540 1476 625 XXV.
1545 539 1712 654 Joannes
1754 533 1896 628 Padilla
1932 539 1992 629 'ad

529 665 654 783 gitur.
1276 661 1438 743 Nonum
1463 657 1548 744 Kal.
1580 659 1673 771 Maii
1698 654 1802 745 Ann.
1835 690 1991 748 maan.

589 787 696 868 XXI.
755 778 945 866 Manricus
991 783 1089 863 lara
1137 776 1235 893 jussu
1277 777 1538 863 Torlobatone
1582 775 1733 863 incenso
1776 806 1865 864 cum
1914 779 1998 866 suis'

527 898 786 987 Comestabilis
810 927 898 982 cum
919 921 1096 984 veterana
1119 924 1234 982 manu
1277 894 1393 1028 copiis
1421 901 1591 978 Taurum
1617 896 1838 1002 contendit,
1866 921 1907 982 et
1934 898 1989 984 ad
2103 925 2106 934 ’

527 1018 578 1104 ad
610 1015 848 1134 Andagoiam
884 1015 1148 1134 progreditur,
1181 1038 1232 1119 et,
1280 1009 1454 1098 Vrllala're
1485 1039 1655 1127 proceres
1697 1009 1833 1099 infestb
1873 1011 1990 1132 signis

527 1138 679 1222 Comite
709 1133 937 1220 Salvaterrae
967 1129 1059 1250 fuga
1095 1133 1233 1217 subtra·
1277 1127 1318 1213 in
1349 1159 1437 1216 eum
1466 1155 1709 1244 procurrunt.

525 1279 618 1361 cto,
643 1253 753 1371 ipsius
773 1251 884 1338 aedes
907 1249 1029 1366 diripit
1044 1275 1085 1334 et
1112 1247 1233 1334 incen·
1336 1249 1482 1334 XXVI.
1542 1253 1586 1333 In
1629 1245 1679 1335 eo
1700 1275 1703 1282 ¹
1723 1250 1862 1365 praelio
1905 1251 1986 1368 ipse

526 1371 582 1456 dit
596 1401 607 1475 ;
623 1371 758 1458 deinde
781 1369 1025 1454 Salvaterram
1045 1395 1232 1483 receptam
1276 1393 1365 1450 cum
1398 1373 1510 1454 Petro
1542 1390 1582 1452 et
1607 1369 1800 1454 francisco
1834 1371 1989 1458 Maido-

524 1491 673 1606 Jacobo
714 1487 883 1574 Martino
927 1485 1071 1573 Alavae
1111 1510 1232 1571 custo
1277 1484 1381 1569 nado
1408 1512 1448 1572 et
1479 1486 1631 1596 Joanne
1654 1489 1827 1574 Bravoa
1859 1489 1994 1576 multis·

523 1607 700 1694 diendam
740 1604 871 1692 tradit.
921 1606 1062 1689 Comes
1107 1604 1230 1693 Salva·
1276 1600 1575 1708 circumventus,
1609 1629 1649 1688 et
1680 1633 1882 1722 postquam
1899 1607 1984 1693 Val-

522 1727 700 1810 terracin
729 1753 876 1810 montes
899 1751 975 1807 sese
1008 1720 1142 1824 abdit·,
1172 1722 1231 1806 ille
1276 1718 1440 1807 duemae
1474 1721 1665 1806 Comitem
1693 1753 1740 1810 ex
1777 1752 1880 1838 equo
1923 1725 1985 1812 de·

521 1871 568 1928 ex
583 1840 815 1958 praelectoris
833 1871 953 1956 ,quas
985 1841 1230 1922 Merindades
1274 1839 1523 1952 narbavetat,
1555 1841 1710 1929 tandem
1740 1841 1791 1926 ab
1822 1838 1987 1930 Alfonso

521 1987 662 2048 vocant
678 2023 691 2067 ,
706 1983 871 2078 quatuor
906 1957 958 2048 ad
983 1952 1148 2043 officium
1177 1987 1229 2044 re·
1273 1959 1429 2047 Cueva.
1464 1957 1610 2074 'capitur
1646 1991 1655 2044 :
1728 1959 1985 2077 postridieque

521 2077 601 2166 dite
622 2081 748 2199 cogit.
1232 2119 1234 2123 ·
1273 2101 1396 2162 morte
1422 2107 1554 2164 omnes
1579 2076 1805 2163 mulctantur
1834 2103 1985 2193 praeter

579 2199 702 2285 XXII.
762 2201 916 2284 Summa
945 2195 1031 2283 belli
1061 2197 1100 2283 in
1131 2198 1229 2282 Can·
1271 2195 1424 2281 Petrum
1455 2195 1735 2284 Maldonadum
1751 2201 1983 2284 Beneventa-

517 2313 635 2400 tabria
675 2317 829 2434 gerendi
874 2315 1045 2401 Martino
1093 2315 1227 2400 RuIzio
1271 2338 1325 2396 no
1346 2313 1489 2400 Comiti
1507 2314 1546 2398 in
1561 2313 1770 2400 custodiam
1795 2314 1949 2399 danum.

515 2431 758 2550 Avendagno
783 2458 823 2519 et
853 2432 1046 2516 Gomezio
1082 2435 1229 2516 Gonsa·
1329 2431 1489 2518 XXVII.
1548 2433 1672 2550 Regni
1700 2430 1886 2517 Praesides
1917 2435 1980 2544 Sy·

514 2545 556 2633 lo
586 2550 773 2634 Buirrono
800 2546 984 2634 traditur.
998 2544 1228 2635 salvaterrae
1270 2573 1420 2633 mancas
1454 2551 1705 2654 concedunt,
1735 2574 1776 2633 et
1807 2548 1981 2634 Valdoli-

515 2667 658 2751 Comes
687 2669 738 2752 ad
771 2665 1019 2751 Salvaterram
1055 2662 1229 2779 improvi·
1270 2666 1461 2772 tensibus,
1489 2667 1556 2782 qui
1580 2667 1715 2752 adens
1750 2663 1895 2783 legatos
1913 2695 1981 2781 pa-

518 2811 577 2868 sus
606 2783 740 2881 adest,
760 2783 827 2870 sed
857 2782 906 2867 ab
939 2781 1136 2898 oppidanis
1170 2811 1228 2870 te·
1269 2806 1353 2869 cem
1388 2809 1504 2900 atque
1536 2785 1684 2874 veniam
1715 2809 1869 2870 oratum
1895 2784 1982 2868 mit·

530 2898 662 2986 icintr.
1269 2920 1394 3008 tunt,
1423 2930 1540 3018 quam
1569 2897 1672 2986 facile
1686 2953 1688 2958 ·
1703 2902 1880 2988 universo
1896 2931 1983 3034 'po-
2141 2885 2142 2952 l

477 3113 487 3132 ‚
574 3019 712 3104 XXIII.
767 3015 956 3104 Martinus
968 3017 1227 3134 Avendagnus
1269 3016 1401 3130 pulo,
1439 3019 1599 3136 exceptis
1634 3018 1819 3106 seditionis
1851 3019 1983 3133 pnnci·

515 3161 603 3221 cum
630 3134 744 3252 copiis
773 3163 821 3219 ex
852 3134 946 3220 urbe
983 3133 1152 3220 Victoria
1192 3166 1227 3224 e·
1269 3135 1406 3248 pibus,
1431 3137 1637 3242 tribuunt,
1663 3135 1983 3252 Valdolitumque

514 3251 635 3338 ductis
678 3282 767 3338 cum
803 3251 956 3338 Comite
997 3251 1226 3342 Salvaterrae
1269 3254 1529 3370 regrediuntur
1560 3284 1574 3358 3
1613 3255 1755 3342 deinde
1790 3255 1984 3369 Methym·

516 3369 704 3489 confligit.
762 3367 837 3454 Hic
885 3397 924 3455 se
967 3364 1081 3486 fugae
1126 3401 1228 3458 man·
1269 3397 1357 3456 nam
1405 3375 1663 3490 Campestrem
1706 3398 1821 3488 atque
1860 3377 1983 3489 Sago·

514 3486 584 3576 dat
615 3519 630 3596 3
660 3487 849 3574 Gonsalus
887 3515 981 3576 vero
1028 3487 1228 3576 Barahona
1270 3488 1369 3574 viam
1405 3520 1476 3605 pro
1521 3489 1588 3577 essi
1655 3491 1783 3578 ceteris
1831 3491 1986 3606 populls

516 3635 696 3810 pnlugnanp
723 3606 896 3806 capinprl,
928 3629 967 3689 et
982 3634 1107 3720 poena
1135 3608 1228 3725 capi·
1268 3630 1309 3692 et
1345 3519 1557 3746 civitatibus
1592 3608 1725 3743 eadem
1757 3608 1982 3745 ¹conditione

609 3755 646 3810 m
688 3753 760 3812 oro
790 3755 828 3808 m
867 3747 1007 3808 ctann.
1269 3751 1419 3812 ventam
1459 3759 1510 3812 rm
1559 3751 1753 3814 rotantur:
1787 3751 1828 3814 at
1854 3757 1905 3813 ue
1930 3751 1984 3813 tta

584 3845 730 3928 XXIV.
798 3840 1098 3947 conestabilis,
1139 3871 1228 3931 asse·
1269 3843 1440 3956 populari
1479 3755 1657 3930 mpnerulnti
1688 3841 1769 3932 firia
1783 3757 1981 3931 abqomni·

516 3962 701 4047 crantibus
727 3961 855 4048 multis
901 3960 1143 4076 proceribus,
1174 3962 1229 4048 in-
1270 3961 1341 4045 bus
1362 3960 1405 4048 lit
1421 3988 1587 4076 ,praeter
1603 3961 1811 4049 Toletanos
1833 3962 1985 4051 seditio·

519 4075 712 4164 Vaccaeos
744 4076 933 4193 profectus
986 4077 1228 4166 Bezerrillum
1269 4104 1359 4163 nem
1377 4079 1596 4194 pertinacius
1619 4079 1778 4168 alentes.

520 4197 710 4283 castelum
749 4225 796 4280 ex
836 4197 963 4283 itinere
1007 4225 1226 4316 expugnat,
1329 4199 1508 4284 XXVIII.
1568 4204 1714 4284 Interea
1753 4195 1981 4310 solymanus

521 4340 635 4428 capto
659 4314 768 4428 ipsius
801 4309 987 4429 praelecto
1011 4316 1127 4401 Ducis
1147 4322 1229 4404 Ἀι-
1269 4317 1480 4402 Tutearum
1517 4323 1723 4433 Imperator
1754 4315 1893 4403 bellum
1928 4317 1983 4401 in·

522 4431 670 4546 quentis
693 4429 805 4518 fratre
834 4493 848 4538 ‚
872 4458 912 4518 et
942 4432 993 4519 ad
1031 4431 1230 4549 Pegnaflo·
1270 4428 1343 4521 ferr
1364 4436 1563 4522 Ludovico
1597 4435 1802 4522 bohemiae
1818 4459 1856 4519 et
1871 4436 1980 4520 Hun·

523 4577 603 4636 tem
630 4549 826 4651 considet,
841 4550 953 4634 ceteri
974 4577 1145 4664 proceres
1159 4581 1229 4636 un·
1271 4553 1395 4666 gariae
1429 4553 1522 4667 Regi
1538 4612 1550 4657 ,
1566 4551 1627 4638 cui
1658 4554 1785 4639 Caroli
1813 4552 1981 4638 Caesaris

523 4666 640 4783 dique
664 4665 898 4754 confluentes
928 4695 1016 4751 cum
1040 4669 1230 4758 Comesta·
1271 4698 1377 4754 soror
1409 4697 1592 4785 germana
1614 4697 1815 4787 nupserat,
1839 4694 1879 4758 et
1899 4669 1983 4758 Bel-

524 4783 586 4874 biIi
614 4815 771 4905 quoque
795 4815 872 4875 sese
901 4784 1159 4904 conjungant.
1271 4786 1432 4907 gradum
1453 4812 1661 4910 expugnat.
1745 4815 1765 4828 ··
1894 4849 1900 4862 -
1974 4809 1978 4817 ·
