4292 5984
545 463 633 536 X·'
989 453 1488 532 SUMMARIUM.

527 581 755 685 miserabilis,
768 607 862 696 quo,
877 575 968 665 fano
985 577 1228 696 deflagrante,
1279 578 1464 664 crantibus
1507 576 1558 662 ad
1609 579 1839 666 coenobium
1900 579 1991 668 Sisla

527 731 689 789 numero
716 728 826 814 supra
851 723 1015 813 quatuor
1040 697 1151 781 millia
1164 698 1231 783 ho
1259 721 1589 800 castrametatur,
1614 723 1653 783 et
1681 700 1893 815 oppidanos
1921 726 1993 787 tot·

529 822 644 908 mines
670 821 707 904 in
736 848 784 904 eo
806 816 968 902 conclusi
995 841 1171 930 pereunt.
1283 839 1498 900 mentorum
1520 814 1600 901 telis
1620 815 1789 903 infestat.

601 943 684 1024 XII.
757 935 929 1052 Zugniga
968 963 1061 1022 veto
1112 935 1233 1022 victor
1342 936 1462 1018 XVII.
1521 934 1695 1019 Toletani
1711 937 1762 1022 ad
1773 935 1871 1021 mille
1887 938 1992 1053 quin·

530 1061 729 1173 Ocagnam
760 1053 987 1171 ingreditur.
1037 1059 1235 1137 Zamoren-
1283 1052 1388 1166 genti
1414 1057 1567 1170 Tagum
1590 1054 1694 1140 vado
1721 1054 1907 1168 trajiciunt
1923 1118 1935 1161 ‚
1951 1081 1991 1142 et

531 1176 575 1262 sis
601 1175 806 1288 Episcopus
828 1189 916 1258 cum
948 1169 1135 1256 Toletana
1164 1201 1235 1255 ma·
1284 1195 1543 1256 occurrentem
1590 1172 1805 1290 Zugnigam
1852 1176 1991 1291 pedem

380 1313 384 1317 ’
532 1322 586 1378 nu
629 1298 730 1406 Iepes
766 1290 976 1406 pervenit,
1007 1289 1075 1404 qui
1113 1289 1236 1404 parvis
1286 1283 1420 1372 referre
1447 1312 1611 1406 cogunt.

533 1411 673 1526 praeliis
718 1405 820 1493 Iactis
862 1407 1043 1492 Toletum
1081 1437 1120 1490 se
1153 1406 1239 1491 reci·
1344 1408 1481 1490 XVIII.
1542 1409 1616 1494 Sed
1658 1412 1790 1498 Petnts
1826 1413 1992 1527 Nugnez

533 1531 620 1644 pit:
664 1555 810 1612 summa
855 1525 941 1610 belli
985 1525 1023 1608 in
1063 1529 1238 1638 Carpeta-
1287 1523 1422 1608 ducem
1462 1548 1578 1639 atque
1620 1525 1828 1640 equitatum
1875 1529 1993 1644 appel

534 1649 594 1732 nia
610 1645 762 1764 gerendi
785 1644 834 1729 ad
863 1644 1073 1728 Antonium
1100 1643 1238 1759 Zugni-
1286 1639 1365 1725 lans
1396 1671 1461 1727 eos
1501 1644 1715 1730 vehementi
1751 1643 1924 1730 oratione
1969 1677 1994 1734 a

534 1796 622 1882 gam
654 1788 693 1849 et
708 1761 908 1874 Joannem'
925 1763 1101 1847 Riveram
1129 1765 1240 1846 alie·
1288 1755 1378 1874 fuga
1404 1786 1576 1847 revocat.

534 1883 600 1999 gni
629 1881 857 1966 Praesidibus
874 1879 1016 1964 delata.
1347 1880 1452 1963 XIX.
1513 1877 1772 1966 Confirmatus
1804 1883 1994 1970 Antonius

483 2041 486 2048 ⁴
594 2003 676 2086 XII.
736 1997 915 2082 Scalonae
953 1998 1125 2111 Princeps
1153 2025 1240 2082 cum
1288 1995 1461 2112 Zugniga
1483 2027 1653 2114 pugnam
1681 1997 1908 2116 redintegrat
1925 2062 1938 2106 ‚
1954 2027 1996 2088 et

535 2114 654 2224 filio,
693 2117 857 2232 itemque
901 2115 1063 2226 Jacobus
1106 2113 1243 2200 Carde·
1288 2114 1460 2199 trecentis
1484 2115 1624 2201 circiter
1647 2115 1814 2204 hostibus
1842 2116 1995 2204 concisis

535 2265 601 2324 nas
658 2234 838 2320 Toletum
892 2234 990 2318 urbis
1053 2231 1242 2346 pacifican·
1289 2231 1450 2316 totidem
1478 2234 1598 2347 capit.
2141 2321 2142 2346 p

536 2354 608 2440 dae
632 2354 749 2470 gratia
779 2352 964 2454 veniunt3
998 2351 1062 2436 sed
1092 2350 1242 2437 Toleta-
1347 2351 1437 2435 XX.
1496 2351 1671 2438 Toletani
1717 2351 1813 2436 bac·
1841 2379 1995 2468 accepta
2141 2407 2142 2432 .

535 2472 574 2558 ni
616 2472 717 2555 hunc
758 2481 880 2584 atque
900 2469 977 2580 ejus
1020 2470 1240 2554 comitatum
1289 2465 1497 2554 calamitate
1532 2469 1676 2587 legatos
1716 2469 1764 2554 de
1809 2500 1902 2583 pace
1943 2473 1993 2560 ad

537 2589 646 2673 armis
677 2613 791 2702 atque
817 2586 921 2700 equis
950 2611 1117 2688 exuunt3
1149 2587 1240 2672 illius
1290 2585 1411 2701 Regni
1456 2587 1643 2672 Praesides
1683 2587 1884 2692 minant,
1929 2590 1996 2704 qui

537 2704 652 2792 filium
683 2705 720 2789 in
752 2702 989 2818 populatitun
1012 2705 1130 2790 verba
1152 2705 1241 2819 juta·
1289 2731 1374 2787 eam
1400 2706 1507 2791 certis
1534 2704 1812 2791 conditionibus
1839 2703 1996 2796 libenter

537 2851 578 2910 te
608 2821 858 2937 compellunt.
1290 2821 1484 2908 tribuunt.
1508 2821 1660 2907 Gabriel
1682 2823 1809 2940 itaque
1825 2825 1996 2912 Metinus

596 2943 700 3025 XIV.
761 2939 966 3053 Episcopus
1009 2943 1241 3027 Zamorensis
1289 2939 1594 3054 Archiepiscopus
1625 2941 1731 3027 Batti
1770 2941 1998 3058 Magistrati-
2140 2943 2141 2954 '

537 3058 677 3145 Toleto
705 3058 743 3142 in
776 3061 1017 3168 Navattam,
1050 3081 1089 3142 et
1116 3058 1242 3144 Gallo
1289 3057 1360 3141 bus
1388 3057 1542 3173 acceptis
1558 3058 1639 3145 urbi
1662 3055 1890 3170 praeficitut3
1908 3064 1994 3146 Ma·

537 3203 621 3262 rum
648 3199 765 3261 castra
791 3175 987 3262 contendit
1012 3204 1025 3277 3
1053 3176 1241 3262 Pachecus
1289 3173 1351 3258 tia'
1376 3177 1542 3260 Pacheca
1580 3199 1699 3260 noctu
1737 3175 1890 3262 discedit
1915 3207 1927 3280 ς
1955 3204 1996 3266 et

538 3323 631 3380 veto
668 3294 865 3380 Scalonam
895 3293 1074 3379 discedit.
1105 3296 1241 3410 Zugni·
1289 3289 1464 3378 Toletani
1488 3293 1539 3379 ad
1570 3293 1761 3409 pristinum
1786 3318 1925 3380 statum
1957 3321 1998 3385 et

537 3436 656 3527 gaer
682 3411 817 3500 Rivera
848 3411 976 3497 Toleti
1006 3410 1240 3497 obsidionem
1289 3409 1592 3524 tranquillitatem
1618 3411 1802 3497 redeunt.
2114 3501 2117 3510 ,

536 3553 696 3646 urgent.
738 3529 930 3616 Toletanis
958 3555 1240 3614 commeatuum
1348 3529 1452 3612 XXI.
1513 3527 1710 3613 Gallorum
1737 3533 1819 3614 Rex
1835 3532 1998 3620 exercitu

534 3673 644 3732 causa
683 3649 830 3765 egressis
887 3650 1053 3761 joannes
1105 3647 1242 3736 Rivera
1290 3669 1462 3758 reparato
1492 3647 1607 3762 copiis
1629 3648 1803 3733 omnibus
1835 3649 1997 3735 Almital·

536 3791 624 3848 cum
652 3767 836 3882 equitibus
861 3762 906 3851 lit
936 3764 1118 3872 obviam.
1288 3763 1378 3846 lium
1392 3762 1577 3878 praeficit.
1607 3766 1683 3850 Hic
1697 3769 1997 3854 fontemtabiam

596 3884 684 3968 XV.
752 3884 901 3980 Quibus
939 3882 1144 3995 conspectis
1188 3911 1242 3970 re·
1289 3880 1482 3968 obsidione
1517 3882 1632 3999 cingit
1663 3944 1675 3988 ,
1704 3909 1743 3969 et
1780 3913 1803 3968 a
1849 3887 1999 3998 Jacobo

536 4001 738 4086 rtocedunt
768 3999 900 4088 frustra
931 3999 981 4084 ab
1011 4002 1105 4084 urbe
1143 4002 1241 4087 auxi-
1289 4001 1391 4084 Vera
1405 4025 1659 4106 commeatus,
1675 4002 1727 4085 tei
1741 4003 1998 4116 pecuniariae,

535 4113 587 4202 lio
615 4118 793 4202 submisso
825 4152 834 4203 ε
867 4120 905 4203 in
933 4148 978 4203 ea
1011 4115 1102 4236 fuga
1137 4120 1240 4235 quin·
1287 4116 1522 4235 pulverisque
1552 4119 1779 4204 tormentatii
1803 4120 1933 4234 inopia
1947 4122 1997 4206 la-

536 4234 640 4350 genti
666 4234 820 4351 amplius
859 4235 1052 4321 desiderati
1084 4299 1096 4342 ,
1129 4238 1238 4324 etin
1287 4237 1445 4322 botante
1473 4266 1538 4352 per
1555 4236 1783 4324 deditionem
1799 4237 1950 4354 recipit.
2054 4277 2058 4292 ·

534 4350 751 4440 iisChaves
784 4353 939 4470 quidam
984 4351 1122 4438 aurifex
1165 4386 1238 4440 ma·
1345 4355 1466 4437 XXII.
1527 4353 1721 4446 Belttanus
1751 4353 1884 4443 Cueva
1920 4361 1997 4442 Re·

536 4495 634 4582 gnae
674 4472 768 4558 inter
798 4473 895 4586 ipsos
925 4470 1152 4557 auctoritatis
1183 4477 1236 4558 ob
1286 4473 1350 4588 gni
1379 4472 1592 4557 Praesidum
1622 4472 1720 4582 jussu
1742 4477 1920 4557 Sancntm
1936 4479 1999 4559 Se

536 4585 680 4672 virtutis
719 4591 953 4704 opinionem.
1286 4588 1493 4673 bastianum
1522 4589 1704 4704 oppidum
1746 4591 1998 4704 Guipuzcoae

594 4707 698 4790 XVI.
758 4705 944 4793 Antonius
982 4704 1154 4822 Zugniga
1190 4735 1237 4793 ex
1285 4705 1527 4792 Cantabricae
1587 4707 1799 4822 provinciae
1856 4708 1997 4822 prima·

537 4821 687 4938 Jepibus
712 4854 869 4914 movens
884 4822 1007 4910 multis
1032 4821 1116 4909 viris
1149 4853 1236 4912 asse·
1283 4821 1379 4910 tium
1404 4825 1499 4914 tuen
1524 4850 1726 4941 properat.
1770 4825 1997 4916 Almitallius
