4294 5984
592 432 676 544 136
984 441 1066 520 DE
1115 435 1317 516 REBUS
1368 429 1586 512 GESTIS

540 608 670 710 uibus
712 599 976 707 abstinerent
1019 630 1158 698 cetera
1206 593 1363 737 praeda
1407 586 1633 708 contenti,
1684 627 1798 834 qpltae
1847 629 2008 740 magna·

541 748 627 854 fitit
663 795 714 852 ex
751 749 859 852 urbe
902 738 1265 884 opulentissima,
1313 736 1457 836 multo
1502 743 1645 869 major
1745 771 1877 852 tuta,
1924 744 2007 848 nisi

541 896 748 1039 postridie
783 906 885 992 Dux
929 889 1080 1008 idem,
1127 884 1324 986 misertus
1360 879 1585 999 civitatis,
1618 876 1834 984 militibus
1868 882 2004 994 linem

543 1037 780 1179 direptioni
814 1029 983 1152 facere,
1013 1072 1063 1132 ac
1099 1029 1208 1132 urbe
1245 1027 1451 1128 decedere
1485 1026 1766 1165 imperasset.
1797 1037 2002 1139 Ceterum

544 1183 816 1285 Octavianus
851 1192 1087 1322 Fregosus‚
1124 1211 1167 1276 et
1204 1181 1351 1273 Petrus
1368 1255 1371 1261 .
1389 1179 1614 1271 Navarrus
1649 1169 1801 1311 capti,
1834 1180 2002 1318 Neapo

542 1328 712 1471 limque
734 1406 749 1448 ,
775 1360 825 1426 ut
861 1323 910 1424 in
945 1361 1039 1422 arce
1075 1316 1417 1435 custodirentur,
1444 1313 1588 1423 missis
1620 1314 1896 1418 Antoniotus
1930 1361 2001 1424 au-

544 1508 637 1572 tem
674 1473 883 1603 Adornus
919 1479 1024 1568 Dux
1060 1463 1139 1584 fit,
1176 1460 1431 1601 civitatique
1468 1455 1744 1602 praeficitur.
1776 1527 1779 1534 ,

616 1623 794 1718 XLVII.
866 1624 1034 1711 Interea
1068 1620 1163 1710 Rex
1198 1605 1373 1722 Gallus,
1413 1603 1601 1707 exercitu
1635 1643 1866 1747 reparato,
1902 1609 2000 1714 huic

545 1759 840 1865 Almirallium
874 1795 978 1855 cum
1012 1792 1185 1853 summa
1219 1747 1395 1888 imperii
1432 1747 1658 1888 praeficit,
1691 1787 1736 1854 et
1766 1752 1812 1852 in
1839 1756 1999 1860 Italiam

546 1943 821 2045 properare,
858 1936 900 2000 er
934 1937 1040 1998 cum
1075 1896 1160 1996 suis
1202 1889 1504 1994 laborantibus
1549 1931 1682 2034 opem
1724 1889 1863 2017 ferre,
1905 1935 2000 2004 tum

546 2045 605 2148 ab
643 2047 877 2150 obsidione
913 2052 1122 2159 Genuae,
1163 2077 1301 2180 quam
1349 2038 1606 2138 diuturnam
1651 2033 1747 2139 fore
1793 2040 1999 2182 putabat,

547 2191 828 2294 Caesarianos
865 2219 1051 2289 avertere
1085 2179 1238 2316 jubet.
1284 2192 1389 2282 Hoc
1425 2223 1528 2286 cum
1573 2220 1679 2283 esset
1720 2187 2000 2308 nuntiatum,

545 2343 724 2476 jamque
769 2331 917 2435 Gallos
965 2328 1098 2467 Alpes
1139 2328 1448 2428 transcendisse
1495 2362 1738 2436 constarett
1785 2331 2001 2432 Columna
2125 2323 2126 2338 i

547 2477 697 2617 copias
732 2476 782 2575 in
818 2483 1048 2574 Astensem
1083 2509 1276 2612 agrum,
1315 2512 1403 2612 qua
1440 2472 1522 2572 iter
1557 2470 1755 2573 hostibus
1787 2469 1884 2572 fore
1921 2517 2001 2575 co·

547 2655 796 2762 gnoverat,
840 2651 890 2716 ut
940 2615 1218 2718 venientibus
1264 2653 1524 2736 occurreret,
1568 2617 1773 2724 induxit3
1805 2615 2001 2718 Galliin

547 2763 700 2863 vicum
735 2760 930 2892 ejusdem
965 2760 1087 2903 agri,
1116 2761 1188 2860 cui
1222 2797 1388 2861 nomen
1425 2797 1488 2860 est
1531 2761 1762 2882 Villanuua,
1802 2799 2000 2904 progres-
2127 2813 2128 2818 Ν

548 2905 586 3004 si
619 2907 883 3022 consedere,
919 2904 992 3002 sed
1027 2904 1211 3046 cognito
1248 2904 1544 3006 Genuensium
1579 2945 1711 3028 casu,
1733 2940 1794 3004 -et
1819 2916 2001 3008 Cremo<

548 3087 626 3148 nae
662 3046 919 3167 deditione,
954 3043 1286 3148 difficultatibus
1322 3049 1547 3166 deterriti,
1579 3087 1623 3149 re
1652 3043 1839 3168 infecta,
1871 3090 1920 3149 ac
1948 3090 2000 3150 ne
2128 3067 2129 3070 ‘

549 3227 715 3292 tentata
750 3191 974 3331 quidem,
1011 3193 1199 3294 domum
1233 3202 1350 3322 justu
1392 3192 1559 3333 Regis,
1605 3232 1738 3335 quem
1779 3194 1836 3292 de
1880 3189 1999 3294 rebus

551 3333 758 3436 omnibus
807 3334 1040 3435 certiorem
1088 3331 1315 3456 fecerant,
1357 3372 1655 3438 revertuntur.
1709 3343 1835 3437 Nam
1876 3333 2000 3434 Tho-

552 3518 647 3580 mas
676 3474 854 3593 Fusius,
879 3477 1029 3619 elapsis
1056 3478 1331 3584 induciarum
1361 3479 1652 3622 quadraginta
1678 3478 1866 3598 dicbus,
1900 3491 2002 3580 Cre·

552 3659 738 3725 monam
773 3656 817 3722 et
851 3657 1023 3741 cetera,
1073 3662 1188 3762 quae
1230 3624 1278 3726 in
1319 3659 1531 3764 potestate
1574 3621 1801 3724 Gallorum
1851 3659 2000 3741 erant,

551 3804 720 3905 praeter
756 3806 872 3867 arces
909 3801 1106 3906 exceptas
1143 3808 1195 3867 ex
1231 3767 1398 3910 pactis,
1434 3767 1700 3887 tradiderat,
1733 3807 1784 3866 ac
1827 3764 1877 3864 in
1923 3805 2002 3905 po·

552 3941 752 4012 testatem
796 3909 1156 4012 caesarianorum
1208 3908 1491 4052 permiserat,
1542 3911 1634 4054 ipse
1682 3949 1786 4012 cum
1834 3907 2001 4008 Gallicis

551 4053 775 4192 praesidiis
812 4055 1027 4197 rebusque
1062 4054 1145 4157 suis
1182 4053 1406 4156 omnibus
1428 4056 1691 4156 decesserat.

560 4247 565 4260 ¹
643 4205 838 4300 XLVIII.
932 4197 1062 4303 Pulsis
1104 4197 1225 4299 Italia
1266 4199 1442 4322 Gallis,
1492 4238 1542 4298 ea
1584 4236 1689 4298 cura
1730 4193 2005 4336 potissimum

551 4344 813 4480 Prosperum
841 4341 1111 4444 Columnam
1147 4341 1424 4463 solicitabat,
1450 4382 1539 4484 qua
1573 4342 1745 4442 ratione
1781 4376 1923 4480 posset
1955 4338 2005 4436 in

552 4520 715 4623 magna
751 4485 1036 4622 pecuniarum
1072 4486 1226 4622 inopia
1263 4487 1501 4604 exercitus,
1532 4485 1683 4585 solutis
1708 4483 1896 4586 emeritis
1928 4479 2006 4580 sti-

552 4625 747 4764 pendiis,
785 4626 871 4726 ali.
895 4625 1045 4769 „Igitur
1080 4626 1263 4726 consilio
1299 4666 1403 4727 cum
1440 4622 1666 4770 praefectis
1700 4622 2008 4731 communica-

554 4801 633 4892 to,
669 4779 910 4874 Germanos
945 4769 1163 4915 Italusque
1198 4771 1356 4878 milites
1367 4825 1391 4897 ,·
1428 4773 1510 4918 qui
1541 4769 1672 4876 facile
1713 4808 1891 4914 possent
1934 4803 2009 4910 per

1926 4951 2012 5014 noa
