4298 5980
564 437 809 520 CAROLI
851 437 905 518 V.
948 436 1062 516 LIB.
1111 435 1193 516 VI.
1500 438 1583 538 209

159 593 338 720 facilius
364 599 422 700 ad
459 592 691 737 aequiores
728 590 847 731 pacis
882 589 1160 692 conditiones
1196 587 1356 693 adduci
1391 633 1517 736 posse
1554 639 1628 700 ex⁴

157 745 388 863 istimans,
425 781 506 846 ne„
528 736 727 852 abductis
770 735 912 878 copiis
955 733 1191 837 Pontificiis
1239 734 1406 839 bellum
1454 781 1626 884 prorsus

151 889 488 1005 dissolveretur,
526 895 786 985 Vasconum
822 917 1014 1023 quatuor
1050 880 1217 1002 millia,
1260 916 1301 983 et
1347 884 1514 1025 equites
1550 927 1637 988 εει-ί

154 1034 403 1178 taphractos
456 1026 841 1174 quadringentos,
885 1027 1165 1167 totidemque
1208 1025 1387 1126 levioris
1433 1067 1630 1135 armatu-

152 1221 226 1284 rae
260 1175 489 1296 confecit,
516 1213 715 1314 eamque
752 1210 935 1274 manum
970 1168 1179 1274 Michaeli
1195 1170 1411 1308 Antonio
1448 1175 1637 1278 sautia·

151 1363 253 1425 rum
290 1317 543 1426 Marchioni
579 1319 628 1417 in
664 1299 853 1416 Galliam
889 1315 1160 1456 Cisalpinam
1196 1318 1500 1422 deducendam
1535 1317 1626 1422 tta-

154 1467 300 1567 didit:
338 1505 429 1565 seta
464 1461 624 1564 scilicet
667 1458 866 1580 auxilia,
909 1460 1128 1598 quoniam
1169 1465 1419 1566 Caesariani
1470 1466 1628 1570 immi-

154 1647 267 1712 nuto
293 1608 451 1739 hostili
469 1607 660 1708 exercitu
686 1602 1011 1705 excursionibus
1043 1601 1133 1706 fere
1160 1608 1459 1747 quotidianis,
1489 1613 1628 1751 quid-

156 1756 271 1896 quid
307 1787 578 1855 commeatus
615 1785 728 1868 erat,
761 1790 813 1849 ex
848 1748 1113 1890 propinquis
1149 1749 1377 1870 aedificiis,
1405 1790 1448 1854 et
1476 1757 1630 1856 castel-

155 1897 208 1998 lis
256 1899 302 1998 in
348 1939 424 1999 sua
465 1933 597 1996 castra
639 1927 1048 2031 comportaverant,
1086 1895 1210 2032 quod
1245 1896 1300 1994 ad
1336 1892 1508 2032 hyemis
1546 1901 1628 2002 ob«
1707 1993 1715 2000 .

155 2042 378 2142 sidionem
414 2038 686 2139 tolerandam
723 2035 820 2134 satis
855 2029 949 2135 fore
989 2033 1251 2143 videbatur3
1293 2071 1337 2136 et
1376 2050 1467 2170 jam
1514 2052 1637 2143 Ger-²

104 2217 120 2254 ²
156 2225 395 2286 manorum
430 2180 669 2282 duodecim
704 2176 896 2294 millium
933 2177 1146 2278 auxiliaris
1180 2215 1335 2280 manus
1381 2189 1631 2326 appropin·q

159 2328 358 2468 quabat,
412 2366 548 2467 quam
595 2321 818 2442 Carolus,
869 2320 998 2422 missa
1043 2361 1137 2424 non
1187 2323 1346 2462 grandi
1399 2329 1630 2464 pecunia,

159 2472 360 2611 Georgia
408 2473 731 2610 Frondespcrgo
781 2504 906 2567 novo
954 2464 1124 2566 delectu
1176 2464 1537 2592 conficiendam,
1585 2509 1631 2576 et

159 2613 358 2716 subsidio
395 2613 481 2716 suis
511 2613 820 2714 Mediolanum
856 2611 1157 2712 deducendam
1193 2612 1497 2714 mandaverat.
1534 2617 1632 2742 Qui

160 2760 219 2861 ad
256 2758 402 2860 lacum
438 2771 659 2860 Benacum
695 2755 975 2896 processisse,
1011 2791 1056 2856 et
1091 2797 1218 2899 agros
1254 2796 1305 2856 ac
1341 2757 1509 2898 oppida
1545 2760 1631 2861 im-

162 2903 336 3005 munita
387 2901 597 3044 vicosque
643 2909 838 3001 Venetae
888 2899 1068 3001 ditionis
1113 2899 1316 3040 populari
1364 2939 1469 3001 cum
1516 2941 1631 3004 nun·
1773 3016 1780 3036 1

163 3047 420 3170 tiarentur,
464 3061 569 3150 Dux
612 3039 803 3149 Urbinas
852 3080 895 3144 et
950 3050 1145 3181 Joannes
1188 3044 1425 3172 Medices,
1469 3047 1633 3148 omissa

162 3192 414 3295 Mediolani
464 3189 741 3309 obsidione,
784 3227 890 3292 cum
934 3187 1135 3328 equitatu
1184 3189 1486 3332 expeditisque
1528 3231 1632 3333 pro«¹

162 3371 355 3476 perant,
390 3371 442 3437 ut
478 3377 587 3455 cos,
623 3333 776 3478 quoad
811 3331 906 3436 fieti
941 3368 1117 3476 posset,
1155 3329 1212 3434 ab
1247 3333 1408 3471 injuria
1450 3369 1495 3438 et
1535 3373 1632 3436 ma·-

163 3479 309 3582 leficio
347 3473 658 3620 prohiberent.
1416 3495 1418 3500 ’

270 3632 433 3725 XLIX.
550 3626 631 3727 Sed
672 3623 754 3726 ubi
794 3623 845 3726 in
886 3665 1044 3772 agrum
1085 3637 1383 3732 Mantuanum
1425 3621 1631 3731 Germani

167 3767 470 3891 deflexerunt,
493 3769 647 3873 Italicis
683 3769 843 3910 copiis,
869 3810 924 3871 ne
960 3775 1108 3916 vagari
1143 3814 1217 3874 eos
1254 3806 1528 3912 paterentur,
1565 3769 1632 3869 in,

163 3913 461 4034 sectantibus,
498 3919 694 4048 Joamtes
731 3916 962 4037 Medices,
995 3919 1077 4056 qui
1113 3917 1320 4017 omnium
1356 3913 1546 4018 maxime
1581 3955 1634 4014 a-

163 4089 305 4196 gmen
346 4054 567 4200 urgebat,
609 4060 848 4166 conunisso
884 4095 1022 4205 parvo
1066 4058 1232 4201 praelio
1282 4059 1495 4203 scloppeti
1542 4055 1632 4158 telo

168 4236 293 4299 crure
330 4203 485 4306 vulnus
521 4205 719 4347 accepit,
755 4250 849 4350 quo
886 4203 1034 4348 paucis
1077 4242 1179 4347 post
1222 4202 1374 4310 diebus
1422 4214 1635 4308 Mantuae

166 4339 289 4478 (huc
325 4345 447 4452 enim
484 4351 651 4454 saucius
688 4391 838 4492 pugna
882 4349 1088 4452 excedens
1133 4353 1220 4452 sese
1261 4354 1513 4494 receperat)
1553 4348 1634 4451 ab

167 4524 337 4590 sumtus
390 4525 485 4596 cst.
536 4508 593 4600 Et
628 4497 792 4600 Veneti
842 4491 898 4596 ab
951 4494 1207 4606 insectandis
1259 4497 1529 4614 Germanis,
1579 4532 1637 4595 ne

167 4625 324 4736 frustra
359 4634 434 4758 id,
472 4674 516 4739 ct
551 4679 654 4742 cum
690 4683 772 4741 suo
795 4679 975 4783 ¹magno
993 4765 994 4770 Ν
1012 4640 1204 4778 periculo
1241 4639 1455 4761 facerent,
1490 4675 1638 4737 neces·

169 4780 296 5032 sariq
320 4782 612 4912 destiterunt,
652 4791 850 4929 Jamque
895 4781 1140 4927 Caesariani
1182 4785 1328 5032 casqris
1372 4781 1641 4919 conjunctis,

289 4963 360 5028 am.
379 4939 418 5034 I.
461 5009 466 5015 .
1206 4939 1250 5032 D
1569 4959 1644 5024 aur
