4298 5980
549 481 798 565 CAROLI
836 481 906 561 V„
935 484 1056 561 LIB.
1088 481 1195 562 VII.
1510 498 1594 586 219
1642 595 1645 598 Ι

171 681 380 792 pecorum
415 633 635 783 igniculos
671 633 1014 756 occultantibus,
1049 675 1199 757 muro,
1237 676 1326 781 qua
1360 632 1637 746 brevissimus

170 826 290 908 erat,
320 787 580 903 succedunt,
601 779 830 886 Borbonio
854 781 952 922 ipso
978 819 1079 884 cum
1106 783 1315 922 Hispanis
1336 786 1639 901 antecedente3

167 977 255 1038 nec
292 968 391 1034 ante
427 928 623 1070 conspici
659 959 921 1071 potuerunt,
957 968 1096 1069 quam
1131 925 1242 1030 acies
1278 930 1421 1068 prima
1457 971 1639 1041 murum

167 1081 418 1221 attingeret.
457 1084 587 1178 Tunc
624 1112 733 1176 vcro
769 1071 1074 1215 proximorum
1110 1075 1302 1176 clamore
1338 1077 1468 1176 ceteri
1494 1073 1638 1182 defen
1780 1185 1784 1192 ,

172 1264 291 1326 sores
328 1221 460 1352 exerti
496 1256 824 1323 tormentorum
859 1220 1274 1362 scloppttorumquc
1303 1220 1396 1320 telis
1422 1263 1474 1322 ex
1504 1225 1640 1327 muris

117 1457 122 1467 .
172 1407 220 1468 et
255 1368 373 1471 vallo
410 1404 455 1466 et
497 1366 593 1506 ipso
633 1363 749 1464 Petri
790 1358 895 1464 fano
932 1405 1246 1510 propugnare,
1283 1403 1327 1467 et
1368 1364 1448 1468 ubi
1490 1365 1638 1498 hostes

171 1553 264 1612 esse
300 1506 647 1650 suspicabantur,
675 1508 759 1608 tela
788 1507 1009 1610 intendere
1046 1548 1312 1655 coeperunt.
1349 1514 1538 1654 Hispani
1570 1556 1640 1618 ve·

168 1695 224 1757 ro
257 1657 588 1796 scloppetorum
618 1653 711 1754 telis
743 1691 841 1756 earn
871 1689 1040 1796 partem
1070 1659 1188 1758 muri
1216 1653 1510 1760 defensoribus
1536 1699 1641 1770 cum

172 1800 486 1919 nudavisscnt,
531 1797 651 1899 scalis
705 1799 897 1900 admotis
939 1805 1224 1903 conscendere
1261 1802 1488 1905 nituntur.

245 1953 358 2047 VIII.
433 1942 614 2065 Quibus
650 1946 775 2044 rebus
812 1943 1163 2047 administrandis
1201 1984 1335 2089 atque
1373 1948 1667 2090 imperandis

170 2121 407 2229 occupatus
443 2084 726 2207 Borbonius‚
762 2087 872 2186 dum
907 2087 1019 2188 inter
1062 2090 1226 2229 primos
1268 2130 1498 2214 versatur,
1542 2131 1640 2198 tor-

171 2233 315 2337 menti
352 2231 442 2332 telo
479 2227 648 2331 femore
684 2225 908 2332 confossus
945 2231 1193 2333 occiditur.
1243 2244 1350 2334 Hoc
1387 2273 1642 2379 prostram,

170 2377 258 2518 qui
285 2374 477 2519 proximi
500 2376 697 2496 aderant,
714 2377 987 2477 centuriones
1009 2416 1058 2475 ac
1086 2375 1265 2498 milites,
1288 2375 1487 2480 hortante
1508 2387 1644 2518 Joan·

172 2558 235 2620 ne
270 2517 446 2622 Urbina
481 2555 525 2620 ct
562 2556 807 2622 extremum
843 2519 1131 2662 periculum,
1178 2522 1214 2620 si
1249 2525 1438 2662 gradum
1476 2524 1643 2625 retulis-

170 2699 298 2787 sent,
344 2663 667 2784 denuntiante,
704 2664 845 2765 actius
887 2664 1077 2784 instare,
1119 2701 1163 2765 et
1205 2676 1372 2798 majore
1415 2677 1507 2799 jam
1549 2707 1641 2771 non

172 2805 322 2907 solum
357 2807 538 2930 studio,
566 2809 640 2910 scd
663 2809 798 2909 etiam
821 2809 1125 2952 indignatione
1151 2813 1535 2954 oppugnationem
1565 2852 1644 2914 ur-

175 2989 315 3094 gere,
363 2952 561 3093 gnaviter
604 2952 737 3055 etiam
778 2953 1033 3056 custodibus
1079 2955 1491 3099 propugnantibus,
1527 2953 1643 3057 hanc

175 3096 299 3196 enim
341 3096 458 3196 muri
499 3133 671 3239 partem
712 3097 913 3202 Helvetii
960 3096 1120 3199 milites
1156 3101 1425 3240 praetoriani
1467 3101 1644 3202 ducenti

172 3281 231 3340 ex
266 3238 413 3359 vallo,
451 3243 508 3342 de
544 3281 638 3385 quo
674 3281 802 3387 supra
838 3245 1187 3344 demonstratum
1223 3281 1327 3366 est,
1364 3247 1551 3346 traducti
1595 3246 1644 3347 in

177 3383 334 3527 primis
371 3380 685 3489 defendebant.
724 3389 806 3490 Sed
830 3388 1048 3532 Hispani,
1085 3425 1325 3532 postquam
1361 3389 1441 3491 hos
1480 3390 1643 3531 partim

176 3562 430 3670 peremtos,
467 3525 632 3671 partim
668 3531 918 3634 vulneratos
959 3543 1052 3666 jam
1089 3569 1189 3635 orto
1229 3536 1321 3672 sole
1364 3535 1643 3677 repulerant,

175 3674 308 3814 pauci
344 3714 387 3772 se
425 3717 476 3774 ex
513 3715 644 3777 muro
680 3674 797 3778 intra
831 3677 982 3778 vicum
1018 3671 1313 3800 demiserunt,
1351 3679 1513 3822 quibus
1549 3672 1643 3777 for-

175 3818 280 3916 titer
322 3812 602 3922 defensorum
649 3820 980 3925 multitudinem
1021 3823 1331 3926 sustinentibus
1383 3823 1459 3923 alii
1499 3857 1644 3922 cetta-

179 3959 265 4058 tim
302 3999 345 4060 se
381 3965 436 4064 de
471 3965 602 4068 muro
637 3967 959 4071 demittebant.
997 3982 1149 4109 Itaque
1193 3967 1346 4080 brevi,
1390 4003 1519 4068 aucto
1556 4005 1644 4069 nu-

176 4137 336 4223 mero,
377 4112 579 4210 custodes
600 4153 601 4158 ¹
620 4113 677 4213 ab
718 4153 768 4213 ea
810 4150 929 4254 parte
972 4108 1186 4253 diffugere
1230 4148 1500 4254 coeperunt,
1543 4147 1643 4212 tum

179 4243 359 4347 'suffuso
381 4288 512 4353 muro
564 4256 713 4353 ceteris
760 4258 901 4357 aditus
943 4251 1217 4395 patefactus.
1260 4266 1384 4358 Nam
1426 4256 1506 4400 qui
1548 4253 1644 4358 val·

158 4390 275 4492 ·lum
310 4393 366 4492 ad
401 4430 602 4498 montem
636 4401 782 4498 Sancti
816 4401 1001 4541 Spiritus
1035 4400 1362 4520 custodiebant,
1399 4439 1497 4502 non·
1526 4402 1643 4545 prius

178 4532 355 4638 bostem
390 4538 588 4683 irrupisse
625 4579 876 4666 senserunt,
913 4583 1050 4688 quam
1076 4547 1297 4648 interclusi
1326 4589 1351 4648 a
1376 4584 1503 4690 tergo
1541 4585 1644 4645 cae·

177 4683 402 4786 detentut.
440 4698 526 4808 Ita,
563 4725 839 4794 cumss‘essent
874 4730 1061 4794 numero
1098 4693 1266 4793 circiter
1303 4694 1502 4834 quinque
1536 4689 1644 4795 mil-⁴

178 4823 268 4946 -lia,
309 4833 516 4975 perpauci
550 4825 656 4976 fuga
693 4834 827 4978 clapsi
863 4826 1057 4936 mortem
1080 4831 1364 4974 effugerunt.

1157 4987 1217 5081 Ee
1235 5019 1266 5084 2.
1577 4988 1648 5081 In-
