4292 5984
498 593 506 600 ..
586 521 642 605 54
975 505 1060 586 DE
1108 500 1318 582 RERUS
1366 498 1585 581 GESTIS

531 669 612 775 bus
648 664 923 784 scribebant,
952 660 1026 802 ‚bl
1063 701 1106 761 se
1137 669 1309 800 Regem
1347 656 1632 772 convenisse,
1669 647 1865 796 primum
1900 660 2004 759 Ma·

530 851 699 956 gazae,
737 808 898 913 deinde
935 803 1193 911 Palantiaes
1230 840 1383 903 verum
1419 841 1513 902 non
1548 798 1689 901 modo
1725 836 1891 920 cetera,
1929 805 2004 904 sed

531 997 587 1058 ne
623 957 731 1058 illud
769 951 955 1097 quidem
994 947 1274 1090 impetrasse,
1310 980 1359 1048 ut
1395 986 1438 1046 se
1474 946 1679 1048 mandata
1716 943 1904 1046 civitatis
1936 988 2004 1048 ex·
2138 987 2139 1080 3

529 1134 740 1244 ponentes
794 1109 891 1200 Rex
941 1094 1112 1195 audiret
1153 1131 1300 1233 aequo
1349 1091 1540 1211 animo,
1588 1090 1663 1190 sed
1711 1086 2002 1229 interpellatos
2138 1081 2139 1090 i

529 1241 800 1385 utrobique,
838 1275 1009 1341 etcum
1046 1235 1314 1340 contumelia
1345 1234 1546 1336 dimissos
1583 1229 1729 1335 fuisse.
1766 1246 1916 1374 ltaque
1955 1237 2000 1338 in

529 1389 661 1490 tantis
698 1425 847 1488 rerum
889 1383 1102 1527 angustiis
1146 1417 1367 1522 nusquam
1411 1419 1564 1522 spem,
1608 1414 1911 1520 praeterquam
1954 1380 2000 1488 in

531 1573 618 1676 ope
655 1531 845 1651 divina,
884 1565 928 1629 et
965 1527 1132 1630 civium
1169 1525 1330 1625 virtute
1363 1561 1497 1665 atque
1533 1523 1743 1627 industria
1771 1563 1996 1666 superesse:
2138 1613 2139 1622 r

531 1677 649 1822 ipsos
688 1693 902 1779 tamena
936 1683 1063 1816 Rege
1099 1671 1211 1770 intra
1236 1669 1533 1811 Hispaniam,
1568 1667 1678 1769 dum
1713 1668 1841 1769 liceat
1854 1745 1870 1788 ,
1908 1710 1999 1772 non

533 1821 822 1940 discessuros,
860 1855 942 1918 nec
978 1851 1102 1916 metu
1138 1812 1355 1955 periculi,
1392 1850 1466 1914 aut
1502 1811 1586 1914 alia
1621 1811 1794 1916 ratione
1834 1814 1890 1915 ab
1928 1813 1999 1914 in-
2138 1885 2139 1900 Ν

533 2001 733 2105 coepto,
769 1963 805 2064 si
842 1961 952 2104 quid
988 1992 1240 2102 opportune
1277 1957 1528 2101 importune
1564 1971 1775 2100 Regem,
1810 1993 1862 2059 ut
1898 1997 2000 2058 coe-

531 2108 733 2255 pissent,
782 2104 1084 2225 obsecrando,
1119 2105 1429 2223 admonendo,
1475 2141 1607 2246 atque
1650 2103 1784 2204 etiam
1828 2099 2000 2202 liberius
2138 2115 2139 2124 '

535 2250 802 2354 obtestando
838 2248 1050 2394 prolicere
1120 2286 1282 2369 ossent,
1319 2247 1575 2357 destitutoss
1620 2256 1714 2381 jam
1749 2244 1873 2348 enirn
1904 2258 2001 2348 Rex
2138 2375 2139 2388 ἶ

532 2427 634 2498 toto
672 2430 852 2537 pectore
888 2395 944 2496 dc
982 2287 1259 2536 proditione
1295 2428 1339 2493 et
1375 2403 1556 2524 trajectu
1591 2390 1641 2494 in
1675 2389 1875 2534 Belgium
1918 2430 2001 2492 co·
2138 2391 2139 2398 Ν

536 2537 739 2681 gitabat,
783 2579 864 2638 nec
908 2538 1010 2637 alias
1052 2576 1116 2637 res
1158 2574 1427 2681 magnopere
1477 2533 1678 2638 curabat.
1724 2545 1887 2637 Interea
1933 2567 2001 2634 ta-
2138 2565 2139 2568 ‘

532 2720 637 2784 men
675 2682 888 2785 Castellae
926 2679 1181 2783 Concilium
1219 2681 1399 2803 indixit,
1435 2683 1666 2823 providere
1701 2687 1911 2824 cupiens,
1947 2719 2000 2780 ne
2138 2691 2139 2698 ‘

533 2825 591 2926 ad
643 2825 899 2966 proximum
947 2824 1157 2927 triennale
1201 2824 1421 2929 tributum
1463 2823 1771 2969 imperandum
1817 2821 2000 2965 Belgicis

534 2969 865 3070 Germanicisve
887 2969 1078 3110 negotiis
1111 2965 1291 3072 fortasse
1326 2972 1530 3072 nondum
1562 3012 1614 3071 cx
1648 2967 1860 3071 sententia
1887 3007 1998 3068 eon-

533 3105 697 3232 fectis,
739 3112 788 3212 in
830 3113 1098 3254 Hispaniam
1141 3115 1196 3214 ad
1249 3127 1535 3217 Conventum
1585 3113 1810 3255 agendum
1861 3111 1997 3212 redire

533 3290 792 3396 cogeretur,
815 3255 886 3357 vel
918 3255 1095 3356 interim
1121 3296 1226 3356 cum
1258 3257 1385 3399 gravi
1416 3295 1562 3358 rerum
1593 3255 1886 3357 incommodo
1917 3291 1996 3395 pe-

533 3407 662 3499 cunia
704 3397 938 3523 necessaria
983 3438 1164 3520 catere,
1218 3440 1356 3543 quam
1399 3436 1524 3502 more
1566 3408 1791 3535 majomm
1838 3397 1923 3501 nisi
1970 3437 1996 3497 a

535 3578 759 3683 praesente
803 3555 928 3685 Rege
976 3543 1227 3645 civitatibus
1269 3545 1317 3645 in
1361 3543 1568 3647 Concilio
1601 3543 1813 3685 persuasis
1846 3581 1892 3643 et
1920 3541 1999 3642 ad·
2138 3615 2139 3618 a

534 3685 675 3787 ductis
711 3687 919 3828 imperati
953 3727 1047 3790 non
1087 3685 1277 3810 licebat,
1312 3689 1447 3831 idque
1481 3725 1659 3830 peracto
1694 3686 1914 3807 trienni0,
1955 3720 1997 3786 et

536 3829 704 3931 tributo
740 3831 961 3972 superiore
998 3833 1256 3972 persoluto,
1292 3830 1392 3938 hoc.
1415 3866 1476 3935 est
1514 3871 1674 3974 quarto
1711 3871 1894 3973 quoque
1932 3871 1999 3931 an.-

536 4008 627 4070 no.
663 3974 840 4075 Litteris
875 3975 931 4094 ad
965 4015 1121 4079 omnes
1156 3974 1353 4078 civitates
1390 3976 1612 4096 dimissis,
1649 3976 1834 4077 Carolus
1868 3973 1999 4078 binos

535 4153 761 4258 quamque
797 4159 850 4220 ex
887 4156 1011 4220 more
1046 4120 1212 4266 legatos
1254 4160 1358 4221 curn
1401 4117 1547 4221 liberis
1590 4120 1807 4222 mandaris
1850 4129 1997 4220 Com-

535 4260 762 4400 postellam
799 4263 974 4364 mittere
1011 4265 1165 4397 jubet,
1201 4303 1289 4408 qua
1332 4261 1397 4368 illi
1440 4259 1640 4367 futurum
1684 4300 1777 4366 erat
1826 4264 1909 4365 iter
1949 4261 2000 4363 in

537 4414 769 4510 Oceanum
808 4417 1084 4550 Portumque
1120 4419 1343 4552 Magnum
1378 4410 1435 4510 ad
1470 4408 1666 4513 Flavium
1702 4407 1998 4552 Brigantium,
2138 4469 2139 4518 ψ

537 4549 664 4686 quod
700 4548 917 4691 oppidum
953 4585 1016 4649 est
1052 4553 1100 4652 in
1135 4592 1214 4652 ora
1240 4553 1475 4654 Callaeciae
1511 4557 1708 4692 (Corugna
1744 4554 1881 4694 vulgo
1917 4588 2001 4648 no-

537 4690 764 4832 minatur)
800 4692 920 4796 unde
956 4691 1232 4796 brevissimus
1269 4732 1331 4796 est
1367 4697 1415 4797 in
1450 4698 1637 4800 Galliam
1674 4697 1896 4841 Belgicam
1932 4728 1999 4793 at·
2138 4727 2139 4772 1

536 4870 622 4975 que
658 4845 750 4968 ejus
786 4875 945 4940 tractus
979 4837 1178 4981 regiones
1215 4849 1445 4975 trajectus.

570 4989 695 5084 XVI.
739 4981 1001 5086 Mittuntur
1018 4985 1155 5126 igitur
1190 4985 1323 5128 legati
1347 5028 1375 5090 a
1399 4986 1549 5088 ceteris
1584 4983 1873 5096 civitatibuss
1910 4989 2003 5086 To·

1935 5125 2006 5226 le«
