4294 5972
555 458 644 552 354
945 450 1030 531 DE
1077 446 1278 530 REBUS
1314 445 1552 530 GESTIS

516 615 663 716 enim
675 651 746 712 sex
784 603 1013 736 triremes,
1051 606 1211 751 quibus
1247 606 1510 749 Virginium
1544 601 1970 749 AnguillariaeCo

519 755 677 860 mitem
715 747 1049 918 praefecerat
1089 753 1230 857 milite
1281 749 1758 892 commeatibusque
1747 791 1975 858 instructas

519 903 683 1007 Carolo
720 903 777 1002 ad
812 898 859 999 id
895 897 1061 1000 bellum
1097 898 1261 1001 auxilio
1289 897 1522 999 mittendas
1558 893 1781 1019 habebat,
1813 939 1977 1042 praeter

521 1087 593 1150 sex
628 1048 732 1149 alias
774 1055 1057 1164 Genuenses,
1100 1083 1208 1184 quas
1245 1043 1447 1144 Andreae
1476 1042 1636 1143 Doriae
1675 976 1861 1144 tribiuas
1899 1048 1978 1148 suis

522 1192 738 1295 sumtibus
785 1187 965 1299 alebat3
1014 1229 1065 1289 ac
1104 1187 1184 1290 ubi
1228 1229 1271 1287 se
1309 1185 1540 1329 Virginius
1582 1225 1685 1287 cum
1721 1189 1982 1290 Caesariana

524 1339 653 1440 classe
689 1335 1009 1468 conjunxisset,
1048 1331 1259 1435 omnibus
1294 1330 1398 1430 inde
1440 1327 1818 1492 proficiscentibus
1861 1373 1980 1436 sacro

523 1479 919 1622 Pontificioque
885 1516 972 1582 rrtu
1015 1516 1078 1581 est
1114 1477 1226 1578 bene
1251 1512 1478 1617 precatus3
1514 1513 1628 1615 quae
1664 1514 1725 1579 res
1761 1517 1857 1577 non
1901 1520 1982 1621 pa

524 1661 622 1727 rum
660 1627 730 1728 vel
766 1626 892 1768 spei,
938 1624 1007 1726 vel
1051 1621 1279 1724 alacritatis
1322 1619 1457 1720 ιιι
1415 1657 1541 1761 Ριιιιιι
1584 1617 1748 1722 bellum
1793 1659 1981 1724 conten-

525 1771 732 1874 dentibus
766 1768 954 1902 adjecit
992 1765 1088 1868 Ubi
1123 1741 1367 1922 Neapolim
1404 1801 1666 1906 peruentum
1702 1801 1791 1885 est,
1826 1767 1983 1868 tantis-

526 1954 602 2056 per
639 1912 844 2014 ibicum
886 1911 1013 2010 classe
1055 1948 1250 2011 moratus
1286 1946 1350 2009 est
1386 1909 1519 2012 Vasti
1559 1906 1796 2029 Marchio,
1834 1911 1982 2012 donec

527 2057 724 2158 veterani
778 2054 938 2157 milites
943 2055 1251 2218 Hispani
1222 2053 1391 2156 veneris
1438 2054 1618 2155 deducti
1670 2094 1724 2154 ex
1773 2052 1981 2194 proximis
2124 2097 2125 2184 7

526 2200 733 2338 hybernis
769 2199 1087 2320 convenirent,
1123 2237 1316 2362 quorum
1351 2235 1559 2302 numerus
1586 2231 1675 2300 erat
1709 2197 1900 2298 mille
1862 2199 1984 2300 crrci
2124 2187 2125 2208 ι

527 2381 591 2448 ter
626 2345 1032 2504 septingentorum.
1071 2344 1156 2444 His
1183 2342 1344 2487 partim
1367 2344 1416 2446 ιιι
1442 2383 1574 2446 naves
1600 2343 1838 2461 onerarias,
1861 2383 1983 2484 quae

528 2488 699 2591 ibidem
735 2524 857 2588 erant
892 2527 995 2596 tum
1034 2526 1199 2650 magno
1234 2525 1488 2592 commeatu
1531 2523 1845 2651 cpmparatae,
1877 2526 1982 2627 par-

528 2632 614 2732 tim
649 2633 697 2731 in
735 2630 972 2732 duodecim
1002 2631 1231 2749 triremes,
1254 2631 1417 2773 quibus
1452 2631 1626 2734 Garcias
1643 2631 1828 2732 Tolerus
1860 2669 1981 2772 prae

529 2809 662 2894 erat,
704 2773 956 2918 impositis,
1005 2775 1054 2876 ιιι
1085 2774 1323 2878 Siciliam
1313 2815 1374 2878 rte
1420 2777 1604 2920 pergit,
1639 2815 1736 2918 quo
1783 2813 1983 2917 qumque

528 2917 829 3082 Hispanorum
871 2957 1097 3020 veteranae
1139 2919 1378 3043 cohortes,
1422 2957 1713 3060 rostrataeque
1754 2960 1887 3022 naves
1937 2958 1984 3017 e-

528 3063 713 3202 questris
742 3063 988 3228 Religionis
1015 3064 1125 3166 Divi
1154 3064 1345 3204 Joannis
1384 3100 1427 3166 et
1456 3067 1675 3220 quaedam
1703 3064 1842 3184 aliae,
1872 3102 1983 3203 quat

527 3207 745 3347 praesidio
782 3199 947 3308 insulae
985 3245 1104 3310 erant
1135 3206 1403 3330 attributae,
1422 3213 1692 3312 Panormum
1711 3218 1978 3308 Messanam-

529 3389 617 3512 que
651 3387 978 3461 convenerant3
1021 3350 1186 3515 quibus
1224 3351 1309 3453 sibi
1347 3354 1563 3488 adjunctis
1607 3351 1733 3455 Vasti
1779 3349 1982 3453 Marchio

527 3492 575 3593 in
611 3495 854 3597 Sardiniam
889 3495 1014 3632 (buc
1050 3497 1170 3597 enim
1182 3497 1433 3659 placuerat
1475 3533 1619 3602 totam
1653 3497 1830 3598 classem
1872 3533 1984 3596 con·

528 3639 715 3775 venire)
750 3639 979 3783 navigavit
1014 3640 1336 3783 pervenitque.

597 3793 720 3886 XVI.
795 3796 956 3888 Interea
991 3786 1174 3887 Carolus
1209 3784 1442 3890 Ludovico
1480 3787 1733 3888 Mendozae
1757 3780 1986 3886 Marchio-

525 3921 601 4040 ni,
640 3926 719 4066 qui
755 3930 952 4030 Malacae
986 3969 1090 4029 cum
1128 3929 1329 4073 peditatu
1346 3931 1661 4095 equitatuque·
1688 3927 1795 4030 levis
1843 3967 1986 4030 arma-¹

524 4104 643 4169 turae
680 4107 816 4212 nuper
851 4075 898 4176 in
933 4073 1153 4215 Hispania
1189 4074 1450 4240 conscriptis
1490 4074 1725 4176 Caesaris
1709 4113 1880 4235 jussum
1916 4115 1986 4174 ex

522 4211 775 4371 spectabat,
816 4215 1081 4329 conscribit,
1125 4254 1175 4318 ut
1211 4217 1368 4320 bisin
1406 4255 1538 4321 naves
1582 4216 1835 4339 onerarias,
1874 4257 1985 4359 quac

520 4350 691 4458 ibidem
727 4361 983 4482 aderant,
971 4360 1190 4502 impositis
1224 4365 1280 4464 ad
1318 4404 1361 4465 se
1395 4365 1688 4468 Barcinonem
1714 4361 1868 4464 venire
1887 4399 1982 4504 pro-

517 4533 715 4636 peraret3
757 4512 848 4636 jam
892 4505 1012 4606 enim
1056 4506 1195 4608 classis
1206 4517 1572 4749 opervenerat
1540 4507 1797 4621 auxiliaris,
1849 4540 1983 4646 quam

517 4647 715 4776 Joannes
751 4655 848 4750 Rex
885 4649 1235 4792 Portugalliaeo
1258 4648 1359 4754 licii
1376 4670 1684 4804 amrcrtra'eque
1709 4652 1846 4794 gratia
1874 4684 1985 4746 cum

515 4797 641 4888 Duce
686 4795 885 4896 Antonio
927 4795 1141 4948 Saldagna
1181 4795 1419 4901 mittebat.
1482 4795 1586 4900 Hae
1627 4831 1798 4898 autem
1862 4823 1987 4893 crant

1912 4933 1979 5036 vi·
