4298 5980
667 487 906 574 ennom
956 493 1009 573 V.
1053 495 1168 576 LIB.
1211 497 1293 578 VI.
1335 549 1338 558 .
1593 506 1676 604 197

253 651 378 770 nes,
427 686 484 750 ua
521 642 813 788 negligentius
849 649 1067 750 custodiri·
1099 653 1494 782 animadverterat,
1530 669 1722 808 eruptio-

256 834 361 898 nem
394 687 566 894 iacere.
600 789 669 890 Hi
705 789 767 889 d‘e·
796 791 926 892 tertia
962 792 1117 935 vigilia
1152 799 1325 922 emissi,
1369 840 1412 902 et
1453 847 1614 949 magna
1656 813 1723 912 usi

254 939 511 1057 celeritate,
549 933 773 1076 perpaucis
811 935 1087 1077 Interceptis,
1124 941 1185 1041 ad'
1217 978 1352 1042 castra
1387 950 1723 1056 Foederatorum

252 1079 502 1185 incolumes
540 1115 833 1220 pervenerunt
853 1117 870 1179 τ
897 1119 991 1219 quo
1019 1079 1208 1225 intelligi
1241 1121 1409 1225 potest,
1435 1128 1599 1228 quanta
1617 1132 1725 1196 esset

255 1219 475 1326 fossarum
511 1221 818 1361 vallorumque
855 1218 1072 1344 brevitas,
1108 1264 1196 1364 qua
1240 1262 1332 1329 tam
1373 1225 1501 1330 facile
1541 1230 1724 1337 Sfortia-

253 1367 302 1468 ni
347 1367 510 1470 tabulis
553 1361 854 1507 quibusdam,
892 1404 1002 1505 quas
1037 1405 1189 1468 secum·
1226 1368 1594 1510 deportaverant,
1632 1375 1725 1480 sub
1855 1453 1858 1475 ,

252 1509 398 1612 levati
435 1509 619 1612 evadere
655 1543 923 1648 potuerunt.
966 1506 1144 1609 abhis
1181 1513 1346 1633 duces,
1388 1555 1481 1656 quo
1522 1519 1569 1618 in
1612 1556 1727 1622 statu

253 1692 317 1754 res
355 1689 498 1776 esset,
533 1653 711 1770 edocti,
746 1646 1017 1791 Sfortiaeque
1053 1656 1263 1795 expositis
1299 1658 1514 1760 mandatis
1550 1697 1595 1762 et
1629 1702 1727 1803 pre-

252 1796 376 1899 cibus
426 1795 648 1898 commoti
708 1793 902 1896 nullam
931 1833 1108 1896 moram
1146 1797 1528 1938 'interponendam
1576 1807 1727 1906 existi-

253 1975 451 2062 marunt,
476 1941 589 2079 quin
624 1937 682 2036 ad
710 1937 1074 2036 caesarianorum
1102 1943 1425 2082 oppugnandas
1459 1946 1727 2049 munitiones

252 2107 568 2225 properarent.
619 2084 775 2216 Itaque
824 2074 1037 2176 instructo
1083 2081 1275 2179 exercitu
1327 2085 1381 2180 in¹
1421 2087 1726 2210 coenobium,

253 2228 337 2366 qui
370 2227 591 2326 Paradisur
619 2219 816 2344 dicitur,
845 2254 1172 2359 processerunt;
1211 2261 1305 2361 quo
1360 2223 1567 2327 nuntiato
1614 2244 1726 2332 Cae.

254 2367 412 2467 sariani
445 2367 504 2466 ad
536 2402 660 2465 arma
693 2400 985 2481 concurrunt,
1014 2399 1058 2463 et
1089 2360 1387 2464 suburbanam
1425 2402 1599 2505 portam
1625 2381 1726 2473 Ro·
1834 2447 1848 2464 .-

257 2547 439 2611 manam
479 2507 644 2607 dictam
686 2506 844 2646 egressi
893 2502 1038 2604 hostes
1079 2503 1248 2606 levibus
1285 2506 1459 2644 praeliis
1495 2511 1724 2617 lacessunt.

258 2659 365 2753 Hoc
401 2651 616 2795 temporis·
645 2648 828 2750 articulo
870 2646 1059 2747 Carolus.
1096 2657 1201 2748 Dux
1245 2647 1493 2750 Borbonius
1538 2694 1591 2754 ex
1632 2657 1727 2756 Hi-

258 2795 411 2935 spania
453 2837 479 2896 a
520 2791 683 2898 Carolo
725 2805 904 2894 Caesare
947 2831 1052 2894 curn
1097 2831 1270 2894 summa
1311 2790 1494 2935 imperii
1532 2836 1583 2896 ac
1626 2795 1726 2902 belli
1769 2827 1776 2836 '
1872 2824 1873 2828 '

256 2938 443 3080 gerendi
479 2973 696 3080 potestate
730 2935 883 3036 missus
920 2937 1234 3038 Mediolanum
1264 2937 1490 3074 pervenit.

332 3091 521 3182 XXXII.
602 3079 816 3184 Postridie
863 3080 1095 3181 tormentis
1144 3079 1370 3221 productis
1411 3077 1592 3200 hostes,
1633 3083 1728 3221 pri-

260 3261 386 3324 mam
430 3224 570 3325 aciem
621 3229 798 3360 Joanne
839 3220 1018 3322 Medice
1066 3224 1293 3340 ducente,
1335 3259 1511 3364 portam
1552 3235 1726 3326 Roma-

257 3405 382 3487 nam,
418 3402 476 3469 ut·
501 3366 669 3468 aditum
704 3365 790 3467 sibi
825 3362 1148 3505 patefacerent,
1183 3365 1316 3466 ariete
1350 3402 1583 3504 concutere
1619 3407 1725 3469 coe-

258 3547 452 3651 perunt.
490 3507 742 3611 Caesariani*
767 3546 884 3617 ,vero
918 3509 1233 3650 indignitatem
1268 3547 1360 3610 non
1393 3503 1579 3612 ferentes
1621 3548 1727 3651 por·

261 3689 356 3753 tarn
393 3653 477 3796 ipsi
512 3692 588 3796 per
629 3687 909 3754 contemtum
953 3647 1284 3793 patefecerunt,
1326 3681 1404 3774 ut,
1448 3651 1601 3754 sibae
1636 3650 1727 3752 ho·-

260 3832 344 3897 stes
380 3798 626 3946 irrumpere
655 3796 884 3918 auderent,
914 3793 1092 3906 liceret3
1129 3794 1290 3938 quibus
1327 3795 1626 3896 cunctantibus
1662 3789 1728 3895 fa*

263 3974 431 4078 eroque
481 3939 727 4060 deterritis,
782 3940 868 4082 ipsi
918 3940 1152 4042 erutione
1200 3934 1312 4039 facta
1367 3938 1462 4036 leve
1510 3936 1727 4078 praelium

259 4081 606 4202 commiserunt,
643 4122 888 4224 parumque
932 3979 1102 4198 abbsit,
1131 4079 1242 4218 quin
1277 4075 1453 4188 collatis,
1486 4080 1622 4220 signis
1657 4079 1726 4180 di-

261 4221 512 4324 micarent.
555 4226 642 4327 His
693 4222 822 4326 rebus
877 4224 1022 4324 hostes
1064 4221 1293 4322 conterriti
1349 4222 1547 4362 sequenti
1595 4256 1726 4322 nocte

259 4363 435 4466 silentio
469 4367 604 4468 motis
639 4366 787 4465 castris
832 4367 1144 4504 Melignanum
1178 4400 1486 4480 revertuntur,
1534 4359 1600 4463 ibi
1633 4373 1724 4496 jam
1830 4372 1835 4384 '

259 4508 403 4610 domo
436 4503 736 4646 profectorum
781 4506 1093 4608 Helvetiorum
1143 4507 1346 4646 Gallique
1389 4506 1524 4648 Regis
1565 4506 1724 4607 auxilia

262 4649 574 4789 exspectaturi.
606 4661 711 4750 Hoc
756 4650 1058 4751 animadverso
1103 4683 1147 4748 et
1182 4648 1309 4748 rebus
1346 4648 1581 4788 desperatis
1620 4661 1725 4749 Dux

261 4784 420 4896 Sfortia·
457 4791 610 4934 paucis
652 4787 805 4895 diebus
852 4791 1083 4923 interjectis
1127 4791 1405 4892 deditionem
1454 4787 1521 4893 lais
1564 4790 1724 4892 condi-

1633 4964 1722 5033 th·
