4292 5984
542 479 572 566 4
894 470 976 549 DE
1021 469 1220 550 REBUS
1268 468 1501 552 GESTIS

478 597 666 726 'sobriam
702 625 1067 763 custodiamusque
1100 631 1149 726 ad
1194 657 1355 727 mantem
1389 631 1628 752 Pyrenaeum
1655 663 1668 734 3
1705 627 1846 728 tertias
1888 637 1973 732 sine

500 784 673 876 exercita
702 785 743 873 ia
776 775 1067 872 Mediterraneis
1099 778 1295 908 magisque
1324 777 1475 904 pacatis
1508 775 1656 907 populis
1666 845 1680 888 ,
1727 775 1822 907 qaid
1846 773 1972 903 farm

498 925 556 1016 sit
586 951 675 1052 opas
689 995 705 1038 ,
725 917 925 1048 dispiciens
953 939 1157 1022 ‘attsatars
1191 955 1279 1015 nam
1298 917 1464 1013 Praeses
1493 921 1572 1055 ipsc
1605 953 1742 1050 magna
1772 952 1824 1014 cx
1852 951 1974 1054 parte

499 1066 550 1163 ad
570 1062 841 1180 Tarraconem,
861 1090 900 1160 ea
935 1083 1072 1162 aotam
1102 1061 1393 1196 Carthaginem,
1427 1097 1578 1196 eamque
1603 1065 1833 1162 maritimam
1866 1103 1973 1166 aran

491 1202 560 1338 jus
590 1208 718 1327 dicit,
752 1235 867 1341 atquc
896 1237 1077 1307 motatur.

573 1360 652 1452 lV.
725 1360 854 1463 Quae
874 1347 1096 1451 Strabonis
1118 1387 1339 1492 postrema
1373 1348 1507 1452 verba
1552 1345 1754 1472 faciunt,
1797 1385 1848 1453 ut
1882 1355 1974 1457 mi-

500 1493 549 1596 bi
586 1495 712 1596 tertia
750 1493 1014 1636 Hispaniae,
1050 1533 1094 1595 et
1132 1496 1288 1597 eadem
1325 1497 1517 1597 maxima
1545 1535 1642 1638 pars
1668 1496 1971 1600 Tarraconensis

500 1639 717 1743 Romanis
754 1681 806 1739 ex
826 1680 881 1740 eo
914 1641 1141 1741 nominata
1172 1634 1300 1742 fuisse
1320 1640 1520 1742 videatur
1534 1644 1753 1782 ,quod
1714 1681 1805 1773 ejus
1837 1651 1972 1744 Prae·

504 1827 598 1906 ses,
628 1785 794 1885 unde
780 1825 845 1916 jus
876 1787 1116 1925 petendum
1138 1820 1227 1885 erat
1261 1822 1348 1884 totr
1334 1785 1671 1906 Provinciae,
1707 1787 1973 1930 plerumque

377 1945 378 1948 ‘
501 1936 753 2033 Tarracone
787 1966 1051 2030 moraretur
1094 1939 1227 2030 Hanc
1260 1930 1541 2030 Provinciam
1588 1930 1880 2032 interfluitb
1834 1936 2066 2032 Ib·eras

500 2075 675 2195 amnis,
700 2075 817 2175 unde
855 2075 1048 2215 plerique
1086 2110 1240 2213 putant
1269 2114 1436 2175 nomen
1466 2075 1690 2176 universae
1720 2077 1973 2217 Hispaniae

501 2223 654 2322 clatum
674 2218 789 2360 ‚qui
816 2218 930 2319 circa
948 2215 1251 2360 Juliobrigam
1270 2256 1389 2320 ortus
1421 2219 1471 2318 in
1503 2219 1758 2322 Cantabria
1763 2261 1815 2320 ex
1837 2261 1970 2325 mon-

501 2399 547 2465 te
577 2362 789 2484 Vindi0‚
810 2363 893 2503 qui
931 2404 957 2462 a
990 2363 1101 2464 saltu
1138 2371 1361 2496 Pyrenaeo
1399 2402 1479 2502 per
1517 2359 1802 2486 Cantabros,
1836 2370 1973 2468 Astu-

501 2547 596 2629 tes,
623 2544 665 2608 ct
684 2441 955 2607 Gallaecos
943 2541 992 2604 m
1019 2515 1252 2606 Oceanum
1281 2506 1516 2608 occiduum
1548 2509 1789 2682 procurrit,
1808 2511 2048 2612 multos

502 2651 746 2755 hincinde
784 2647 974 2790 populos
1006 2649 1196 2772 alluens,
1235 2691 1534 2799 magnumque
1578 2691 1770 2798 spatium
1812 2692 1969 2760 ernen

504 2837 575 2897 sus
615 2795 663 2896 in
700 2833 820 2892 mare
858 2793 1125 2896 Balearicum
1158 2794 1425 2900 effundimr

578 2947 636 3042 V.
712 2937 885 3038 Baetica
904 2977 1085 3081 quoque
1107 2941 1164 3042 ad
1194 2942 1465 3046 meridiem
1454 2981 1626 3051 interno
1649 2986 1762 3050 marr
1745 2943 1975 3079 objecta

505 3121 601 3204 est,
629 3082 808 3184 etitem
825 3093 1011 3184 Oceano
1027 3126 1052 3185 a
1070 3079 1182 3188 freto
1212 3087 1375 3191 scilicet
1411 3091 1467 3190 ad
1507 3096 1636 3192 Anae
1670 3091 1861 3192 fluminis
1900 3129 1975 3190 os·-

507 3230 592 3340 tias
627 3229 685 3331 ad
723 3268 926 3336 occasum
964 3229 1219 3342 Atlantic03
1265 3271 1390 3334 nam
1397 3232 1453 3334 ad
1496 3235 1893 3376 septemtrionem,
1929 3268 1975 3333 ut

507 3375 820 3518 exposuimus,
858 3377 1079 3479 Lusitania
1112 3377 1345 3494 definitur,
1378 3417 1491 3521 quae
1526 3378 1749 3480 Lusitania
1787 3387 1974 3477 Oceano

508 3519 735 3621 dumtaxat
772 3520 971 3644 alluitur,
1013 3524 1148 3664 idque
1176 3524 1232 3626 ab
1261 3563 1447 3643 occasu,
1474 3523 1629 3624 ceteris
1657 3563 1709 3625 ex
1743 3518 1948 3664 partibus
1960 3595 1976 3642 ,

508 3667 892 3807 quemadmodum
928 3667 1189 3808 explicatum
1222 3703 1314 3788 est,
1343 3601 1537 3770 delibita.

567 3821 643 3910 VI.
702 3817 854 3952 Atque
873 3809 955 3912 hac
978 3811 1161 3953 quidem
1182 3811 1418 3954 partitione
1456 3811 1776 3954 Hispaniarum
1811 3848 1977 3910 veteres

510 3989 707 4054 auctores
742 3950 830 4057 fere
864 3956 931 4057 usi
962 3995 1061 4059 sunt
1095 3994 1194 4058 tum
1236 3958 1468 4079 Romani,
1503 3993 1601 4057 tum
1635 3956 1769 4056 etiam
1799 3953 1977 4069 Graeci,

453 4206 459 4226 Ι
507 4097 592 4201 nisi
625 4100 749 4240 quod
799 4102 1012 4202 vetustior
1046 4101 1260 4244 partitio,
1291 4143 1429 4245 quam
1452 4037 1587 4203 ’Mela
1623 4099 1869 4260 Straboque
1917 4137 1978 4196 se·

510 4279 742 4382 quuntur,
776 4245 1049 4364 Lusitaniam
1079 4289 1109 4348 a
1131 4249 1446 4389 septemtrione
1475 4243 1673 4348 Callaico
1695 4241 1839 4360 mari,
1872 4239 1978 4339 Gal-

510 4386 692 4485 laeciam
724 4390 982 4530 complexa,
1020 4393 1316 4501 terminabatt
1354 4392 1465 4533 quin
1505 4390 1639 4491 etiam
1670 4383 1825 4488 Strabo
1863 4380 1980 4480 Lusi·

511 4529 678 4629 taniam
716 4535 916 4635 eamdem
950 4541 1081 4675 Tago
1112 4536 1295 4633 flumine
1325 4575 1351 4630 a
1386 4533 1597 4652 meridie,
1631 4533 1742 4633 dum
1771 4525 1980 4631 vetustio-

508 4713 604 4776 rem
637 4676 923 4815 partitionem
952 4712 1234 4817 sequeretur,
1268 4674 1473 4776 finiebat.

585 4829 680 4934 Vll.
757 4835 965 4926 Ceterum
1005 4857 1108 4965 post
1138 4817 1465 4943 Barbarorum,
1516 4815 1771 4963 praesertim
1804 4829 1976 5058 Sarance
