4326 5986
576 453 608 548 4
660 635 783 782 Jo.
831 549 1228 765 oauasrr
1285 629 1900 769 saruavnoan

868 905 991 1014 oa
1051 903 1328 1032 araus
1381 900 1709 1018 oraria

573 1143 1255 1326 QCAROLI
1338 1143 1909 1333 QUINTI

731 1459 1159 1542 IMPERATORIS
1191 1459 1270 1540 ET
1288 1464 1464 1542 REGIS
1487 1463 1823 1543 HISPANIAB

791 1803 863 1907 rr
878 1804 915 1905 a
930 1803 1030 1907 rx
1081 1801 1401 1934 QUARTUS
1439 1802 1753 1913 oneratus,
1811 1837 1819 1852 ·

579 2013 619 2173 i.
669 1995 942 2172 AFRICO
990 2067 1109 2173 bello
1153 2065 1394 2194 confecto,
1442 2113 1547 2175 curn
1592 2073 1711 2178 nulla
1752 2105 1857 2175 esset
1895 2069 1996 2178 inter

550 2212 822 2319 Christianos
859 2254 946 2330 nec¹
974 2212 1079 2315 belli
1114 2255 1357 2316 causante
1393 2218 1613 2358 suspicio,
1652 2256 1791 2362 quarn
1825 2217 1997 2360 quidem

551 2359 700 2502 aliqua
736 2356 930 2458 militum
966 2395 1118 2460 coacta
1151 2399 1305 2460 manus
1347 2358 1557 2480 afferret,
1606 2362 1822 2482 Carolus,
1860 2361 1995 2461 ceteris

551 2500 759 2607 omnibus
814 2500 953 2642 copiis
1000 2502 1264 2644 impositis,
1307 2543 1376 2606 eas
1428 2505 1617 2608 domum
1668 2505 1808 2607 redire
1855 2502 1994 2636 jubet,

550 2647 643 2790 ipse
676 2685 782 2748 cum
817 2646 909 2747 sola
954 2645 1260 2790 Hispanorum
1296 2684 1497 2752 veterana
1532 2685 1704 2766 manu,
1743 2685 1881 2789 quam
1918 2643 1992 2746 sibi
2124 2723 2125 2762 ,

552 2788 819 2936 praetoriam
855 2787 1090 2893 cohortem
1126 2831 1215 2892 esse
1250 2790 1420 2913 voluit,
1453 2790 1502 2895 in
1538 2792 1729 2894 Siciliam
1756 2789 1997 2931 Italiamque

552 2971 761 3078 navrgare
796 2935 1062 3058 constituit,
1100 2970 1152 3036 ut
1194 2973 1292 3037 eam
1334 2934 1523 3037 insulam
1573 2934 1997 3077 Neapolitanumque
2123 3047 2124 3050 p

550 3091 763 3223 Regnum
813 3077 1058 3201 inviseret,
1095 3113 1140 3178 et
1173 3118 1285 3218 quae
1321 3079 1379 3182 ad
1411 3077 1582 3180 illarum
1617 3078 1855 3222 gentium,
1903 3115 1997 3218 quas

555 3225 675 3324 adire
711 3258 790 3363 per
826 3223 1047 3363 graviores
1083 3221 1396 3367 occupationes
1432 3260 1534 3326 ante
1569 3223 1831 3364 nequiverat
1843 3297 1860 3342 ,
1894 3218 1997 3361 opti-

557 3405 681 3469 mam
723 3364 1152 3470 administrationem
1203 3366 1445 3530 pertinere·
1468 3405 1664 3510 praesens
1703 3367 2003 3509 cognovisset,

550 3508 863 3620 constituerem
900 3512 1064 3612 sedeo
1099 3511 1292 3613 maxime
1326 3510 1550 3632 consilio,
1585 3544 1634 3614 ut
1668 3511 1853 3612 Paulum
1893 3519 2002 3610 Pon·
2122 3537 2123 3578 ³

549 3652 717 3755 tilicom
756 3654 1037 3776 Maximum,
1071 3693 1176 3755 cum
1211 3695 1305 3798 quo
1342 3653 1461 3756 idem
1498 3692 1622 3797 saepe
1655 3692 1734 3796 per
1770 3652 1939 3797 legatos
1967 3685 2004 3754 et

545 3796 712 3901 litteras
748 3835 923 3942 egerat,
961 3833 1240 3901 cunctantem
1287 3795 1476 3904 fortassis
1518 3839 1570 3901 ac
1611 3796 1895 3902 dubitantem
1936 3836 2006 3900 sua

550 3940 791 4083 praesentia
826 3944 1170 4086 auctoritateque
1216 3942 1493 4083 impelleret,
1527 3941 1594 4044 uti
1636 3943 1897 4047 Concilium
1936 3957 2007 4045 Sa-

549 4087 779 4188 cerdotum
814 4085 1053 4208 indiceret,
1089 4130 1141 4187 ex
1168 4089 1467 4230 universoque
1490 4083 1599 4190 orbe
1627 4085 1886 4188 Christiano
1902 4125 2007 4188 con

547 4264 751 4350 vocaret,
791 4230 967 4372 cupiens
1003 4270 1085 4374 pro
1128 4230 1335 4374 singulari
1378 4271 1453 4346 sua
1495 4230 1656 4372 pietate
1693 4233 1748 4334 ad
1791 4229 2007 4370 multipli-

547 4409 645 4472 cem
696 4371 1046 4475 Lurheranorum
1097 4372 1310 4476 haeresim
1368 4373 1729 4518 exstirpandam,
1781 4410 1827 4475 et
1880 4373 2007 4477 rebus

546 4512 847 4617 Ecclesiasticis
891 4513 1179 4620 multifariam
1222 4518 1471 4620 exulceratis
1513 4520 1784 4620 medendum
1836 4515 1889 4618 id
1934 4553 2003 4614 re·

546 4657 747 4760 medium
797 4657 1049 4781 adhibere,
1105 4699 1199 4801 quo
1250 4663 1484 4803 prudenter
1532 4660 1786 4806 utiliterque
1841 4691 2002 4760 veteres

546 4811 723 4904 Sanctos
757 4809 942 4927 Patres,
974 4803 1030 4910 ad
1065 4800 1382 4909 haereticorum
1426 4806 1684 4950 detegendas
1724 4800 1930 4925 fraudes,
1965 4831 2003 4899 et
2119 4875 2120 4918 ι

1937 4981 2002 5042 er-
