4294 5972
295 603 417 748 Jo.
466 597 861 730 euuusu
921 521 1472 774 sururvuoa
1526 431 1585 521 34

473 795 622 978 uu
682 869 961 976 nunus
1013 869 1339 980 curris

284 1106 886 1270 CAROLI
969 1109 1539 1298 QUINTI

366 1423 792 1504 IMPERATORIS
825 1421 904 1500 ET
924 1427 1098 1503 REGIS
1129 1433 1454 1508 HISPANIAE

415 1851 417 1856 a
483 1767 732 1870 LIBER
792 1765 1334 1874 UNDECIMUS.

221 2043 254 2130 Ι.
290 1963 613 2132 FIRMATA
659 2040 841 2130 Corone
885 2067 1007 2130 novo
1049 2029 1356 2168 validioreque
1395 2035 1611 2172 praesidio
1626 2115 1642 2158 ,

188 2176 316 2314 quod
365 2173 559 2273 Andreas
607 2171 749 2272 Doria
798 2208 875 2310 per
920 2171 1114 2272 mediam
1159 2174 1395 2272 Turcicam
1435 2180 1644 2300 classem,

196 2355 311 2454 quae
353 2316 572 2456 oppidum
616 2311 883 2431 obsidebat,
925 2315 1166 2452 irrumpens
1212 2314 1360 2414 navali
1408 2321 1644 2420 certamine

189 2457 333 2557 victor
369 2459 590 2558 invexerat
628 2490 672 2556 et
711 2454 836 2556 rebus
874 2455 1112 2575 omnibus,
1148 2495 1260 2595 quae
1282 2459 1337 2556 ad
1365 2455 1646 2562 obsidionem

188 2593 488 2738 perferendam
524 2599 621 2700 usui
655 2594 829 2717 forent,
865 2599 1065 2720 munita,
1094 2599 1277 2700 Carolus
1313 2611 1469 2704 Caesar
1497 2641 1540 2704 et
1567 2618 1645 2706 So·

189 2747 390 2876 lymanus
435 2748 685 2841 Turcarum
727 2743 929 2880 Princeps
978 2741 1157 2842 diversis
1205 2741 1316 2844 curis
1369 2744 1646 2846 solicitaban-

191 2919 282 2982 tur.
329 2898 452 2986 Dum
492 2881 565 2983 hic
602 2882 766 2981 bellum
802 2883 864 2984 in'
892 2884 1071 2984 Graecia
1108 2882 1322 3023 domique
1366 2886 1525 3008 timet,
1573 2889 1647 2988 ille
1738 2919 1741 2927 ·

190 3065 294 3127 cum
331 3066 410 3126 suo
446 3025 599 3126 animo
636 3025 801 3144 volvit,
839 3026 1075 3166 quomodo
1112 3025 1248 3162 possit
1284 3024 1450 3166 absque
1477 3069 1645 3171 magno

189 3208 271 3268 suo
308 3167 600 3270 incommodo
638 3203 788 3268 contra
833 3169 943 3270 vires
978 3167 1116 3267 hostis
1158 3169 1451 3308 potentissimi
1498 3187 1646 3274 Coro*

190 3349 295 3412 nem
330 3314 386 3412 ad
422 3312 621 3411 meliores
664 3350 809 3411 rerum
849 3310 1104 3413 occasiones
1139 3311 1348 3410 retinete.
1394 3321 1515 3415 Nam
1551 3315 1646 3454 pri-

191 3491 320 3556 mum
358 3455 448 3555 sine
483 3493 649 3595 magno
685 3455 897 3591 praesidio
933 3453 1257 3596 impendiisque
1282 3454 1486 3558 maximis
1521 3498 1646 3557 corra-

193 3631 291 3696 tum
327 3591 483 3696 frustra
519 3593 612 3696 fore
656 3594 955 3738 intelligebam
1000 3597 1159 3697 deinde
1202 3593 1465 3717 verebatur,
1508 3637 1565 3699 ne
1608 3598 1645 3702 si

190 3738 408 3840 distractis
444 3739 529 3840 suis
570 3740 708 3881 copiis
751 3741 898 3840 Italica
933 3740 1141 3882 praesidia
1160 3738 1517 3860 minuerentur,
1561 3741 1644 3844 ali-.-

194 3881 305 4021 quid
341 3923 366 3981 a
402 3884 486 3982 suis
521 3883 803 4003 adversariis,
838 3926 949 4025 quos
985 3883 1124 4022 magis
1157 3881 1388 3982 infirmitas
1414 3918 1457 3982 et
1484 3919 1641 4002 metus,

194 4063 330 4164 quam
365 4027 567 4126 voluntas
603 4064 678 4134 aut
715 4023 917 4128 officium
953 4026 1224 4142 contineret,
1253 4062 1331 4163 per
1368 4026 1644 4129 occasionem

193 4205 470 4270 moveretur.
506 4178 659 4310 Itaque
695 4168 741 4268 in
778 4166 955 4307 publica
991 4204 1034 4267 er
1062 4163 1232 4266 difficili
1268 4207 1392 4266 causa
1422 4167 1532 4268 nihil
1562 4204 1645 4271 sta-

195 4312 407 4412 tuendum
445 4314 761 4412 conandumve'
788 4347 928 4432 ratus,
970 4309 1055 4409 nisi
1089 4308 1430 4448 conspirantibus
1472 4345 1516 4410 et
1564 4312 1646 4438 adss

189 4451 442 4590 juvantibus
469 4451 742 4593 Principibus
767 4451 1054 4572 Christianis,
1080 4451 1355 4551 Clementem
1386 4451 1647 4554 Pontificem

194 4599 449 4700 Maximum
485 4597 654 4707 consilii
689 4594 964 4734 institutique
1001 4596 1065 4694 sui
1100 4633 1176 4733 per
1211 4604 1425 4735 Legatum
1461 4609 1647 4702 Fernan-

203 4740 311 4846 dum
348 4742 512 4852 Silvam
555 4739 784 4846 Comitem
826 4732 1194 4842 Centifontanum
1237 4733 1354 4838 facit.
1383 4738 1647 4860 certiorem,

1541 4916 1641 5018 pre·
