4294 5972
563 431 648 522 28⁹
956 442 1039 524 DE
1084 435 1286 519 REBUS
1333 431 1552 518 GESTIS

527 603 743 715 fossarum
773 643 875 706 cum
906 598 1173 704 detrimento
1207 595 1383 731 rejecti.
1418 605 1628 696 Ceterum
1657 592 1878 732 quoniam
1907 601 1998 704 ob-

534 793 662 858 sessos
710 750 863 890 inopia
906 741 1154 866 frumenti,
1186 741 1320 884 quod
1362 778 1621 882 peranguste
1660 735 1804 841 fuerat
1848 749 2002 886 provi-

537 940 664 1018 sum,
702 893 895 994 laborare
930 888 1180 1012 constabat,
1218 884 1453 988 obsidione
1490 921 1689 1028 premere
1725 891 2001 994 constituunt

539 1043 599 1145 sic
635 1039 762 1142 brevi
796 1040 851 1140 ad
887 1007 1161 1140 dedidonem
1198 1072 1321 1173 posse
1357 1031 1565 1174 compelli
1590 1031 1708 1148 rati,
1735 1072 1817 1134 nec
1841 1034 1888 1134 id
1910 1037 1997 1177 qui·

540 1187 645 1290 dem
681 1219 873 1302 temere,
892 1191 983 1316 jam
1020 1180 1141 1280 enim
1177 1173 1448 1278 frumentum
1516 1214 1623 1276 aene
1658 1173 1760 1276 solis
1793 1177 1998 1281 militibus

540 1327 827 1448 tribuebatur,
856 1324 1090 1472 oppidanis
1127 1319 1244 1424 fame
1281 1215 1592 1464 pereuntibusr
1627 1319 1702 1418 sed
1737 1356 1833 1424 tam
1867 1322 1998 1425 vehe-

541 1513 665 1576 mens
701 1469 883 1574 morbus
891 1548 905 1592 ,
933 1470 1014 1613 qui
1048 1502 1146 1568 tota
1180 1464 1302 1570 Italia
1339 1465 1627 1606 grassabatur,
1649 1463 1871 1607 pestisque
1901 1483 1998 1572 Cae·

541 1617 811 1724 tatianorum
838 1651 973 1718 castra
1010 1612 1238 1756 praecipue
1275 1617 1517 1708 Germanos
1551 1608 1738 1728 invasit,
1767 1646 1817 1716 ut
1852 1653 1905 1712 ex
1936 1611 1998 1714 his

541 1761 692 1866 multis
741 1759 950 1862 absumtis
988 1790 1231 1856 ceterorum
1283 1748 1413 1854 bona*
1452 1787 1550 1894 pars
1589 1787 1667 1892 aut
1705 1761 1795 1884 jam
1842 1795 1998 1899 aegro-

541 1941 680 2010 tantes
718 1938 793 2002 aut
828 1903 922 2003 vim
957 1899 1106 2002 morbi
1141 1934 1384 1998 metuentes
1432 1895 1579 1996 castris
1620 1896 1833 2037 paulatim
1869 1942 1998 2000 exce·
2128 1959 2129 2024 3

541 2049 690 2148 derent
732 2047 1007 2186 domumque
1049 2039 1235 2142 redirent
1278 2040 1375 2183 ipso
1420 2053 1546 2142 Duce
1575 2041 1886 2157 connivente,
1922 2045 1997 2186 qui

540 2189 650 2294 inter
686 2229 828 2292 moras
870 2185 1113 2290 obsidionis
1155 2222 1389 2286 consumto
1432 2184 1685 2327 stipendio,
1713 2189 1840 2327 quod
1878 2227 1996 2328 parce
2129 2317 2130 2322 q

539 2333 742 2476 alioquin
777 2328 916 2438 fuerat
958 2330 1319 2478 suppeditatum,
1355 2331 1447 2476 ipse
1492 2369 1674 2474 quoque
1716 2333 1771 2434 dc
1816 2331 1996 2438 domurn

540 2481 757 2584 reditione
793 2478 1048 2616 cogitabat.

610 2633 678 2727 111.
736 2623 809 2722 Ad
847 2620 964 2721 hunc
1000 2623 1188 2722 modum
1224 2617 1365 2722 castris
1404 2658 1540 2763 paene
1574 2621 1778 2744 nudatis,
1799 2617 1994 2723 obsidio·

540 2805 598 2869 ne
634 2764 821 2884 omissa,
848 2762 1067 2867 Henricus
1103 2767 1151 2866 in
1186 2764 1472 2866 Germaniam
1513 2766 1689 2868 revertit
1730 2806 1786 2866 eo
1822 2765 1995 2908 potissi·

540 2947 669 3013 mum
706 2945 926 3053 tempore,
952 2949 1045 3050 quo
1087 2910 1334 3012 Franciscus
1380 2906 1629 3012 Borbo'nius
1679 2923 1845 3012 Comes
1895 2908 1996 3012 Divi
2131 2911 2132 2922 ‘

539 3053 665 3157 Pauli
710 3092 815 3156 cum
860 3054 1077 3155 mediocri
1128 3052 1330 3194 equitatu
1373 3087 1417 3153 et
1462 3055 1664 3196 peditum
1710 3091 1816 3156 octo
1866 3053 1998 3154 milli·

541 3192 621 3298 bus
657 3197 704 3300 in
740 3239 809 3296 eas
844 3197 1043 3340 regiones
1078 3237 1104 3298 a
1147 3195 1377 3300 Gallorum
1410 3207 1534 3342 Rege
1576 3198 1731 3300 missus
1772 3197 1965 3340 pervenit
1980 3271 1995 3316 ,

540 3375 610 3462 ut,
630 3342 665 3442 si
693 3341 911 3444 Henricus
946 3340 1263 3444 Prunsvicensis
1287 3379 1391 3443 cunr
1417 3343 1609 3442 exercitu
1630 3343 1872 3482 Neapolim
1900 3378 1998 3481 pro·

542 3485 735 3606 cesisset,
767 3487 859 3624 ipse
903 3524 1086 3627 quoque
1127 3484 1372 3587 Lautrecho
1418 3483 1612 3587 subsidio
1654 3487 1805 3587 venire
1845 3523 2000 3629 perge·

541 3666 629 3740 retr
651 3629 717 3732 sin
753 3631 909 3748 aliter,
945 3628 993 3730 in
1030 3627 1190 3732 finibus
1227 3629 1631 3734 Mediolanensibus
1674 3627 1921 3732 subsisteret
1964 3665 2003 3731 et

541 3773 722 3878 Venetis
770 3766 1086 3913 Sfortianisque
1144 3773 1386 3908 conjunctis
1439 3772 1724 3874 Caesarianos
1765 3813 2004 3917 oppugna·

543 3951 636 4020 tet.
678 3927 831 4060 Itaque
872 3951 972 4062 post
1020 3916 1205 4022 Henrici
1246 3917 1479 4020 discessum
1526 3915 1700 4058 aliquot
1749 3957 1810 4058 op
1845 3918 1922 4018 ida
1968 3949 2005 4018 ct

544 4059 714 4164 castella
749 4097 861 4164 trans
895 4064 1065 4166 Padum
1100 4060 1295 4204 recepit,
1326 4062 1437 4164 dum
1471 4061 1636 4164 Veneti
1678 4098 1722 4164 et
1762 4061 2004 4182 Sortiani,

542 4206 624 4350 qui
672 4201 753 4310 sub
800 4207 1043 4312 adventum
1090 4217 1411 4311 Germanorum
1452 4203 1500 4310 in
1542 4205 1755 4348 praesidia
1797 4206 2003 4308 discesse-

542 4386 661 4472 rant,
686 4351 1000 4456 convenirent.
1038 4359 1160 4454 Nam
1196 4347 1446 4454 Caesariani
1481 4349 1537 4453 ad
1573 4389 1779 4494 magnam
1816 4353 1999 4491 paucita-

494 4523 496 4528 ·
542 4525 633 4592 tem
667 4494 913 4615 redierant,
926 4497 1106 4640 exiguus
1140 4529 1232 4600 erat
1269 4496 1504 4636 equitatus,
1526 4495 1658 4635 pauci
1693 4495 1905 4597 Germani
1939 4530 1997 4592 ro

541 4631 660 4756 licti,
686 4635 881 4778 Hispani
915 4637 991 4740 vix
1032 4639 1170 4744 trium
1213 4639 1405 4742 millium
1447 4677 1684 4744 numerum
1727 4635 1999 4780 explebant,

537 4819 641 4884 curn
678 4780 838 4924 quibus
884 4781 1021 4928 copiis
1065 4817 1107 4892 et
1146 4782 1302 4890 Italicis
1337 4782 1560 4890 nonnullis
1618 4783 1839 4890 Antonius
1892 4779 2000 4884 reli-
2086 4909 2092 4924 ·

1932 4960 2001 5026 cta
