4292 5984
522 415 649 488 XXVI.
967 405 1472 486 SUMMARIUM.

497 538 589 626 riam
625 564 691 673 per
736 532 1024 652 Philippinum
1014 565 1054 621 to
1084 557 1205 652 partes
1261 561 1350 620 nem
1376 537 1656 620 Germanorum
1695 531 1832 620 ducem
1869 547 1974 620 cete‘·
2134 569 2135 596 ι

499 655 683 746 Caesaris
692 654 930 742 traducendi.
1262 680 1400 767 rosque
1431 652 1636 787 primorum
1659 653 1836 739 ordinum
1864 682 1973 789 prae·
2134 719 2135 722 a

576 774 719 862 XXIV.
795 771 1011 860 Pliilibertus
1045 772 1208 908 probato
1262 767 1379 856 lectos
1409 771 1532 856 oratio
1565 772 1614 859 de
1654 770 1926 860 cohibendis
1916 802 1973 858 in·

454 995 456 1000 ,
501 893 655 983 consilio
683 890 920 978 Ixartinum'
910 921 1033 1007 ipsum
1060 893 1110 978 ad
1125 889 1209 975 Phi·
1263 886 1389 1002 juriis,
1406 912 1445 974 et
1471 890 1691 1006 quaestione
1722 891 1772 978 de
1817 888 1976 1006 perfidia

503 1012 680 1148 lippinum
721 1038 810 1094 cum
838 1010 1022 1096 mandatis
1069 1008 1210 1117 mittit,
1264 1031 1304 1093 et
1329 1007 1464 1093 insidiis
1484 1007 1768 1096 constituenda.

505 1131 614 1246 eique
645 1129 749 1241 jubet
787 1128 968 1214 amicitiae
1005 1129 1212 1244 praemium
1332 1126 1494 1212 XXXII.
1568 1121 1747 1213 Praefecti
1769 1125 1976 1216 Philiberro

505 1247 795 1364 Principatum
785 1276 826 1332 in
856 1252 995 1364 Regno
1036 1247 1213 1363 Neapoli·
1266 1243 1428 1357 primum
1467 1243 1601 1363 gratias
1634 1270 1803 1382 agunt,
1834 1244 1976 1333 deinde

506 1391 599 1455 rano
627 1367 803 1454 Andreae
834 1367 974 1452 Doriae
1005 1364 1185 1480 polliceri.
1268 1361 1491 1450 confirmant
1527 1392 1567 1450 se
1585 1364 1787 1471 enixuros,
1817 1388 1862 1452 ut
1890 1366 1973 1450 insi-

583 1487 712 1572 XXV.
788 1484 1014 1599 Philippinus
1077 1484 1216 1570 consilii
1270 1479 1416 1566 diarum
1444 1480 1559 1568 scelus
1589 1481 1765 1597 patefiat,
1788 1506 1828 1568 et
1853 1481 1894 1568 in
1909 1513 1977 1568 au·

508 1633 694 1692 summam
720 1601 771 1688 ad
804 1603 996 1690 Andream
1026 1600 1160 1715 rejicit,
1176 1627 1218 1689 et
1269 1622 1391 1684 ctores
1420 1599 1646 1687 vindicetur

509 1751 609 1838 quae
625 1751 714 1809 suae
739 1744 860 1836 partes
889 1721 980 1826 sint,
998 1719 1153 1808 libenter
1179 1749 1218 1807 se
1344 1719 1520 1804 XXIIIII.
1591 1717 1733 1806 Habita
1755 1719 1975 1836 quaestione

510 1840 1103 2061 Μιῗιωιᾛέῗὶιι,
1119 1956 1220 2044 audi
1271 1838 1778 2058 Quidlimdimiii
1801 1864 1979 2042 ”nra

512 2073 772 2192 relegatione
804 2073 980 2212 lectisque
1025 2017 1178 2190 Philip
1143 2074 1220 2190 pini
1273 2069 1491 2185 supplicium
1522 2097 1699 2159 sumunt.
1759 1985 1814 2088 pil

512 2191 665 2327 litteris,
690 2221 779 2278 cum
808 2194 947 2279 recenti
982 2190 1094 2278 etiam
1118 2106 1223 2280 pesset
1332 2190 1515 2276 XXXIV.
1574 2192 1751 2279 Fabriiius
1758 2188 1980 2278 Marramal·

514 2309 682 2423 injuriaa
703 2307 902 2396 Gallorum
926 2316 1033 2428 Rege
1055 2305 1222 2421 affectus,
1275 2304 1346 2392 dus
1392 2307 1544 2394 ItaIcae
1581 2338 1712 2445 manus
1759 2305 1981 2425 praelectus,

513 2427 770 2515 conditionem
794 2428 960 2544 accipit..
1274 2422 1441 2510 confictis
1494 2426 1647 2513 nomine
1707 2427 1880 2513 Iautreci
1928 2426 1980 2512 ad

576 2546 740 2631 XXVII.
798 2550 985 2681 Legatum
1012 2572 1100 2631 cum
1119 2573 1224 2630 man·
1276 2568 1365 2628 eum
1398 2542 1576 2650 Ιίιιιιιι,
1565 2573 1606 2629 ιιι
1609 2544 1814 2681 'perfidiae
1855 2544 1982 2659 prodi·

518 2662 613 2749 datis
644 2662 694 2749 ad
710 2663 908 2748 Caestrem
935 2663 1067 2750 nictit.
1099 2668 1227 2751 lsAn
1277 2658 1462 2776 nonisque
1491 2663 1736 2800 suspicionem
1766 2661 1901 2765 venit,
1919 2660 1984 2747 sed

520 2779 688 2866 dream
678 2809 798 2896 ipsum
821 2807 910 2868 cum
940 2781 1075 2868 classe
1065 2809 1105 2867 in
1120 2809 1227 2870 suain
1278 2776 1371 2864 dolo
1410 2782 1569 2897 cognito
1604 2781 1782 2872 Fabntius
1825 2777 1986 2868 absolvi·

521 2893 636 2986 fidem
666 2896 949 3015 clientelamque
980 2900 1126 3016 recipit.
1216 2919 1369 3000 ·‚tur
1385 2921 1425 2984 et
1463 2899 1514 2986 ad
1544 2928 1649 2984 suam
1681 2899 1906 3036 dignitatem
1948 2919 1986 2984 et

598 3017 798 3103 XXVIII
848 3018 949 3104 Gali
1000 3016 1228 3135 praetorium
1277 3037 1411 3130 portae
1442 3016 1650 3105 outodiam
1665 3017 1877 3106 restituitur

524 3159 606 3220 nori
637 3133 752 3269 longe
790 3133 841 3219 ab
880 3136 974 3223 urbe
1015 3159 1227 3252 occuparit.
1339 3134 1507 3269 XXXV.
1575 3133 1719 3221 Gallim
1750 3133 1867 3220 classis
1900 3161 1989 3219 cum

523 3251 734 3338 Caesariani
755 3251 846 3338 illud
876 3282 1090 3390 expugnare
1116 3281 1229 3342 cona
1279 3251 1437 3366 peciuiia
1470 3252 1509 3338 in
1553 3253 1776 3370 stipendium
1812 3251 1984 3368 appellit.

526 3371 558 3456 ti
586 3397 674 3454 cum
704 3367 843 3483 jactura
864 3372 1084 3488 reliduntur.
1279 3368 1344 3456 Ad
1373 3372 1558 3486 expositos
1599 3371 1727 3458 milites
1758 3365 1989 3457 infestandos

600 3487 745 3574 XXIX.
813 3489 996 3576 Germani
1048 3488 1230 3576 calamita·
1280 3487 1426 3572 Urbina
1454 3512 1493 3574 et
1523 3494 1711 3608 Gonzaga
1742 3517 1829 3576 cum
1871 3489 1999 3592 manu

523 3627 608 3692 tum
633 3627 674 3692 et
695 3604 841 3719 inopiae
868 3608 995 3695 taedio
1010 3635 1098 3694 cum
1113 3603 1230 3693 Gallis
1282 3604 1507 3693 mittimtut.
1573 3609 1811 3695 Commisso.
1850 3605 1991 3721 praelio

525 3723 575 3811 de
598 3723 753 3812 traruitu
783 3721 823 3808 in
849 3724 997 3813 illorum
1024 3751 1142 3812 castra
1165 3755 1230 3839 pa·
1283 3721 1384 3808 Galli
1421 3723 1578 3809 mille
1547 3724 1686 3812 circiter
1716 3723 1868 3814 ducenn
1899 3751 1992 3813 con·

453 3915 467 3940 ,
525 3840 884 3948 cisciounnaotut3
919 3842 1231 3932 etanulloma-
1283 3839 1345 3924 cisi
1358 3840 1516 3956 plures
1542 3866 1779 3958 enamcapn
1973 3907 1978 3914 -

497 3955 646 4045 Ieficio
672 3983 922 4074 temperantes
953 3959 1144 4047 Alarconis
1161 3962 1231 4049 do·
1358 3901 1544 4046 XXXVI
1616 3961 1829 4048 Bertenllus
1858 3957 1994 4048 nobilis

529 4104 637 4162 mum
656 4077 868 4192 diripiunt,
884 4078 946 4168 vix
972 4079 1053 4196 ipso
1082 4078 1232 4169 illotiutt
1286 4074 1382 4162 latro
1397 4078 1506 4194 ,qui
1535 4106 1624 4164 cum
1654 4079 1888 4196 perditorum
1927 4080 1992 4163 ho
2060 4173 2061 4178 a

529 4194 698 4280 manibus
721 4217 875 4310 erepto.
1286 4195 1432 4281 minum
1444 4223 1560 4282 manu
1574 4224 1808 4312 peromnem
1822 4197 1921 4282 circa
1935 4221 1991 4280 re·

588 4315 714 4400 XIIII.
772 4312 1037 4428 Hispaniam
1052 4315 1232 4434 insignem
1289 4311 1441 4430 gionem
1472 4314 1655 4418 excurrit,
1685 4315 1872 4433 legatione
1915 4312 1994 4396 mis

529 4430 794 4516 contumeliam
836 4431 1022 4518 minime
1039 4428 1233 4522 ferendam
1285 4461 1361 4539 sa,
1377 4431 1577 4519 Philiberto
1599 4461 1706 4518 suam
1736 4461 1891 4548 operam
1929 4429 1995 4534 ad

530 4547 626 4652 rati,
643 4548 694 4633 ad
728 4546 878 4632 illam
852 4549 962 4664 signis
991 4547 1096 4636 illatis
1127 4551 1231 4637 ulcis·
1290 4577 1416 4639 versus
1458 4551 1590 4637 Gallos
1617 4550 1831 4666 pollicetur.
1859 4529 1995 4633 Caesa-

530 4608 689 4750 cendam
721 4695 760 4753 se
787 4690 945 4782 p.arm
1289 4667 1381 4752 riani
1424 4667 1502 4756 vias
1547 4697 1678 4758 onmes
1719 4666 1992 4788 excursionibus

589 4785 733 4874 XXXI.
787 4698 980 4873 Philiberti
993 4781 1043 4872 ad
1061 4811 1233 4876 commu·
1289 4782 1488 4876 iifestant
1971 4901 1998 4986 d
