4298 5980
569 424 658 518 224
926 423 1013 508 DE
1056 424 1256 506 REBUS
1299 421 1534 508 GESTIS

522 587 681 688 domus
724 576 860 684 etiam
907 577 1071 681 multae
1110 576 1316 694 dirutae,
1368 575 1536 720 quippe
1578 609 1767 718 quarum
1807 577 2015 686 materia

521 727 712 850 milites,
760 723 892 872 lignis
943 761 1038 826 non
1081 717 1450 868 suppetentibus,
1500 721 1558 826 ad
1603 721 1759 868 ignem
1799 766 2010 834 neccssa-

523 876 642 980 tium
680 871 749 974 uti
783 869 1085 1012 cogebantur.

525 1121 531 1134 ,
595 1027 719 1121 XIV.
799 1014 948 1118 Paucis
986 1014 1044 1119 ab
1071 1007 1196 1118 Urbe
1231 1047 1359 1154 capta
1395 1009 1547 1116 diebus
1582 1007 1854 1147 interjectis,
1890 1031 2005 1124 Dux

521 1158 717 1265 Urbinas
759 1199 865 1264 cum
907 1158 1095 1262 exercitu
1131 1155 1336 1300 peditum
1365 1156 1525 1298 viginti
1561 1157 1763 1300 quinque
1798 1161 2000 1266 millium

521 1342 565 1409 ct
601 1305 733 1409 firmo
770 1305 969 1448 equitatu
1005 1306 1061 1406 ad
1096 1301 1310 1436 insulam,
1347 1301 1427 1442 qui
1469 1301 1590 1402 locus
1631 1299 1753 1404 abest
1796 1303 1854 1408 ab
1899 1317 1997 1410 Ur-

520 1450 578 1556 be
613 1491 818 1593 passuum
854 1493 926 1552 sex
961 1448 1120 1568 millia,
1157 1443 1352 1590 pervenit
1363 1521 1379 1565 ,
1408 1481 1635 1587 castraque
1671 1449 1840 1589 posuit.
1880 1464 1993 1576 Quo

521 1597 723 1700 nuntiato
757 1595 1042 1714 Caesariani,
1078 1634 1133 1695 ne
1168 1591 1289 1710 arci,
1326 1630 1414 1733 qua
1450 1586 1653 1692 Pontifex
1688 1592 1993 1716 obsidebatur,

522 1740 770 1846 subsidium
805 1735 907 1842 ferri
933 1776 1107 1881 posset,
1134 1776 1162 1835 a
1191 1733 1349 1838 Tiberi
1368 1735 1425 1836 ad
1454 1772 1672 1840 extremos
1699 1733 1850 1840 hortos
1868 1750 1993 1843 Pon-

523 1886 683 1988 tificius
725 1921 1019 2025 montemque
1067 1879 1334 1986 Vaticanum
1382 1915 1458 2021 per
1506 1881 1685 2002 vineas,
1727 1923 1840 2024 quae
1887 1922 1998 1986 sunt

524 2032 581 2132 ad
618 2063 740 2170 prata
782 2030 1076 2170 Neroniana,
1118 2023 1284 2126 vallum
1330 2031 1405 2124 sed
1445 2023 1694 2166 perhumile
1735 2030 1993 2144 duxerunt,
2055 2070 2088 2100 N

525 2173 677 2316 ibique
713 2172 935 2316 dispositis
971 2170 1187 2274 militibus
1235 2165 1438 2270 excubias
1482 2209 1560 2312 per
1605 2170 1722 2274 vices
1766 2169 1992 2314 agebant,

526 2317 745 2458 simulque
780 2357 955 2438 arcem,
992 2315 1120 2420 brevi
1160 2313 1393 2416 intervallo
1425 2315 1632 2435 relicto,
1677 2319 1835 2457 apertis
1873 2317 1994 2418 cuni·

526 2463 627 2566 culis
662 2462 921 2580 cinxerunt,
960 2502 1055 2602 quo
1080 2458 1282 2601 Princeps
1314 2458 1508 2560 Uraniae
1544 2458 1846 2586 Plrilibcrtus,
1882 2501 1994 2602 quac

527 2605 759 2710 necessaria
788 2604 1059 2725 viderentur,
1084 2602 1333 2745 imperandi
1357 2603 1495 2745 gratia
1520 2600 1731 2706 incautius
1756 2641 1860 2704 cum
1890 2641 1993 2747 pro-

526 2749 743 2866 cessisset,
786 2747 1001 2890 scloppeti
1036 2746 1123 2849 telo
1160 2787 1213 2848 ex
1249 2786 1346 2850 arce
1381 2745 1539 2850 emisso
1582 2741 1693 2850 facie
1734 2743 1893 2850 vulnus
1931 2787 1994 2848 ac·.

527 2893 677 3035 cepit,
714 2930 808 3033 quo
845 2891 995 2992 multis
1031 2889 1184 2994 diebus
1221 2890 1463 3035 periculose
1497 2887 1738 2995 laboravit.

598 3043 701 3138 XV.
791 3030 1025 3157 Pontifex,
1063 3035 1228 3136 auxilio
1265 3031 1420 3140 frustra
1455 3035 1602 3138 multis
1645 3033 1797 3138 diebus
1842 3077 1991 3181 exspe·
2134 3149 2135 3154 Ν

529 3216 680 3299 erato,
717 3216 883 3321 magno
918 3179 1081 3283 timore
1117 3175 1414 3282 afficiebatur.
1455 3190 1576 3282 Nam
1625 3191 1730 3282 Dux
1770 3181 1994 3300 Urbinas,
2134 3211 2135 3226 ³

529 3325 608 3467 qui
632 3323 940 3444 Caesarianm,
977 3366 1090 3467 quos
1125 3365 1270 3468 aequo
1307 3324 1442 3426 etiam
1476 3323 1581 3425 loco
1617 3324 1869 3447 metuisset,
1906 3325 1994 3426 val·
2134 3345 2135 3434 J

529 3469 575 3570 lo
613 3465 804 3570 munitos
845 3464 966 3572 haud
1007 3468 1174 3611 praelio
1216 3469 1481 3572 lacessendos
1533 3503 1803 3611 putaverat,
1857 3508 1993 3610 reque

530 3607 692 3716 infecta
733 3652 784 3713 ac
825 3651 882 3713 ne
917 3649 1084 3715 tentata
1120 3612 1304 3756 quidem
1339 3611 1535 3732 abierat,
1567 3652 1611 3715 et
1646 3623 1738 3748 jam
1774 3653 1997 3716 commea-

532 3794 602 3859 tus
626 3756 872 3899 parcissime
896 3757 1218 3898 suppetebant,
1245 3757 1526 3901 cuniculique
1551 3796 1868 3899 processerant.
1910 3765 1997 3860 Tot

533 3901 669 4043 igitur
705 3897 1036 4003 difficultatibus
1072 3899 1274 4024 affectus,
1302 3905 1375 4006 sed
1410 3943 1467 4004 eo
1503 3903 1695 4006 maxime
1725 3903 1890 4020 timore
1923 3905 1997 4006 du-

532 4081 627 4146 ctus
640 4121 657 4164 ‚
693 4081 750 4144 ne
786 4084 859 4147 arx
893 4085 971 4188 per
1003 4037 1228 4150 cuniculos
1262 4047 1367 4190 igne
1402 4047 1664 4190 supposito,
1691 4083 1741 4148 ut
1771 4049 1994 4153 Caesaria-

533 4191 582 4294 ni
617 4186 939 4312 minabantur,
983 4194 1282 4325 dejiceretur,
1332 4192 1604 4296 deditionem
1649 4185 1786 4295 facere
1829 4191 1998 4300 consri-

522 4336 658 4455 3tuit,
696 4377 809 4479 quae
851 4333 919 4438 his
963 4334 1294 4445 conditionibus
1338 4335 1528 4479 septimo
1571 4340 1670 4439 Idus
1715 4337 1848 4475 junii
1892 4333 1998 4438 facta

538 4512 626 4576 est:
658 4512 707 4598 ut
741 4483 895 4582 ceteris
922 4485 1150 4604 omnibus,
1175 4481 1255 4626 qui
1289 4522 1388 4585 arce
1418 4482 1782 4604 continebantur,
1811 4521 1912 4584 cum
1933 4518 1998 4580 re·¹

540 4619 623 4722 bus
664 4618 750 4724 suis
794 4622 1032 4744 omnibus,
1080 4666 1172 4769 quo
1216 4637 1431 4767 cujusque
1479 4622 1609 4730 ferret
1661 4629 1859 4745 animus,
1912 4623 2001 4726 dis-

547 4766 699 4882 cedere
752 4767 929 4884 liceret:
980 4766 1184 4898 Pontifex
1225 4771 1497 4900 dumtaxat,
1547 4810 1651 4878 uun
1700 4767 2004 4878 Cardimlibus

1040 4988 1045 4996 ,
1887 4951 2004 5020 tam,

2130 5049 2135 5130 t
