4292 5984
555 467 611 556 28
929 479 1012 560 DE
1059 478 1265 560 REBUS
1313 473 1531 562 GESTIS

509 636 739 784 ‘cabriaqu'e
774 629 923 740 mo'do'
940 670 983 736 et
1006 636 1115 738 citra
1143 645 1318 738 Iberum
1349 634 1573 741 substitit3
1611 637 1654 731 et
1689 621 1777 732 lioc
1813 628 1978 778 ipsum,

516 787 641 929 quod
677 785 876 886 relictum
910 776 1084 901 fuerat,
1120 781 1330 924 paulatim
1366 777 1548 879 cedebat
1582 772 1876 882 Barbarorum
1912 823 1977 884 at-

513 933 626 1042 mis.
676 929 762 1031 His
807 926 944 1069 igitur
992 926 1225 1067 digressis,
1246 1011 1252 1021 .
1273 963 1375 1026 cum
1417 913 1649 1024 Athaulfirs
1693 921 1743 1022 in
1785 925 1975 1030 Galliam
2126 948 2127 992 ¹

515 1073 807 1186 successisset3
849 1107 983 1214 atque
1033 1077 1124 1202 ejus
1170 1066 1336 1172 bonam
1385 1102 1551 1208 partem
1598 1067 1655 1166 ad
1705 1073 1976 1204 Pyrenaeum

417 1293 433 1326 .
514 1218 679 1322 Saltum
714 1251 1002 1357 nostrumque
1044 1251 1162 1316 mare
1203 1253 1302 1314 suae
1344 1210 1524 1314 ditionis
1568 1203 1764 1319 fecissetr
1808 1213 1855 1315 in
1891 1219 1973 1320 Hi·
2055 1235 2060 1244 '

513 1363 710 1506 spaniam
746 1361 801 1462 ad
837 1401 911 1462 eos
947 1356 1064 1460 bello
1101 1356 1422 1500 persequendos
1458 1353 1712 1459 contendit:
1755 1360 1831 1460 sed
1867 1372 1974 1462 Bar-

516 1506 720 1612 cinonem
757 1507 897 1610 modo
933 1541 1214 1648 progressus,
1248 1541 1364 1604 arrno
1401 1536 1522 1602 sexto
1559 1499 1625 1601 sui
1665 1502 1813 1643 Regni
1855 1506 1976 1606 occi·

514 1651 634 1762 ditur
670 1651 842 1771 asuis,
880 1692 932 1753 cx
969 1690 1024 1754 eo
1060 1658 1152 1781 jam
1187 1644 1362 1790 pridem
1399 1641 1584 1746 conflata
1619 1643 1813 1767 invidia,
1852 1651 1976 1791 quod

519 1796 661 1898 victus
713 1790 919 1896 illecebris
963 1790 1178 1894 Placidiae
1222 1789 1270 1892 in
1313 1785 1587 1894 Gotthorum
1637 1787 1806 1896 malurn
1858 1794 1985 1898 Italia.

516 1949 609 2074 jam
647 1975 823 2078 paccata
857 1937 1063 2043 cessisset.
1112 1953 1116 1964 '
1323 1955 1330 1973 ’

606 2092 777 2190 ΧΧΙΧ.
870 2077 1083 2184 Athaulfo
1125 2079 1338 2225 sigericus
1381 2077 1609 2202 successit,
1653 2113 1697 2181 et
1739 2077 1844 2182 huic
1887 2093 1976 2186 Va·

514 2223 604 2334 lias
641 2263 740 2368 post
777 2265 912 2367 quern
953 2223 1264 2360 Theuderedus
1299 2239 1510 2371 Regnum
1551 2225 1972 2368 Vestrogotthorum

518 2371 700 2479 tenuitt
747 2370 904 2472 deinde
956 2371 1307 2492 Turismundus,
1360 2407 1457 2472 tum
1504 2366 1838 2491 Theudeticus,
1877 2410 1978 2474 ante

518 2553 653 2655 quem
682 2509 957 2615 Gotthorum
993 2555 1127 2616 nemo
1163 2515 1362 2658 regnavit
1399 2515 1446 2615 in
1470 2513 1711 2656 Hispania,
1747 2513 1846 2616 licet
1882 2518 1979 2656 qui·

519 2659 626 2761 dam
663 2693 819 2798 regum
856 2657 1160 2800 superiorum,
1196 2699 1299 2761 cum
1329 2659 1479 2800 Regni
1514 2660 1662 2760 sedem
1696 2655 1906 2760 haberent
1930 2661 1977 2763 in
2130 2662 2131 2670 Ν

520 2799 758 2902 Provincia
805 2801 1087 2908 Narbonensi
1128 2840 1173 2903 et
1214 2839 1335 2946 parte
1377 2801 1678 2943 Aquitaniae,
1727 2801 1835 2905 inita
1875 2843 1974 2905 cum

520 2943 737 3045 Romanis
775 2947 992 3068 amicitia,
1030 2946 1193 3049 auxilio
1229 2947 1297 3050 his
1333 2942 1493 3048 fuerint
1526 2949 1734 3050 adversus
1769 2945 1976 3050 Barbaros

516 3084 616 3192 illos
642 3088 908 3231 Hispaniam
944 3088 1216 3195 obtinentes.
1256 3091 1430 3219 Quibus
1465 3091 1645 3194 interim
1679 3129 1865 3235 magnae
1900 3102 1973 3193 cla·

519 3231 594 3330 des
628 3231 772 3336 illatae
806 3274 905 3338 sunt
941 3238 1100 3340 attritis
1141 3237 1318 3357 Alanis,
1354 3235 1561 3341 Vandalis
1597 3268 1745 3338 autem
1781 3237 1973 3379 silinguis

517 3375 689 3484 Baetica
732 3381 863 3520 pulsis
899 3418 942 3482 et
977 3383 1025 3485 in
1068 3382 1379 3485 Mauritaniam
1415 3380 1611 3514 trajicere
1648 3379 1838 3480 coactis.
1877 3395 1975 3487 Suc-¹

519 3517 644 3620 cessit
677 3557 826 3626 autem
867 3524 1161 3630 Theudeticus
1210 3526 1258 3629 in
1298 3539 1511 3668 Regnum
1552 3520 1977 3667 Vestrogotthorum

517 3659 634 3766 circa
668 3705 832 3772 annum
854 3668 1016 3772 Christi
1050 3667 1531 3814 quadringentesimum
1561 3668 1976 3810 quinquagesimum

520 3807 767 3944 quintum3
822 3854 913 3957 quo
964 3852 1165 3958 tempore
1213 3816 1463 3935 Gisericus,
1521 3813 1600 3955 qui
1647 3819 1873 3912 &ansericus
1921 3809 1980 3912 ab

520 3947 622 4056 aliis.
664 3955 869 4080 dicitur,
915 3972 1013 4063 Rex
1065 3959 1366 4065 Vandalotum
1412 3997 1518 4060 cum
1562 3995 1742 4060 suorum
1788 3965 1980 4056 Mauro-

421 4139 425 4146 ·
480 4130 713 4238 ·1unrque
761 4104 1031 4206 validissimo
1078 4104 1263 4206 exercitu
1304 4104 1353 4204 in
1394 4102 1565 4204 ltaliam
1614 4099 1824 4236 trajecit,
1875 4112 1974 4201 Ro-

519 4273 729 4384 mamque
764 4244 946 4388 diripuit
982 4288 1098 4352 anno
1137 4245 1193 4350 ab
1237 4245 1400 4352 Alarici
1442 4244 1687 4389 direptione
1728 4243 1973 4387 quadrage-e

522 4379 635 4487 simo
677 4387 808 4490 tertio
831 4430 849 4498 ·‚.
891 4424 1144 4533 vastataque
1184 4393 1340 4495 itidem
1382 4391 1627 4532 Campania
1668 4390 1716 4492 in
1756 4381 1973 4503 Africam,

522 4535 644 4654 cujus
665 4537 876 4670 Regnum
901 4534 1164 4653 obtinebat,
1194 4573 1373 4638 onustus
1398 4536 1556 4672 praeda
1582 4533 1836 4634 revertitur.
1874 4529 1974 4629 Ati-

521 4663 563 4772 la
589 4707 771 4812 quoquc
804 4685 911 4774 Rex·
934 4685 1225 4776 Hunnorum·
1241 4689 1458 4780 Venetam
1477 4676 1720 4818 regionem·
1742 4714 1785 4776 et
1815 4680 1976 4773 Trans-

521 4811 741 4956 padanam
788 4819 958 4926 ltaliam
1007 4815 1293 4943 devastabat,
1337 4859 1472 4970 quem
1515 4819 1674 4965 Veneti
1719 4813 1972 5056 firgientpss

521 5027 527 5038 .
965 4987 970 5001 ⁸
1873 4999 1966 5100 pe-
