<?xml version="1.0" encoding="UTF-8"?>
<!DOCTYPE html PUBLIC "-//W3C//DTD XHTML 1.0 Transitional//EN"
    "http://www.w3.org/TR/xhtml1/DTD/xhtml1-transitional.dtd">
<html xmlns="http://www.w3.org/1999/xhtml" xml:lang="en" lang="en">
 <head>
  <title>
</title>
<meta http-equiv="Content-Type" content="text/html;charset=utf-8" />
  <meta name='ocr-system' content='tesseract 3.04.00' />
  <meta name='ocr-capabilities' content='ocr_page ocr_carea ocr_par ocr_line ocrx_word'/>
</head>
<body>
  <div class='ocr_page' id='page_1' title='image "./joannisgenesiis02sepgoog_0166.png"; bbox 0 0 4284 5982; ppageno 0'>
   <div class='ocr_carea' id='block_1_1' title="bbox 553 411 1657 519">
    <p class='ocr_par' dir='ltr' id='par_1_1' title="bbox 553 411 1657 519">
     <span class='ocr_line' id='line_1_1' title="bbox 553 411 1657 519; baseline 0.016 -29"><span class='ocrx_word' id='word_1_1' title='bbox 553 437 576 498; x_wconf 82' lang='lat'><em>2</em></span> <span class='ocrx_word' id='word_1_2' title='bbox 914 413 984 498; x_wconf 82' lang='lat' dir='ltr'>oa</span> <span class='ocrx_word' id='word_1_3' title='bbox 1015 414 1092 519; x_wconf 88' lang='lat' dir='ltr'>J0.</span> <span class='ocrx_word' id='word_1_4' title='bbox 1121 415 1242 495; x_wconf 74' lang='lat' dir='ltr'>orn.</span> <span class='ocrx_word' id='word_1_5' title='bbox 1271 411 1569 497; x_wconf 79' lang='lat' dir='ltr'>sarurvrun&#39;</span> <span class='ocrx_word' id='word_1_6' title='bbox 1654 497 1657 508; x_wconf 86' lang='lat'>.</span> 
     </span>
    </p>
   </div>
   <div class='ocr_carea' id='block_1_2' title="bbox 457 534 1976 2200">
    <p class='ocr_par' dir='ltr' id='par_1_2' title="bbox 457 534 1976 2200">
     <span class='ocr_line' id='line_1_2' title="bbox 512 534 1974 646; baseline -0.001 -25"><span class='ocrx_word' id='word_1_7' title='bbox 512 542 730 646; x_wconf 84' lang='lat' dir='ltr'>originem,</span> <span class='ocrx_word' id='word_1_8' title='bbox 755 534 963 642; x_wconf 68' lang='lat' dir='ltr'>danque·</span> <span class='ocrx_word' id='word_1_9' title='bbox 973 537 1137 622; x_wconf 89' lang='lat' dir='ltr'>homines</span> <span class='ocrx_word' id='word_1_10' title='bbox 1164 565 1351 637; x_wconf 84' lang='lat' dir='ltr'>recenset,</span> <span class='ocrx_word' id='word_1_11' title='bbox 1377 544 1444 644; x_wconf 90' lang='lat' dir='ltr'>qul</span> <span class='ocrx_word' id='word_1_12' title='bbox 1468 543 1622 622; x_wconf 90' lang='lat' dir='ltr'>adeum</span> <span class='ocrx_word' id='word_1_13' title='bbox 1650 535 1748 622; x_wconf 89' lang='lat' dir='ltr'>diem</span> <span class='ocrx_word' id='word_1_14' title='bbox 1761 591 1772 636; x_wconf 93' lang='lat'>,</span> <span class='ocrx_word' id='word_1_15' title='bbox 1785 559 1974 644; x_wconf 78' lang='lat' dir='ltr'>tamquam</span> 
     </span>
     <span class='ocr_line' id='line_1_3' title="bbox 524 643 1975 750; baseline -0.003 -24"><span class='ocrx_word' id='word_1_16' title='bbox 524 671 567 726; x_wconf 85' lang='lat' dir='ltr'>ex</span> <span class='ocrx_word' id='word_1_17' title='bbox 597 672 694 748; x_wconf 92' lang='lat' dir='ltr'>equo</span> <span class='ocrx_word' id='word_1_18' title='bbox 720 643 911 746; x_wconf 76' lang='lat' dir='ltr'>Troiano,</span> <span class='ocrx_word' id='word_1_19' title='bbox 937 643 1021 724; x_wconf 89' lang='lat' dir='ltr'>inde</span> <span class='ocrx_word' id='word_1_20' title='bbox 1047 646 1278 746; x_wconf 84' lang='lat' dir='ltr'>prodiissent.</span> <span class='ocrx_word' id='word_1_21' title='bbox 1303 648 1447 726; x_wconf 89' lang='lat' dir='ltr'>Totum</span> <span class='ocrx_word' id='word_1_22' title='bbox 1472 647 1534 725; x_wconf 90' lang='lat' dir='ltr'>hic</span> <span class='ocrx_word' id='word_1_23' title='bbox 1561 670 1599 727; x_wconf 89' lang='lat' dir='ltr'>se</span> <span class='ocrx_word' id='word_1_24' title='bbox 1625 644 1867 750; x_wconf 79' lang='lat' dir='ltr'>TheologicIs</span> <span class='ocrx_word' id='word_1_25' title='bbox 1893 667 1975 723; x_wconf 92' lang='lat' dir='ltr'>stu-</span> 
     </span>
     <span class='ocr_line' id='line_1_4' title="bbox 522 748 1976 928; baseline 0.001 -101"><span class='ocrx_word' id='word_1_26' title='bbox 522 751 594 827; x_wconf 93' lang='lat' dir='ltr'>diis</span> <span class='ocrx_word' id='word_1_27' title='bbox 616 775 659 829; x_wconf 90' lang='lat' dir='ltr'>ac</span> <span class='ocrx_word' id='word_1_28' title='bbox 683 749 719 829; x_wconf 91' lang='lat' dir='ltr'>S.</span> <span class='ocrx_word' id='word_1_29' title='bbox 740 750 970 928; x_wconf 57' lang='lat' dir='ltr'>Scripgmae,</span> <span class='ocrx_word' id='word_1_30' title='bbox 996 774 1070 850; x_wconf 88' lang='lat' dir='ltr'>qua</span> <span class='ocrx_word' id='word_1_31' title='bbox 1094 751 1342 852; x_wconf 90' lang='lat' dir='ltr'>disputando,</span> <span class='ocrx_word' id='word_1_32' title='bbox 1363 776 1438 853; x_wconf 90' lang='lat' dir='ltr'>qua</span> <span class='ocrx_word' id='word_1_33' title='bbox 1459 749 1712 844; x_wconf 87' lang='lat' dir='ltr'>lucubrando,</span> <span class='ocrx_word' id='word_1_34' title='bbox 1734 751 1786 829; x_wconf 87' lang='lat' dir='ltr'>sic</span> <span class='ocrx_word' id='word_1_35' title='bbox 1812 748 1976 842; x_wconf 83' lang='lat' dir='ltr'>tradidit,</span> 
     </span>
     <span class='ocr_line' id='line_1_5' title="bbox 525 849 1976 955; baseline -0.001 -23"><span class='ocrx_word' id='word_1_36' title='bbox 525 877 569 932; x_wconf 92' lang='lat' dir='ltr'>ut</span> <span class='ocrx_word' id='word_1_37' title='bbox 594 874 631 932; x_wconf 90' lang='lat' dir='ltr'>et</span> <span class='ocrx_word' id='word_1_38' title='bbox 652 849 822 955; x_wconf 88' lang='lat' dir='ltr'>Philosop</span> <span class='ocrx_word' id='word_1_39' title='bbox 852 855 907 932; x_wconf 83' lang='lat' dir='ltr'>&#39;ea</span> <span class='ocrx_word' id='word_1_40' title='bbox 937 853 1119 934; x_wconf 89' lang='lat' dir='ltr'>interdum</span> <span class='ocrx_word' id='word_1_41' title='bbox 1146 873 1381 952; x_wconf 79' lang='lat' dir='ltr'>retractaret,</span> <span class='ocrx_word' id='word_1_42' title='bbox 1406 873 1444 933; x_wconf 93' lang='lat' dir='ltr'>et</span> <span class='ocrx_word' id='word_1_43' title='bbox 1469 852 1790 933; x_wconf 78' lang='lat' dir='ltr'>horIssubsecivis</span> <span class='ocrx_word' id='word_1_44' title='bbox 1818 853 1976 932; x_wconf 87' lang='lat' dir='ltr'>Graecas</span> 
     </span>
     <span class='ocr_line' id='line_1_6' title="bbox 525 955 1975 1063; baseline 0 -28"><span class='ocrx_word' id='word_1_45' title='bbox 525 959 661 1036; x_wconf 90' lang='lat' dir='ltr'>litteras</span> <span class='ocrx_word' id='word_1_46' title='bbox 688 1011 699 1051; x_wconf 99' lang='lat'>,</span> <span class='ocrx_word' id='word_1_47' title='bbox 725 982 815 1058; x_wconf 85' lang='lat' dir='ltr'>quas</span> <span class='ocrx_word' id='word_1_48' title='bbox 835 955 907 1055; x_wconf 82' lang='lat' dir='ltr'>iam</span> <span class='ocrx_word' id='word_1_49' title='bbox 932 957 1016 1038; x_wconf 87' lang='lat' dir='ltr'>inde</span> <span class='ocrx_word' id='word_1_50' title='bbox 1039 986 1060 1038; x_wconf 90' lang='lat' dir='ltr'>a</span> <span class='ocrx_word' id='word_1_51' title='bbox 1081 983 1197 1063; x_wconf 90' lang='lat' dir='ltr'>puero</span> <span class='ocrx_word' id='word_1_52' title='bbox 1222 961 1474 1054; x_wconf 85' lang='lat' dir='ltr'>adamaverat,</span> <span class='ocrx_word' id='word_1_53' title='bbox 1501 983 1538 1038; x_wconf 92' lang='lat' dir='ltr'>er</span> <span class='ocrx_word' id='word_1_54' title='bbox 1564 958 1794 1059; x_wconf 85' lang='lat' dir='ltr'>eloquentiae</span> <span class='ocrx_word' id='word_1_55' title='bbox 1817 957 1975 1036; x_wconf 91' lang='lat' dir='ltr'>Cicero-</span> 
     </span>
     <span class='ocr_line' id='line_1_7' title="bbox 526 1057 1976 1165; baseline 0.001 -25"><span class='ocrx_word' id='word_1_56' title='bbox 526 1064 652 1140; x_wconf 88' lang='lat' dir='ltr'>nianae</span> <span class='ocrx_word' id='word_1_57' title='bbox 684 1058 882 1165; x_wconf 87' lang='lat' dir='ltr'>jungendas</span> <span class='ocrx_word' id='word_1_58' title='bbox 918 1063 1161 1144; x_wconf 85' lang='lat' dir='ltr'>arbitrabatur</span> <span class='ocrx_word' id='word_1_59' title='bbox 1187 1119 1198 1158; x_wconf 90' lang='lat'>,</span> <span class='ocrx_word' id='word_1_60' title='bbox 1224 1066 1449 1165; x_wconf 87' lang='lat' dir='ltr'>respiceret:</span> <span class='ocrx_word' id='word_1_61' title='bbox 1481 1063 1725 1162; x_wconf 78' lang='lat' dir='ltr'>confectoque</span> <span class='ocrx_word' id='word_1_62' title='bbox 1751 1059 1825 1161; x_wconf 82' lang='lat' dir='ltr'>iam</span> <span class='ocrx_word' id='word_1_63' title='bbox 1849 1057 1976 1142; x_wconf 70' lang='lat' dir='ltr'>sacrae</span> 
     </span>
     <span class='ocr_line' id='line_1_8' title="bbox 524 1165 1976 1270; baseline -0.003 -24"><span class='ocrx_word' id='word_1_64' title='bbox 524 1191 609 1246; x_wconf 90' lang='lat' dir='ltr'>tum</span> <span class='ocrx_word' id='word_1_65' title='bbox 636 1167 837 1244; x_wconf 87' lang='lat' dir='ltr'>litterarum</span> <span class='ocrx_word' id='word_1_66' title='bbox 863 1169 1074 1262; x_wconf 82' lang='lat' dir='ltr'>curriculo,</span> <span class='ocrx_word' id='word_1_67' title='bbox 1099 1173 1256 1247; x_wconf 87' lang='lat' dir='ltr'>Romam</span> <span class='ocrx_word' id='word_1_68' title='bbox 1273 1170 1368 1246; x_wconf 89' lang='lat' dir='ltr'>ultro</span> <span class='ocrx_word' id='word_1_69' title='bbox 1392 1165 1543 1246; x_wconf 90' lang='lat' dir='ltr'>honoris</span> <span class='ocrx_word' id='word_1_70' title='bbox 1566 1167 1685 1270; x_wconf 89' lang='lat' dir='ltr'>gratia</span> <span class='ocrx_word' id='word_1_71' title='bbox 1714 1185 1768 1244; x_wconf 83' lang='lat' dir='ltr'>est</span> <span class='ocrx_word' id='word_1_72' title='bbox 1797 1184 1976 1244; x_wconf 85' lang='lat' dir='ltr'>evocatus</span> 
     </span>
     <span class='ocr_line' id='line_1_9' title="bbox 526 1267 1974 1375; baseline -0.001 -29"><span class='ocrx_word' id='word_1_73' title='bbox 526 1270 567 1346; x_wconf 87' lang='lat' dir='ltr'>in</span> <span class='ocrx_word' id='word_1_74' title='bbox 592 1269 767 1349; x_wconf 89' lang='lat' dir='ltr'>familiam</span> <span class='ocrx_word' id='word_1_75' title='bbox 794 1270 884 1347; x_wconf 86' lang='lat' dir='ltr'><strong>Alb.</strong></span> <span class='ocrx_word' id='word_1_76' title='bbox 912 1273 966 1347; x_wconf 93' lang='lat' dir='ltr'>Pii</span> <span class='ocrx_word' id='word_1_77' title='bbox 989 1272 1194 1374; x_wconf 89' lang='lat' dir='ltr'>Carporum</span> <span class='ocrx_word' id='word_1_78' title='bbox 1208 1274 1420 1375; x_wconf 88' lang='lat' dir='ltr'>Principis,</span> <span class='ocrx_word' id='word_1_79' title='bbox 1450 1274 1521 1350; x_wconf 89' lang='lat' dir='ltr'>viri</span> <span class='ocrx_word' id='word_1_80' title='bbox 1549 1295 1622 1348; x_wconf 93' lang='lat' dir='ltr'>non</span> <span class='ocrx_word' id='word_1_81' title='bbox 1655 1267 1766 1347; x_wconf 92' lang='lat' dir='ltr'>modo</span> <span class='ocrx_word' id='word_1_82' title='bbox 1798 1269 1974 1346; x_wconf 88' lang='lat' dir='ltr'>natalium</span> 
     </span>
     <span class='ocr_line' id='line_1_10' title="bbox 527 1372 1967 1478; baseline -0.002 -27"><span class='ocrx_word' id='word_1_83' title='bbox 527 1373 739 1473; x_wconf 84' lang='lat' dir='ltr'>splendore,</span> <span class='ocrx_word' id='word_1_84' title='bbox 767 1373 829 1451; x_wconf 89' lang='lat' dir='ltr'>sed</span> <span class='ocrx_word' id='word_1_85' title='bbox 843 1392 880 1452; x_wconf 90' lang='lat' dir='ltr'>et</span> <span class='ocrx_word' id='word_1_86' title='bbox 894 1373 1146 1478; x_wconf 87' lang='lat' dir='ltr'>Philosophiae</span> <span class='ocrx_word' id='word_1_87' title='bbox 1160 1403 1202 1457; x_wconf 89' lang='lat' dir='ltr'>ac</span> <span class='ocrx_word' id='word_1_88' title='bbox 1215 1375 1442 1477; x_wconf 89' lang='lat' dir='ltr'>Theologiae</span> <span class='ocrx_word' id='word_1_89' title='bbox 1470 1377 1620 1454; x_wconf 89' lang='lat' dir='ltr'>scientia</span> <span class='ocrx_word' id='word_1_90' title='bbox 1639 1372 1730 1452; x_wconf 90' lang='lat' dir='ltr'>adeo</span> <span class='ocrx_word' id='word_1_91' title='bbox 1746 1373 1967 1466; x_wconf 87' lang='lat' dir='ltr'>excellentis,</span> 
     </span>
     <span class='ocr_line' id='line_1_11' title="bbox 528 1477 1975 1580; baseline -0.001 -26"><span class='ocrx_word' id='word_1_92' title='bbox 528 1495 573 1554; x_wconf 91' lang='lat' dir='ltr'>ur</span> <span class='ocrx_word' id='word_1_93' title='bbox 586 1479 791 1580; x_wconf 83' lang='lat' dir='ltr'>aequalium</span> <span class='ocrx_word' id='word_1_94' title='bbox 802 1477 948 1556; x_wconf 84' lang='lat' dir='ltr'>cederet</span> <span class='ocrx_word' id='word_1_95' title='bbox 961 1477 1108 1560; x_wconf 89' lang='lat' dir='ltr'>fortasse</span> <span class='ocrx_word' id='word_1_96' title='bbox 1123 1484 1269 1559; x_wconf 89' lang='lat' dir='ltr'>nemini.</span> <span class='ocrx_word' id='word_1_97' title='bbox 1286 1482 1385 1558; x_wconf 87' lang='lat' dir='ltr'>Huic</span> <span class='ocrx_word' id='word_1_98' title='bbox 1401 1477 1555 1558; x_wconf 88' lang='lat' dir='ltr'>libenter</span> <span class='ocrx_word' id='word_1_99' title='bbox 1580 1477 1783 1556; x_wconf 89' lang='lat' dir='ltr'>studiorum</span> <span class='ocrx_word' id='word_1_100' title='bbox 1809 1497 1884 1554; x_wconf 78' lang='lat' dir='ltr'>sese</span> <span class='ocrx_word' id='word_1_101' title='bbox 1903 1498 1975 1552; x_wconf 86' lang='lat' dir='ltr'>so·</span> 
     </span>
     <span class='ocr_line' id='line_1_12' title="bbox 527 1580 1974 1686; baseline -0.003 -26"><span class='ocrx_word' id='word_1_102' title='bbox 527 1581 628 1660; x_wconf 84' lang='lat' dir='ltr'>rium</span> <span class='ocrx_word' id='word_1_103' title='bbox 643 1581 817 1660; x_wconf 88' lang='lat' dir='ltr'>Genesius</span> <span class='ocrx_word' id='word_1_104' title='bbox 837 1580 1026 1682; x_wconf 88' lang='lat' dir='ltr'>adjunxit,</span> <span class='ocrx_word' id='word_1_105' title='bbox 1060 1587 1149 1686; x_wconf 90' lang='lat' dir='ltr'>qui,</span> <span class='ocrx_word' id='word_1_106' title='bbox 1173 1607 1214 1663; x_wconf 92' lang='lat' dir='ltr'>ut</span> <span class='ocrx_word' id='word_1_107' title='bbox 1242 1587 1281 1663; x_wconf 91' lang='lat' dir='ltr'>in</span> <span class='ocrx_word' id='word_1_108' title='bbox 1301 1583 1487 1686; x_wconf 78' lang='lat' dir='ltr'>Apologia</span> <span class='ocrx_word' id='word_1_109' title='bbox 1511 1581 1679 1662; x_wconf 87' lang='lat' dir='ltr'>adversus</span> <span class='ocrx_word' id='word_1_110' title='bbox 1700 1581 1885 1656; x_wconf 77' lang='lat' dir='ltr'>Erasmtm</span> <span class='ocrx_word' id='word_1_111' title='bbox 1914 1591 1974 1656; x_wconf 50' lang='lat' dir='ltr'>re*</span> 
     </span>
     <span class='ocr_line' id='line_1_13' title="bbox 527 1681 1972 1788; baseline -0.001 -26"><span class='ocrx_word' id='word_1_112' title='bbox 527 1702 664 1764; x_wconf 83' lang='lat' dir='ltr'>statum</span> <span class='ocrx_word' id='word_1_113' title='bbox 687 1687 765 1786; x_wconf 87' lang='lat' dir='ltr'>ipse</span> <span class='ocrx_word' id='word_1_114' title='bbox 787 1685 958 1788; x_wconf 91' lang='lat' dir='ltr'>reliquit,</span> <span class='ocrx_word' id='word_1_115' title='bbox 980 1707 1054 1764; x_wconf 91' lang='lat' dir='ltr'>tam</span> <span class='ocrx_word' id='word_1_116' title='bbox 1077 1686 1277 1766; x_wconf 79' lang='lat' dir='ltr'>honorilice</span> <span class='ocrx_word' id='word_1_117' title='bbox 1301 1710 1462 1786; x_wconf 86' lang='lat' dir='ltr'>semper,</span> <span class='ocrx_word' id='word_1_118' title='bbox 1476 1705 1623 1786; x_wconf 90' lang='lat' dir='ltr'>tamque</span> <span class='ocrx_word' id='word_1_119' title='bbox 1647 1703 1807 1762; x_wconf 86' lang='lat' dir='ltr'>amanter</span> <span class='ocrx_word' id='word_1_120' title='bbox 1838 1681 1972 1760; x_wconf 91' lang='lat' dir='ltr'>multos</span> 
     </span>
     <span class='ocr_line' id='line_1_14' title="bbox 457 1782 1970 1892; baseline -0.006 -22"><span class='ocrx_word' id='word_1_121' title='bbox 457 1787 458 1791; x_wconf 49' lang='lat'>‘</span> <span class='ocrx_word' id='word_1_122' title='bbox 527 1813 640 1870; x_wconf 81' lang='lat' dir='ltr'>annos</span> <span class='ocrx_word' id='word_1_123' title='bbox 663 1791 748 1868; x_wconf 79' lang='lat' dir='ltr'>eum</span> <span class='ocrx_word' id='word_1_124' title='bbox 772 1791 966 1883; x_wconf 88' lang='lat' dir='ltr'>tractavit,</span> <span class='ocrx_word' id='word_1_125' title='bbox 990 1788 1082 1868; x_wconf 88' lang='lat' dir='ltr'>nihil</span> <span class='ocrx_word' id='word_1_126' title='bbox 1107 1812 1149 1869; x_wconf 95' lang='lat' dir='ltr'>ut</span> <span class='ocrx_word' id='word_1_127' title='bbox 1173 1792 1320 1869; x_wconf 89' lang='lat' dir='ltr'>honoris</span> <span class='ocrx_word' id='word_1_128' title='bbox 1335 1843 1346 1884; x_wconf 90' lang='lat'>,</span> <span class='ocrx_word' id='word_1_129' title='bbox 1361 1792 1419 1870; x_wconf 88' lang='lat' dir='ltr'>vel</span> <span class='ocrx_word' id='word_1_130' title='bbox 1448 1789 1706 1892; x_wconf 82' lang='lat' dir='ltr'>benignitatis,</span> <span class='ocrx_word' id='word_1_131' title='bbox 1739 1787 1795 1866; x_wconf 89' lang='lat' dir='ltr'>vel</span> <span class='ocrx_word' id='word_1_132' title='bbox 1811 1782 1970 1885; x_wconf 80' lang='lat' dir='ltr'>denique</span> 
     </span>
     <span class='ocr_line' id='line_1_15' title="bbox 530 1887 1970 1998; baseline -0.001 -30"><span class='ocrx_word' id='word_1_133' title='bbox 530 1887 666 1970; x_wconf 84' lang='lat' dir='ltr'>favoris</span> <span class='ocrx_word' id='word_1_134' title='bbox 697 1895 872 1990; x_wconf 90' lang='lat' dir='ltr'>cuiquam</span> <span class='ocrx_word' id='word_1_135' title='bbox 904 1916 1053 1998; x_wconf 85' lang='lat' dir='ltr'>suornm</span> <span class='ocrx_word' id='word_1_136' title='bbox 1083 1894 1278 1988; x_wconf 88' lang='lat' dir='ltr'>tribuerit,</span> <span class='ocrx_word' id='word_1_137' title='bbox 1304 1891 1404 1994; x_wconf 93' lang='lat' dir='ltr'>quod</span> <span class='ocrx_word' id='word_1_138' title='bbox 1431 1894 1583 1970; x_wconf 91' lang='lat' dir='ltr'>illinon</span> <span class='ocrx_word' id='word_1_139' title='bbox 1610 1889 1722 1969; x_wconf 86' lang='lat' dir='ltr'>fuerit</span> <span class='ocrx_word' id='word_1_140' title='bbox 1745 1913 1830 1966; x_wconf 90' lang='lat' dir='ltr'>sane</span> <span class='ocrx_word' id='word_1_141' title='bbox 1852 1889 1970 1967; x_wconf 85' lang='lat' dir='ltr'>libens</span> 
     </span>
     <span class='ocr_line' id='line_1_16' title="bbox 527 1989 1967 2098; baseline -0.003 -26"><span class='ocrx_word' id='word_1_142' title='bbox 527 1997 744 2094; x_wconf 90' lang='lat' dir='ltr'>impertitus.</span> <span class='ocrx_word' id='word_1_143' title='bbox 767 1997 852 2072; x_wconf 87' lang='lat' dir='ltr'>Erat</span> <span class='ocrx_word' id='word_1_144' title='bbox 866 1997 905 2071; x_wconf 91' lang='lat' dir='ltr'>in</span> <span class='ocrx_word' id='word_1_145' title='bbox 920 1994 1026 2074; x_wconf 90' lang='lat' dir='ltr'>docta</span> <span class='ocrx_word' id='word_1_146' title='bbox 1048 1999 1110 2076; x_wconf 88' lang='lat' dir='ltr'>illa</span> <span class='ocrx_word' id='word_1_147' title='bbox 1131 1996 1269 2076; x_wconf 86' lang='lat' dir='ltr'>familia</span> <span class='ocrx_word' id='word_1_148' title='bbox 1292 2003 1384 2098; x_wconf 83' lang='lat' dir='ltr'>(seu</span> <span class='ocrx_word' id='word_1_149' title='bbox 1398 1996 1629 2074; x_wconf 82' lang='lat' dir='ltr'>Athenaeum</span> <span class='ocrx_word' id='word_1_150' title='bbox 1651 1993 1829 2094; x_wconf 92' lang='lat' dir='ltr'>appellare</span> <span class='ocrx_word' id='word_1_151' title='bbox 1853 1989 1967 2084; x_wconf 85' lang='lat' dir='ltr'>libet)</span> 
     </span>
     <span class='ocr_line' id='line_1_17' title="bbox 527 2096 1968 2200; baseline 0 -26"><span class='ocrx_word' id='word_1_152' title='bbox 527 2096 722 2176; x_wconf 91' lang='lat' dir='ltr'>doctorum</span> <span class='ocrx_word' id='word_1_153' title='bbox 748 2096 967 2191; x_wconf 90' lang='lat' dir='ltr'>hominum,</span> <span class='ocrx_word' id='word_1_154' title='bbox 991 2123 1064 2177; x_wconf 91' lang='lat' dir='ltr'>non</span> <span class='ocrx_word' id='word_1_155' title='bbox 1086 2121 1342 2180; x_wconf 87' lang='lat' dir='ltr'>assentatorum</span> <span class='ocrx_word' id='word_1_156' title='bbox 1359 2101 1489 2200; x_wconf 91' lang='lat' dir='ltr'>copia,</span> <span class='ocrx_word' id='word_1_157' title='bbox 1519 2097 1636 2175; x_wconf 90' lang='lat' dir='ltr'>Aldus</span> <span class='ocrx_word' id='word_1_158' title='bbox 1650 2097 1840 2175; x_wconf 90' lang='lat' dir='ltr'>Manutius</span> <span class='ocrx_word' id='word_1_159' title='bbox 1855 2096 1968 2174; x_wconf 87' lang='lat' dir='ltr'>Rom.</span> 
     </span>
    </p>
   </div>
   <div class='ocr_carea' id='block_1_3' title="bbox 294 2198 1969 2305">
    <p class='ocr_par' dir='ltr' id='par_1_3' title="bbox 294 2198 1969 2305">
     <span class='ocr_line' id='line_1_18' title="bbox 294 2198 1969 2305; baseline -0.004 -24"><span class='ocrx_word' id='word_1_160' title='bbox 294 2220 297 2227; x_wconf 84' lang='grc'><strong>“</strong></span> <span class='ocrx_word' id='word_1_161' title='bbox 419 2243 423 2247; x_wconf 91' lang='grc'><em>·</em></span> <span class='ocrx_word' id='word_1_162' title='bbox 528 2222 568 2280; x_wconf 87' lang='lat' dir='ltr'>et</span> <span class='ocrx_word' id='word_1_163' title='bbox 589 2203 738 2281; x_wconf 87' lang='lat' dir='ltr'>Marcus</span> <span class='ocrx_word' id='word_1_164' title='bbox 760 2202 935 2279; x_wconf 90' lang='lat' dir='ltr'>Musurus</span> <span class='ocrx_word' id='word_1_165' title='bbox 956 2203 1162 2283; x_wconf 89' lang='lat' dir='ltr'>Cretensis:</span> <span class='ocrx_word' id='word_1_166' title='bbox 1192 2230 1268 2304; x_wconf 93' lang='lat' dir='ltr'>quo</span> <span class='ocrx_word' id='word_1_167' title='bbox 1291 2203 1441 2305; x_wconf 93' lang='lat' dir='ltr'>quidem</span> <span class='ocrx_word' id='word_1_168' title='bbox 1467 2205 1626 2280; x_wconf 86' lang='lat' dir='ltr'>Graecae</span> <span class='ocrx_word' id='word_1_169' title='bbox 1647 2202 1814 2302; x_wconf 89' lang='lat' dir='ltr'>linguae,</span> <span class='ocrx_word' id='word_1_170' title='bbox 1837 2221 1877 2274; x_wconf 93' lang='lat' dir='ltr'>ut</span> <span class='ocrx_word' id='word_1_171' title='bbox 1902 2198 1969 2274; x_wconf 92' lang='lat' dir='ltr'>illo</span> 
     </span>
    </p>
   </div>
   <div class='ocr_carea' id='block_1_4' title="bbox 528 2303 1969 2407">
    <p class='ocr_par' dir='ltr' id='par_1_4' title="bbox 528 2303 1969 2407">
     <span class='ocr_line' id='line_1_19' title="bbox 528 2303 1969 2407; baseline -0.003 -25"><span class='ocrx_word' id='word_1_172' title='bbox 528 2303 680 2383; x_wconf 84' lang='lat' dir='ltr'>Latinae</span> <span class='ocrx_word' id='word_1_173' title='bbox 705 2327 789 2381; x_wconf 89' lang='lat' dir='ltr'>usus</span> <span class='ocrx_word' id='word_1_174' title='bbox 812 2303 962 2384; x_wconf 91' lang='lat' dir='ltr'>doctore</span> <span class='ocrx_word' id='word_1_175' title='bbox 984 2307 1159 2387; x_wconf 89' lang='lat' dir='ltr'>Albertus</span> <span class='ocrx_word' id='word_1_176' title='bbox 1188 2307 1331 2388; x_wconf 85' lang='lat' dir='ltr'>fuerat:</span> <span class='ocrx_word' id='word_1_177' title='bbox 1357 2303 1526 2407; x_wconf 88' lang='lat' dir='ltr'>Triphon</span> <span class='ocrx_word' id='word_1_178' title='bbox 1549 2303 1749 2407; x_wconf 87' lang='lat' dir='ltr'>Byzantius</span> <span class='ocrx_word' id='word_1_179' title='bbox 1777 2303 1969 2400; x_wconf 85' lang='lat' dir='ltr'>utriusque</span> 
     </span>
    </p>
   </div>
   <div class='ocr_carea' id='block_1_5' title="bbox 526 2393 2136 2513">
    <p class='ocr_par' dir='ltr' id='par_1_5' title="bbox 526 2393 2136 2513">
     <span class='ocr_line' id='line_1_20' title="bbox 526 2393 2136 2513; baseline -0.022 -5"><span class='ocrx_word' id='word_1_180' title='bbox 526 2409 664 2507; x_wconf 88' lang='lat' dir='ltr'>peritus</span> <span class='ocrx_word' id='word_1_181' title='bbox 694 2409 863 2510; x_wconf 78' lang='lat' dir='ltr'>linguae:</span> <span class='ocrx_word' id='word_1_182' title='bbox 889 2409 1017 2488; x_wconf 90' lang='lat' dir='ltr'>Petrus</span> <span class='ocrx_word' id='word_1_183' title='bbox 1053 2435 1203 2513; x_wconf 89' lang='lat' dir='ltr'>quoque</span> <span class='ocrx_word' id='word_1_184' title='bbox 1233 2413 1515 2510; x_wconf 87' lang='lat' dir='ltr'>Pomponatius,</span> <span class='ocrx_word' id='word_1_185' title='bbox 1542 2427 1579 2486; x_wconf 93' lang='lat' dir='ltr'>et</span> <span class='ocrx_word' id='word_1_186' title='bbox 1608 2407 1763 2510; x_wconf 87' lang='lat' dir='ltr'>Joannes</span> <span class='ocrx_word' id='word_1_187' title='bbox 1788 2403 1970 2482; x_wconf 89' lang='lat' dir='ltr'>Monsdo·</span> <span class='ocrx_word' id='word_1_188' title='bbox 2023 2433 2029 2438; x_wconf 76' lang='lat'>-</span> <span class='ocrx_word' id='word_1_189' title='bbox 2135 2393 2136 2400; x_wconf 63' lang='lat'><em>&#39;</em></span> 
     </span>
    </p>
   </div>
   <div class='ocr_carea' id='block_1_6' title="bbox 468 2509 1970 5064">
    <p class='ocr_par' dir='ltr' id='par_1_6' title="bbox 468 2509 1970 5064">
     <span class='ocr_line' id='line_1_21' title="bbox 526 2509 1968 2615; baseline -0.003 -27"><span class='ocrx_word' id='word_1_190' title='bbox 526 2533 593 2588; x_wconf 91' lang='lat' dir='ltr'>cus</span> <span class='ocrx_word' id='word_1_191' title='bbox 623 2513 873 2612; x_wconf 84' lang='lat' dir='ltr'>Hispalensis,</span> <span class='ocrx_word' id='word_1_192' title='bbox 906 2515 972 2613; x_wconf 87' lang='lat' dir='ltr'>qui</span> <span class='ocrx_word' id='word_1_193' title='bbox 1005 2533 1086 2612; x_wconf 91' lang='lat' dir='ltr'>post</span> <span class='ocrx_word' id='word_1_194' title='bbox 1119 2513 1374 2614; x_wconf 91' lang='lat' dir='ltr'>Philosophiae</span> <span class='ocrx_word' id='word_1_195' title='bbox 1405 2513 1566 2615; x_wconf 84' lang='lat' dir='ltr'>magistri</span> <span class='ocrx_word' id='word_1_196' title='bbox 1601 2511 1749 2612; x_wconf 88' lang='lat' dir='ltr'>publice</span> <span class='ocrx_word' id='word_1_197' title='bbox 1787 2509 1968 2587; x_wconf 89' lang='lat' dir='ltr'>inclarue-</span> 
     </span>
     <span class='ocr_line' id='line_1_22' title="bbox 528 2612 1967 2718; baseline -0.001 -30"><span class='ocrx_word' id='word_1_198' title='bbox 528 2632 641 2707; x_wconf 90' lang='lat' dir='ltr'>runt,</span> <span class='ocrx_word' id='word_1_199' title='bbox 664 2614 726 2691; x_wconf 92' lang='lat' dir='ltr'>ille</span> <span class='ocrx_word' id='word_1_200' title='bbox 743 2613 950 2709; x_wconf 89' lang='lat' dir='ltr'>Bononiae,</span> <span class='ocrx_word' id='word_1_201' title='bbox 975 2613 1037 2698; x_wconf 89' lang='lat' dir='ltr'>hic</span> <span class='ocrx_word' id='word_1_202' title='bbox 1053 2617 1143 2694; x_wconf 88' lang='lat' dir='ltr'>Pisis</span> <span class='ocrx_word' id='word_1_203' title='bbox 1169 2639 1207 2698; x_wconf 89' lang='lat' dir='ltr'>et</span> <span class='ocrx_word' id='word_1_204' title='bbox 1229 2619 1381 2696; x_wconf 87' lang='lat' dir='ltr'>Patavii.</span> <span class='ocrx_word' id='word_1_205' title='bbox 1396 2615 1583 2718; x_wconf 87' lang='lat' dir='ltr'>Theologi</span> <span class='ocrx_word' id='word_1_206' title='bbox 1615 2638 1765 2715; x_wconf 91' lang='lat' dir='ltr'>quoque</span> <span class='ocrx_word' id='word_1_207' title='bbox 1798 2612 1967 2713; x_wconf 90' lang='lat' dir='ltr'>complu·</span> 
     </span>
     <span class='ocr_line' id='line_1_23' title="bbox 526 2712 1968 2823; baseline 0.001 -33"><span class='ocrx_word' id='word_1_208' title='bbox 526 2737 583 2792; x_wconf 90' lang='lat' dir='ltr'>res</span> <span class='ocrx_word' id='word_1_209' title='bbox 607 2717 670 2794; x_wconf 89' lang='lat' dir='ltr'>alii</span> <span class='ocrx_word' id='word_1_210' title='bbox 690 2714 753 2794; x_wconf 90' lang='lat' dir='ltr'>hic</span> <span class='ocrx_word' id='word_1_211' title='bbox 767 2717 1016 2797; x_wconf 89' lang='lat' dir='ltr'>cernebantur.</span> <span class='ocrx_word' id='word_1_212' title='bbox 1046 2722 1163 2823; x_wconf 91' lang='lat' dir='ltr'>Igitur</span> <span class='ocrx_word' id='word_1_213' title='bbox 1191 2723 1309 2798; x_wconf 91' lang='lat' dir='ltr'>otium</span> <span class='ocrx_word' id='word_1_214' title='bbox 1334 2744 1486 2812; x_wconf 87' lang='lat' dir='ltr'>nactus,</span> <span class='ocrx_word' id='word_1_215' title='bbox 1511 2719 1705 2796; x_wconf 89' lang='lat' dir='ltr'>liberaliter</span> <span class='ocrx_word' id='word_1_216' title='bbox 1720 2717 1895 2794; x_wconf 89' lang='lat' dir='ltr'>Genesius</span> <span class='ocrx_word' id='word_1_217' title='bbox 1920 2712 1968 2791; x_wconf 91' lang='lat' dir='ltr'>ad</span> 
     </span>
     <span class='ocr_line' id='line_1_24' title="bbox 527 2814 1969 2926; baseline -0.001 -30"><span class='ocrx_word' id='word_1_218' title='bbox 527 2818 873 2915; x_wconf 90' lang='lat' dir='ltr'>commentandum,</span> <span class='ocrx_word' id='word_1_219' title='bbox 897 2823 1099 2925; x_wconf 89' lang='lat' dir='ltr'>litterisque</span> <span class='ocrx_word' id='word_1_220' title='bbox 1113 2822 1381 2918; x_wconf 90' lang='lat' dir='ltr'>mandandum,</span> <span class='ocrx_word' id='word_1_221' title='bbox 1406 2846 1501 2926; x_wconf 89' lang='lat' dir='ltr'>quae</span> <span class='ocrx_word' id='word_1_222' title='bbox 1530 2821 1671 2922; x_wconf 87' lang='lat' dir='ltr'>pridem</span> <span class='ocrx_word' id='word_1_223' title='bbox 1700 2819 1872 2898; x_wconf 86' lang='lat' dir='ltr'>meditata</span> <span class='ocrx_word' id='word_1_224' title='bbox 1900 2814 1969 2894; x_wconf 88' lang='lat' dir='ltr'>ha·</span> 
     </span>
     <span class='ocr_line' id='line_1_25' title="bbox 529 2920 1969 3031; baseline -0.003 -31"><span class='ocrx_word' id='word_1_225' title='bbox 529 2920 658 3017; x_wconf 91' lang='lat' dir='ltr'>beret,</span> <span class='ocrx_word' id='word_1_226' title='bbox 680 2924 840 3002; x_wconf 89' lang='lat' dir='ltr'>animum</span> <span class='ocrx_word' id='word_1_227' title='bbox 867 2925 1002 3004; x_wconf 87' lang='lat' dir='ltr'>attulit.</span> <span class='ocrx_word' id='word_1_228' title='bbox 1024 2929 1198 3025; x_wconf 87' lang='lat' dir='ltr'>Cumque</span> <span class='ocrx_word' id='word_1_229' title='bbox 1223 2951 1390 3031; x_wconf 92' lang='lat' dir='ltr'>magnam</span> <span class='ocrx_word' id='word_1_230' title='bbox 1412 2950 1486 3004; x_wconf 92' lang='lat' dir='ltr'>esse</span> <span class='ocrx_word' id='word_1_231' title='bbox 1510 2927 1660 3003; x_wconf 90' lang='lat' dir='ltr'>oratoris</span> <span class='ocrx_word' id='word_1_232' title='bbox 1678 2923 1828 3011; x_wconf 87' lang='lat' dir='ltr'>laudem</span> <span class='ocrx_word' id='word_1_233' title='bbox 1849 2923 1889 2996; x_wconf 92' lang='lat' dir='ltr'>in</span> <span class='ocrx_word' id='word_1_234' title='bbox 1914 2922 1969 2996; x_wconf 89' lang='lat' dir='ltr'>in·</span> 
     </span>
     <span class='ocr_line' id='line_1_26' title="bbox 527 3024 1970 3131; baseline -0.003 -28"><span class='ocrx_word' id='word_1_235' title='bbox 527 3024 757 3126; x_wconf 91' lang='lat' dir='ltr'>terpretando</span> <span class='ocrx_word' id='word_1_236' title='bbox 778 3025 996 3123; x_wconf 89' lang='lat' dir='ltr'>didicisset,</span> <span class='ocrx_word' id='word_1_237' title='bbox 1017 3051 1055 3110; x_wconf 90' lang='lat' dir='ltr'>et</span> <span class='ocrx_word' id='word_1_238' title='bbox 1078 3053 1185 3131; x_wconf 88' lang='lat' dir='ltr'>penes</span> <span class='ocrx_word' id='word_1_239' title='bbox 1199 3031 1357 3110; x_wconf 90' lang='lat' dir='ltr'>Graecos</span> <span class='ocrx_word' id='word_1_240' title='bbox 1375 3027 1642 3130; x_wconf 88' lang='lat' dir='ltr'>philosophiam</span> <span class='ocrx_word' id='word_1_241' title='bbox 1663 3049 1736 3106; x_wconf 89' lang='lat' dir='ltr'>esse</span> <span class='ocrx_word' id='word_1_242' title='bbox 1752 3079 1764 3118; x_wconf 92' lang='lat'>,</span> <span class='ocrx_word' id='word_1_243' title='bbox 1779 3049 1874 3127; x_wconf 88' lang='lat' dir='ltr'>quae</span> <span class='ocrx_word' id='word_1_244' title='bbox 1888 3049 1970 3100; x_wconf 89' lang='lat' dir='ltr'>mu·</span> 
     </span>
     <span class='ocr_line' id='line_1_27' title="bbox 529 3126 1968 3236; baseline -0.003 -30"><span class='ocrx_word' id='word_1_245' title='bbox 529 3144 568 3206; x_wconf 86' lang='lat' dir='ltr'>ra</span> <span class='ocrx_word' id='word_1_246' title='bbox 586 3128 715 3208; x_wconf 88' lang='lat' dir='ltr'>adhuc</span> <span class='ocrx_word' id='word_1_247' title='bbox 742 3130 839 3232; x_wconf 92' lang='lat' dir='ltr'>apud</span> <span class='ocrx_word' id='word_1_248' title='bbox 860 3132 1007 3210; x_wconf 88' lang='lat' dir='ltr'>Latinos</span> <span class='ocrx_word' id='word_1_249' title='bbox 1033 3132 1193 3233; x_wconf 82' lang='lat' dir='ltr'>jaceret,</span> <span class='ocrx_word' id='word_1_250' title='bbox 1214 3155 1425 3236; x_wconf 89' lang='lat' dir='ltr'>catetetque</span> <span class='ocrx_word' id='word_1_251' title='bbox 1452 3132 1653 3210; x_wconf 89' lang='lat' dir='ltr'>litterarum</span> <span class='ocrx_word' id='word_1_252' title='bbox 1676 3131 1844 3210; x_wconf 82' lang='lat' dir='ltr'>lumines</span> <span class='ocrx_word' id='word_1_253' title='bbox 1875 3126 1968 3206; x_wconf 89' lang='lat' dir='ltr'>Ari·</span> 
     </span>
     <span class='ocr_line' id='line_1_28' title="bbox 528 3231 1966 3338; baseline -0.003 -30"><span class='ocrx_word' id='word_1_254' title='bbox 528 3233 666 3312; x_wconf 89' lang='lat' dir='ltr'>stotelis</span> <span class='ocrx_word' id='word_1_255' title='bbox 680 3235 937 3335; x_wconf 84' lang='lat' dir='ltr'>Peripateticae</span> <span class='ocrx_word' id='word_1_256' title='bbox 959 3235 1102 3316; x_wconf 87' lang='lat' dir='ltr'>scholae</span> <span class='ocrx_word' id='word_1_257' title='bbox 1123 3239 1295 3338; x_wconf 86' lang='lat' dir='ltr'>principis</span> <span class='ocrx_word' id='word_1_258' title='bbox 1319 3239 1430 3315; x_wconf 93' lang='lat' dir='ltr'>libros</span> <span class='ocrx_word' id='word_1_259' title='bbox 1456 3236 1658 3337; x_wconf 89' lang='lat' dir='ltr'>quosdam,</span> <span class='ocrx_word' id='word_1_260' title='bbox 1682 3233 1865 3312; x_wconf 88' lang='lat' dir='ltr'>Bononiae</span> <span class='ocrx_word' id='word_1_261' title='bbox 1887 3231 1966 3330; x_wconf 92' lang='lat' dir='ltr'>pti-</span> 
     </span>
     <span class='ocr_line' id='line_1_29' title="bbox 530 3336 1967 3444; baseline 0.002 -33"><span class='ocrx_word' id='word_1_262' title='bbox 530 3359 658 3428; x_wconf 91' lang='lat' dir='ltr'>mum,</span> <span class='ocrx_word' id='word_1_263' title='bbox 685 3346 767 3436; x_wconf 90' lang='lat' dir='ltr'>post</span> <span class='ocrx_word' id='word_1_264' title='bbox 789 3341 898 3416; x_wconf 89' lang='lat' dir='ltr'>etiam</span> <span class='ocrx_word' id='word_1_265' title='bbox 921 3341 1060 3420; x_wconf 87' lang='lat' dir='ltr'>Romae</span> <span class='ocrx_word' id='word_1_266' title='bbox 1081 3343 1120 3416; x_wconf 92' lang='lat' dir='ltr'>in</span> <span class='ocrx_word' id='word_1_267' title='bbox 1145 3342 1206 3418; x_wconf 89' lang='lat' dir='ltr'>illa</span> <span class='ocrx_word' id='word_1_268' title='bbox 1230 3343 1363 3444; x_wconf 89' lang='lat' dir='ltr'>viginti</span> <span class='ocrx_word' id='word_1_269' title='bbox 1382 3341 1540 3417; x_wconf 91' lang='lat' dir='ltr'>duorum</span> <span class='ocrx_word' id='word_1_270' title='bbox 1560 3359 1736 3416; x_wconf 89' lang='lat' dir='ltr'>annorum</span> <span class='ocrx_word' id='word_1_271' title='bbox 1756 3336 1881 3414; x_wconf 82' lang='lat' dir='ltr'>nauca</span> <span class='ocrx_word' id='word_1_272' title='bbox 1903 3357 1967 3433; x_wconf 86' lang='lat' dir='ltr'>pe-</span> 
     </span>
     <span class='ocr_line' id='line_1_30' title="bbox 527 3439 1964 3540; baseline 0 -26"><span class='ocrx_word' id='word_1_273' title='bbox 527 3440 807 3540; x_wconf 88' lang='lat' dir='ltr'>regrinatione,</span> <span class='ocrx_word' id='word_1_274' title='bbox 841 3443 1037 3520; x_wconf 91' lang='lat' dir='ltr'>Latinitate</span> <span class='ocrx_word' id='word_1_275' title='bbox 1077 3443 1238 3523; x_wconf 87' lang='lat' dir='ltr'>donavit.</span> <span class='ocrx_word' id='word_1_276' title='bbox 1275 3442 1589 3522; x_wconf 79' lang='lat' dir='ltr'>Animadverterat</span> <span class='ocrx_word' id='word_1_277' title='bbox 1627 3443 1724 3518; x_wconf 92' lang='lat' dir='ltr'>enim</span> <span class='ocrx_word' id='word_1_278' title='bbox 1762 3439 1964 3540; x_wconf 87' lang='lat' dir='ltr'>elegantius</span> 
     </span>
     <span class='ocr_line' id='line_1_31' title="bbox 530 3542 1965 3650; baseline -0.001 -32"><span class='ocrx_word' id='word_1_279' title='bbox 530 3542 726 3642; x_wconf 89' lang='lat' dir='ltr'>quosdam,</span> <span class='ocrx_word' id='word_1_280' title='bbox 747 3567 858 3644; x_wconf 90' lang='lat' dir='ltr'>qnam</span> <span class='ocrx_word' id='word_1_281' title='bbox 888 3548 1010 3625; x_wconf 91' lang='lat' dir='ltr'>verius</span> <span class='ocrx_word' id='word_1_282' title='bbox 1023 3601 1034 3640; x_wconf 94' lang='lat'>,</span> <span class='ocrx_word' id='word_1_283' title='bbox 1049 3569 1148 3626; x_wconf 90' lang='lat' dir='ltr'>sensa</span> <span class='ocrx_word' id='word_1_284' title='bbox 1170 3544 1383 3650; x_wconf 87' lang='lat' dir='ltr'>Philosophi</span> <span class='ocrx_word' id='word_1_285' title='bbox 1415 3545 1596 3637; x_wconf 88' lang='lat' dir='ltr'>reddere,</span> <span class='ocrx_word' id='word_1_286' title='bbox 1627 3563 1665 3622; x_wconf 89' lang='lat' dir='ltr'>et</span> <span class='ocrx_word' id='word_1_287' title='bbox 1695 3542 1965 3632; x_wconf 85' lang='lat' dir='ltr'>Ciceronianus,</span> 
     </span>
     <span class='ocr_line' id='line_1_32' title="bbox 529 3643 1965 3749; baseline 0 -28"><span class='ocrx_word' id='word_1_288' title='bbox 529 3667 642 3744; x_wconf 89' lang='lat' dir='ltr'>quam</span> <span class='ocrx_word' id='word_1_289' title='bbox 657 3647 893 3726; x_wconf 90' lang='lat' dir='ltr'>Aristotelcos</span> <span class='ocrx_word' id='word_1_290' title='bbox 908 3649 1025 3728; x_wconf 89' lang='lat' dir='ltr'>videri</span> <span class='ocrx_word' id='word_1_291' title='bbox 1049 3675 1087 3728; x_wconf 89' lang='lat' dir='ltr'>se</span> <span class='ocrx_word' id='word_1_292' title='bbox 1113 3651 1301 3743; x_wconf 89' lang='lat' dir='ltr'>maluisse,</span> <span class='ocrx_word' id='word_1_293' title='bbox 1329 3673 1371 3728; x_wconf 94' lang='lat' dir='ltr'>ut</span> <span class='ocrx_word' id='word_1_294' title='bbox 1398 3651 1654 3749; x_wconf 89' lang='lat' dir='ltr'>Alcyonium,</span> <span class='ocrx_word' id='word_1_295' title='bbox 1682 3664 1723 3724; x_wconf 92' lang='lat' dir='ltr'>ut</span> <span class='ocrx_word' id='word_1_296' title='bbox 1746 3643 1965 3721; x_wconf 90' lang='lat' dir='ltr'>Perionium.</span> 
     </span>
     <span class='ocr_line' id='line_1_33' title="bbox 528 3744 1966 3851; baseline -0.005 -25"><span class='ocrx_word' id='word_1_297' title='bbox 528 3747 728 3827; x_wconf 85' lang='lat' dir='ltr'>Convertit</span> <span class='ocrx_word' id='word_1_298' title='bbox 753 3753 849 3828; x_wconf 89' lang='lat' dir='ltr'>enim</span> <span class='ocrx_word' id='word_1_299' title='bbox 879 3752 970 3830; x_wconf 93' lang='lat' dir='ltr'>duos</span> <span class='ocrx_word' id='word_1_300' title='bbox 998 3755 1043 3829; x_wconf 88' lang='lat' dir='ltr'>de</span> <span class='ocrx_word' id='word_1_301' title='bbox 1073 3769 1158 3829; x_wconf 86' lang='lat' dir='ltr'>orto</span> <span class='ocrx_word' id='word_1_302' title='bbox 1186 3769 1224 3829; x_wconf 86' lang='lat' dir='ltr'>et</span> <span class='ocrx_word' id='word_1_303' title='bbox 1257 3757 1415 3829; x_wconf 85' lang='lat' dir='ltr'>interita</span> <span class='ocrx_word' id='word_1_304' title='bbox 1447 3753 1592 3844; x_wconf 91' lang='lat' dir='ltr'>libros,</span> <span class='ocrx_word' id='word_1_305' title='bbox 1619 3773 1657 3830; x_wconf 92' lang='lat' dir='ltr'>et</span> <span class='ocrx_word' id='word_1_306' title='bbox 1689 3767 1846 3851; x_wconf 87' lang='lat' dir='ltr'>quatuor</span> <span class='ocrx_word' id='word_1_307' title='bbox 1875 3744 1966 3820; x_wconf 86' lang='lat' dir='ltr'>Me·</span> 
     </span>
     <span class='ocr_line' id='line_1_34' title="bbox 530 3850 1967 3955; baseline -0.001 -29"><span class='ocrx_word' id='word_1_308' title='bbox 530 3855 758 3952; x_wconf 79' lang='lat' dir='ltr'>teotologiae</span> <span class='ocrx_word' id='word_1_309' title='bbox 783 3882 792 3929; x_wconf 92' lang='lat'>:</span> <span class='ocrx_word' id='word_1_310' title='bbox 822 3879 979 3955; x_wconf 92' lang='lat' dir='ltr'>quotum</span> <span class='ocrx_word' id='word_1_311' title='bbox 1008 3857 1135 3933; x_wconf 91' lang='lat' dir='ltr'>alteros</span> <span class='ocrx_word' id='word_1_312' title='bbox 1160 3854 1323 3932; x_wconf 87' lang='lat' dir='ltr'>Adriano</span> <span class='ocrx_word' id='word_1_313' title='bbox 1353 3858 1418 3936; x_wconf 89' lang='lat' dir='ltr'>V1.</span> <span class='ocrx_word' id='word_1_314' title='bbox 1439 3857 1542 3932; x_wconf 92' lang='lat' dir='ltr'>Pont.</span> <span class='ocrx_word' id='word_1_315' title='bbox 1563 3856 1664 3932; x_wconf 86' lang='lat' dir='ltr'>Max.</span> <span class='ocrx_word' id='word_1_316' title='bbox 1687 3853 1823 3930; x_wconf 89' lang='lat' dir='ltr'>alteros.</span> <span class='ocrx_word' id='word_1_317' title='bbox 1847 3850 1967 3926; x_wconf 87' lang='lat' dir='ltr'>Caro·</span> 
     </span>
     <span class='ocr_line' id='line_1_35' title="bbox 530 3953 1966 4059; baseline 0 -32"><span class='ocrx_word' id='word_1_318' title='bbox 530 3953 571 4028; x_wconf 93' lang='lat' dir='ltr'>lo</span> <span class='ocrx_word' id='word_1_319' title='bbox 593 3955 807 4036; x_wconf 70' lang='lat' dir='ltr'>V.&#39;Caesarl</span> <span class='ocrx_word' id='word_1_320' title='bbox 829 3959 977 4036; x_wconf 91' lang='lat' dir='ltr'>obtulit.</span> <span class='ocrx_word' id='word_1_321' title='bbox 1001 3958 1158 4035; x_wconf 82' lang='lat' dir='ltr'>Libellos</span> <span class='ocrx_word' id='word_1_322' title='bbox 1180 3982 1330 4059; x_wconf 90' lang='lat' dir='ltr'>quoque</span> <span class='ocrx_word' id='word_1_323' title='bbox 1355 3957 1401 4034; x_wconf 91' lang='lat' dir='ltr'>ad</span> <span class='ocrx_word' id='word_1_324' title='bbox 1424 3958 1659 4035; x_wconf 86' lang='lat' dir='ltr'>animantium</span> <span class='ocrx_word' id='word_1_325' title='bbox 1689 3974 1852 4033; x_wconf 89' lang='lat' dir='ltr'>naturam</span> <span class='ocrx_word' id='word_1_326' title='bbox 1879 3975 1966 4052; x_wconf 86' lang='lat' dir='ltr'>per·</span> 
     </span>
     <span class='ocr_line' id='line_1_36' title="bbox 528 4056 1963 4165; baseline -0.001 -34"><span class='ocrx_word' id='word_1_327' title='bbox 528 4056 708 4150; x_wconf 83' lang='lat' dir='ltr'>sinentes,</span> <span class='ocrx_word' id='word_1_328' title='bbox 738 4063 805 4160; x_wconf 90' lang='lat' dir='ltr'>qui</span> <span class='ocrx_word' id='word_1_329' title='bbox 827 4063 939 4165; x_wconf 84' lang='lat' dir='ltr'>vulgo</span> <span class='ocrx_word' id='word_1_330' title='bbox 957 4067 1078 4158; x_wconf 88' lang='lat' dir='ltr'>parvi</span> <span class='ocrx_word' id='word_1_331' title='bbox 1101 4064 1298 4136; x_wconf 85' lang='lat' dir='ltr'>naturales</span> <span class='ocrx_word' id='word_1_332' title='bbox 1321 4062 1580 4153; x_wconf 88' lang='lat' dir='ltr'>nominantur,</span> <span class='ocrx_word' id='word_1_333' title='bbox 1605 4061 1651 4135; x_wconf 88' lang='lat' dir='ltr'>de</span> <span class='ocrx_word' id='word_1_334' title='bbox 1678 4083 1785 4134; x_wconf 87' lang='lat' dir='ltr'>sensa</span> <span class='ocrx_word' id='word_1_335' title='bbox 1813 4071 1851 4130; x_wconf 87' lang='lat' dir='ltr'>et</span> <span class='ocrx_word' id='word_1_336' title='bbox 1878 4078 1963 4132; x_wconf 87' lang='lat' dir='ltr'>sen·</span> 
     </span>
     <span class='ocr_line' id='line_1_37' title="bbox 468 4156 1963 4260; baseline -0.001 -24"><span class='ocrx_word' id='word_1_337' title='bbox 468 4243 471 4248; x_wconf 60' lang='grc'>,</span> <span class='ocrx_word' id='word_1_338' title='bbox 529 4158 736 4238; x_wconf 83' lang='lat' dir='ltr'>sibilibns:</span> <span class='ocrx_word' id='word_1_339' title='bbox 762 4163 808 4238; x_wconf 85' lang='lat' dir='ltr'>de</span> <span class='ocrx_word' id='word_1_340' title='bbox 839 4168 1012 4240; x_wconf 88' lang='lat' dir='ltr'>memorio</span> <span class='ocrx_word' id='word_1_341' title='bbox 1041 4186 1088 4242; x_wconf 87' lang='lat' dir='ltr'>oc</span> <span class='ocrx_word' id='word_1_342' title='bbox 1115 4163 1396 4243; x_wconf 79' lang='lat' dir='ltr'>recordatione:</span> <span class='ocrx_word' id='word_1_343' title='bbox 1422 4165 1468 4239; x_wconf 88' lang='lat' dir='ltr'>de</span> <span class='ocrx_word' id='word_1_344' title='bbox 1497 4187 1618 4239; x_wconf 86' lang='lat' dir='ltr'>somno</span> <span class='ocrx_word' id='word_1_345' title='bbox 1645 4183 1692 4238; x_wconf 85' lang='lat' dir='ltr'>oo</span> <span class='ocrx_word' id='word_1_346' title='bbox 1720 4159 1890 4260; x_wconf 82' lang='lat' dir='ltr'>uigilia:</span> <span class='ocrx_word' id='word_1_347' title='bbox 1917 4156 1963 4234; x_wconf 86' lang='lat' dir='ltr'>de</span> 
     </span>
     <span class='ocr_line' id='line_1_38' title="bbox 529 4261 1961 4365; baseline -0.001 -27"><span class='ocrx_word' id='word_1_348' title='bbox 529 4266 749 4341; x_wconf 77' lang='lat' dir='ltr'>insomniis:</span> <span class='ocrx_word' id='word_1_349' title='bbox 775 4266 820 4340; x_wconf 84' lang='lat' dir='ltr'>de</span> <span class='ocrx_word' id='word_1_350' title='bbox 841 4268 1075 4344; x_wconf 82' lang='lat' dir='ltr'>divinatione</span> <span class='ocrx_word' id='word_1_351' title='bbox 1102 4287 1172 4364; x_wconf 87' lang='lat' dir='ltr'>per</span> <span class='ocrx_word' id='word_1_352' title='bbox 1204 4271 1412 4345; x_wconf 83' lang='lat' dir='ltr'>somnians:</span> <span class='ocrx_word' id='word_1_353' title='bbox 1444 4266 1489 4342; x_wconf 86' lang='lat' dir='ltr'>de</span> <span class='ocrx_word' id='word_1_354' title='bbox 1515 4271 1622 4342; x_wconf 88' lang='lat' dir='ltr'>vitoe</span> <span class='ocrx_word' id='word_1_355' title='bbox 1652 4261 1884 4365; x_wconf 85' lang='lat' dir='ltr'>longitudine</span> <span class='ocrx_word' id='word_1_356' title='bbox 1914 4281 1961 4337; x_wconf 84' lang='lat' dir='ltr'>ac</span> 
     </span>
     <span class='ocr_line' id='line_1_39' title="bbox 528 4365 1960 4474; baseline -0.001 -34"><span class='ocrx_word' id='word_1_357' title='bbox 528 4365 748 4444; x_wconf 86' lang='lat' dir='ltr'>breuitate:</span> <span class='ocrx_word' id='word_1_358' title='bbox 782 4368 827 4443; x_wconf 88' lang='lat' dir='ltr'>de</span> <span class='ocrx_word' id='word_1_359' title='bbox 846 4371 1011 4474; x_wconf 83' lang='lat' dir='ltr'>juventa</span> <span class='ocrx_word' id='word_1_360' title='bbox 1036 4392 1083 4447; x_wconf 87' lang='lat' dir='ltr'>ac</span> <span class='ocrx_word' id='word_1_361' title='bbox 1111 4387 1288 4453; x_wconf 80' lang='lat' dir='ltr'>senectus</span> <span class='ocrx_word' id='word_1_362' title='bbox 1318 4375 1405 4447; x_wconf 87' lang='lat' dir='ltr'>vita</span> <span class='ocrx_word' id='word_1_363' title='bbox 1429 4392 1477 4447; x_wconf 84' lang='lat' dir='ltr'>oo</span> <span class='ocrx_word' id='word_1_364' title='bbox 1498 4385 1643 4460; x_wconf 87' lang='lat' dir='ltr'>morte,</span> <span class='ocrx_word' id='word_1_365' title='bbox 1666 4369 1711 4443; x_wconf 84' lang='lat' dir='ltr'>de</span> <span class='ocrx_word' id='word_1_366' title='bbox 1737 4366 1960 4464; x_wconf 83' lang='lat' dir='ltr'>spiratione,</span> 
     </span>
     <span class='ocr_line' id='line_1_40' title="bbox 528 4468 1962 4574; baseline 0.001 -32"><span class='ocrx_word' id='word_1_367' title='bbox 528 4468 576 4543; x_wconf 84' lang='lat' dir='ltr'>de</span> <span class='ocrx_word' id='word_1_368' title='bbox 601 4484 698 4544; x_wconf 88' lang='lat' dir='ltr'>mota</span> <span class='ocrx_word' id='word_1_369' title='bbox 718 4476 932 4547; x_wconf 86' lang='lat' dir='ltr'>animalium</span> <span class='ocrx_word' id='word_1_370' title='bbox 956 4499 967 4552; x_wconf 77' lang='lat' dir='ltr'>s</span> <span class='ocrx_word' id='word_1_371' title='bbox 1003 4472 1048 4550; x_wconf 87' lang='lat' dir='ltr'>de</span> <span class='ocrx_word' id='word_1_372' title='bbox 1075 4495 1194 4548; x_wconf 84' lang='lat' dir='ltr'>eorum</span> <span class='ocrx_word' id='word_1_373' title='bbox 1215 4473 1367 4572; x_wconf 86' lang='lat' dir='ltr'>denique</span> <span class='ocrx_word' id='word_1_374' title='bbox 1393 4479 1564 4565; x_wconf 86' lang='lat' dir='ltr'>incestu,</span> <span class='ocrx_word' id='word_1_375' title='bbox 1590 4496 1683 4574; x_wconf 92' lang='lat' dir='ltr'>quos</span> <span class='ocrx_word' id='word_1_376' title='bbox 1709 4469 1754 4547; x_wconf 92' lang='lat' dir='ltr'>ad</span> <span class='ocrx_word' id='word_1_377' title='bbox 1768 4469 1962 4546; x_wconf 89' lang='lat' dir='ltr'>Albettum</span> 
     </span>
     <span class='ocr_line' id='line_1_41' title="bbox 525 4567 1963 4673; baseline -0.001 -27"><span class='ocrx_word' id='word_1_378' title='bbox 525 4567 634 4646; x_wconf 88' lang='lat' dir='ltr'>Pium</span> <span class='ocrx_word' id='word_1_379' title='bbox 663 4571 868 4673; x_wconf 91' lang='lat' dir='ltr'>Principem</span> <span class='ocrx_word' id='word_1_380' title='bbox 896 4577 1028 4668; x_wconf 89' lang='lat' dir='ltr'>misit,</span> <span class='ocrx_word' id='word_1_381' title='bbox 1057 4577 1281 4652; x_wconf 88' lang='lat' dir='ltr'>Graecorum</span> <span class='ocrx_word' id='word_1_382' title='bbox 1321 4575 1469 4654; x_wconf 88' lang='lat' dir='ltr'>scholiis</span> <span class='ocrx_word' id='word_1_383' title='bbox 1493 4577 1532 4653; x_wconf 93' lang='lat' dir='ltr'>in</span> <span class='ocrx_word' id='word_1_384' title='bbox 1555 4577 1600 4650; x_wconf 92' lang='lat' dir='ltr'>iis</span> <span class='ocrx_word' id='word_1_385' title='bbox 1637 4572 1780 4670; x_wconf 86' lang='lat' dir='ltr'>adjutus</span> <span class='ocrx_word' id='word_1_386' title='bbox 1801 4572 1963 4649; x_wconf 87' lang='lat' dir='ltr'>Alexan·</span> 
     </span>
     <span class='ocr_line' id='line_1_42' title="bbox 526 4671 1962 4778; baseline 0.004 -32"><span class='ocrx_word' id='word_1_387' title='bbox 526 4671 583 4747; x_wconf 87' lang='lat' dir='ltr'>dri</span> <span class='ocrx_word' id='word_1_388' title='bbox 599 4673 841 4775; x_wconf 70' lang='lat' dir='ltr'>,·Simplicii,</span> <span class='ocrx_word' id='word_1_389' title='bbox 868 4677 1062 4776; x_wconf 93' lang='lat' dir='ltr'>Philoponi</span> <span class='ocrx_word' id='word_1_390' title='bbox 1086 4701 1128 4754; x_wconf 91' lang='lat' dir='ltr'>ac</span> <span class='ocrx_word' id='word_1_391' title='bbox 1158 4675 1350 4756; x_wconf 81' lang='lat' dir='ltr'>Miclraelis</span> <span class='ocrx_word' id='word_1_392' title='bbox 1373 4675 1530 4778; x_wconf 86' lang='lat' dir='ltr'>Ephesii.</span> <span class='ocrx_word' id='word_1_393' title='bbox 1556 4685 1615 4755; x_wconf 90' lang='lat' dir='ltr'>De</span> <span class='ocrx_word' id='word_1_394' title='bbox 1637 4677 1780 4752; x_wconf 84' lang='lat' dir='ltr'>Mando</span> <span class='ocrx_word' id='word_1_395' title='bbox 1812 4697 1962 4773; x_wconf 87' lang='lat' dir='ltr'>quoque</span> 
     </span>
     <span class='ocr_line' id='line_1_43' title="bbox 524 4775 1960 4882; baseline 0.001 -30"><span class='ocrx_word' id='word_1_396' title='bbox 524 4775 689 4854; x_wconf 91' lang='lat' dir='ltr'>libellum</span> <span class='ocrx_word' id='word_1_397' title='bbox 703 4806 852 4859; x_wconf 91' lang='lat' dir='ltr'>aureum</span> <span class='ocrx_word' id='word_1_398' title='bbox 863 4780 907 4858; x_wconf 91' lang='lat' dir='ltr'>ad</span> <span class='ocrx_word' id='word_1_399' title='bbox 922 4779 1169 4858; x_wconf 86' lang='lat' dir='ltr'>Alexandrum</span> <span class='ocrx_word' id='word_1_400' title='bbox 1185 4833 1195 4872; x_wconf 96' lang='lat'>,</span> <span class='ocrx_word' id='word_1_401' title='bbox 1212 4780 1377 4882; x_wconf 90' lang='lat' dir='ltr'>quisquis</span> <span class='ocrx_word' id='word_1_402' title='bbox 1398 4780 1542 4860; x_wconf 89' lang='lat' dir='ltr'>tandem</span> <span class='ocrx_word' id='word_1_403' title='bbox 1561 4802 1688 4859; x_wconf 89' lang='lat' dir='ltr'>auctor</span> <span class='ocrx_word' id='word_1_404' title='bbox 1703 4802 1774 4872; x_wconf 90' lang='lat' dir='ltr'>est,</span> <span class='ocrx_word' id='word_1_405' title='bbox 1789 4776 1960 4854; x_wconf 89' lang='lat' dir='ltr'>Latinum</span> 
     </span>
     <span class='ocr_line' id='line_1_44' title="bbox 522 4880 1958 4990; baseline -0.002 -31"><span class='ocrx_word' id='word_1_406' title='bbox 522 4881 632 4960; x_wconf 84' lang='lat' dir='ltr'>etiam</span> <span class='ocrx_word' id='word_1_407' title='bbox 652 4881 767 4980; x_wconf 86' lang='lat' dir='ltr'>fecit,</span> <span class='ocrx_word' id='word_1_408' title='bbox 791 4887 828 4964; x_wconf 92' lang='lat' dir='ltr'>in</span> <span class='ocrx_word' id='word_1_409' title='bbox 853 4885 1009 4990; x_wconf 82' lang='lat' dir='ltr'>gratiam</span> <span class='ocrx_word' id='word_1_410' title='bbox 1039 4885 1207 4968; x_wconf 85' lang='lat' dir='ltr'>Herculis</span> <span class='ocrx_word' id='word_1_411' title='bbox 1232 4885 1429 4988; x_wconf 82' lang='lat' dir='ltr'>Gonzagae</span> <span class='ocrx_word' id='word_1_412' title='bbox 1443 4886 1637 4968; x_wconf 81' lang='lat' dir='ltr'>Mantuani</span> <span class='ocrx_word' id='word_1_413' title='bbox 1651 4883 1841 4984; x_wconf 88' lang='lat' dir='ltr'>Principis.</span> <span class='ocrx_word' id='word_1_414' title='bbox 1856 4880 1958 4956; x_wconf 88' lang='lat' dir='ltr'>Prae·</span> 
     </span>
     <span class='ocr_line' id='line_1_45' title="bbox 1865 5003 1925 5064; baseline 0.033 -2"><span class='ocrx_word' id='word_1_415' title='bbox 1865 5003 1925 5064; x_wconf 83' lang='lat' dir='ltr'>te-</span> 
     </span>
    </p>
   </div>
   <div class='ocr_carea' id='block_1_7' title="bbox 0 0 2146 5973">
    <p class='ocr_par' dir='ltr' id='par_1_7' title="bbox 0 0 2146 5973">
     <span class='ocr_line' id='line_1_46' title="bbox 0 0 2146 5973; baseline 0 0"><span class='ocrx_word' id='word_1_416' title='bbox 0 0 2146 5973; x_wconf 95' lang='lat' dir='ltr'> </span> 
     </span>
    </p>
   </div>
  </div>
 </body>
</html>
