4294 5972
643 457 895 544 CAROLI
938 457 991 543 V.
1033 461 1146 543 LIB.
1187 465 1267 543 IX.
1532 451 1616 566 283

177 655 250 723 cra
284 612 502 722 Laudensi
537 609 771 720 obsidione
806 613 862 716 ad
905 613 1214 758 Melignanum
1240 613 1516 719 consederat.
1544 627 1648 724 Ho-

176 798 262 866 stes
325 797 475 865 autcm
534 795 826 905 posteaquam
887 758 1113 899 praesidiis
1175 760 1372 865 deductis
1422 802 1645 868 convene-

175 945 318 1030 rant,
358 941 490 1052 seque
526 904 640 1006 Galli
684 943 791 1007 cum
835 904 948 1005 Italis
996 909 1343 1038 conjunxerant,
1379 904 1427 1004 in
1462 909 1644 1052 Papiam

173 1053 406 1169 conversi,
442 1048 557 1151 hanc
599 1087 857 1193 oppugnare
897 1047 1133 1151 instituunt
1141 1088 1164 1170 ·,
1204 1087 1315 1192 quae
1350 1050 1645 1160 ducentorum
1687 1158 1690 1163 ,

175 1206 529 1316 Germanorum,
559 1229 603 1294 et
643 1195 891 1294 Italicorum
932 1193 988 1293 ad
1029 1194 1388 1337 octingentorum
1424 1197 1642 1339 praesidio

174 1336 237 1440 ab
273 1342 475 1452 Antonio
511 1339 644 1440 misso
686 1345 943 1438 tenebatur.
982 1340 1026 1438 A
1063 1334 1224 1479 quibus
1268 1337 1347 1440 etsi
1382 1339 1553 1482 magnis
1589 1383 1641 1468 a·

174 1482 311 1586 nimis
347 1519 606 1625 strenueque
641 1475 985 1600 defendebatur,
1012 1516 1161 1586 tamen
1197 1482 1364 1614 dcjccta
1400 1483 1517 1583 muri
1553 1482 1641 1586 bo-

173 1665 235 1730 na
269 1666 393 1772 parte
437 1671 466 1728 a
500 1661 663 1770 magna
697 1624 937 1726 hominum
971 1625 1257 1728 multitudine
1291 1626 1444 1728 acriter
1479 1665 1639 1772 urgen-

173 1805 225 1871 te
260 1773 317 1872 ad
352 1807 596 1872 extremum
631 1803 934 1912 expugnatur.
966 1766 1187 1870 Antonius
1218 1768 1338 1872 enim
1373 1805 1531 1914 coepta
1558 1811 1641 1913 op·

175 1911 454 2057 pugnatione
490 1953 543 2015 ex
578 1915 842 2053 Melignano
876 1909 1209 2032 Mediolanum,
1234 1951 1284 2014 ut
1319 1911 1383 2016 ibi
1417 1913 1483 2015 rei
1511 1953 1642 2017 evcn-

176 2093 278 2160 tum
318 2092 584 2200 exspectaret
620 2089 664 2155 et
698 2053 946 2200 principem
988 2049 1144 2155 urbem
1185 2089 1417 2178 tueretur,
1451 2094 1640 2162 reversus

179 2239 246 2302 cst

251 2352 329 2449 IV.
401 2339 568 2449 Diebus
603 2337 775 2486 aliquot
816 2335 1082 2474 interjectis,
1116 2376 1220 2444 cum
1256 2377 1281 2444 a
1316 2337 1449 2444 Gallis
1485 2329 1641 2448 aucto-

179 2527 226 2590 re
261 2490 439 2590 Andtea
473 2489 615 2592 Doria
663 2488 720 2590 ad
755 2487 977 2628 Hispanos
1012 2500 1165 2588 Genua
1201 2481 1423 2587 defecisset
1438 2559 1453 2606 ,
1469 2490 1641 2629 ,Hispa-

180 2667 344 2736 norum
379 2635 484 2733 duo·
505 2633 672 2749 millia,
697 2667 808 2772 quos
845 2628 1028 2732 Carolus
1064 2639 1223 2730 Caesar
1258 2624 1363 2729 huic
1398 2627 1495 2731 urbi
1524 2667 1641 2772 prae⁴

181 2777 299 2877 sidio
328 2774 553 2896 mittebat,
574 2775 622 2876 in
646 2774 875 2918 Liguriam
910 2769 1123 2915 appulisse
1147 2768 1436 2875 nuntiantur.
1459 2775 1532 2875 Ad
1557 2765 1664 2875 bos¹

180 2916 389 3021 locorum
424 2954 465 3022 et
499 2955 644 3021 rerum
679 2917 926 3019 Italicarum
967 2953 1141 3059 ignaros
1183 2913 1462 3058 excipiendos
1506 2950 1640 3060 atque

184 3065 410 3167 ducendos
462 3063 683 3165 Antonius
729 3059 1009 3163 Ludovicum
1058 3061 1319 3165 Barbianum
1371 3059 1543 3162 mittit.
1603 3061 1640 3164 Ii

185 3207 335 3351 paucis
380 3205 534 3310 diebus
576 3207 667 3308 sinc
716 3203 939 3348 stipendio
982 3235 1025 3306 et
1065 3202 1384 3306 commeatibus
1432 3205 1480 3310 in
1530 3241 1639 3348 agro

187 3347 410 3455 Genuensi
445 3347 710 3473 consumtis,
733 3381 1021 3492 posteaquam
1057 3345 1171 3451 intra
1205 3345 1363 3490 urbem
1399 3385 1491 3452 non
1528 3351 1641 3450 reci-

108 3557 112 3567 ·
187 3491 421 3638 picbantur
434 3571 451 3620 ,
493 3493 551 3596 a‘d
586 3496 837 3602 Antonium
879 3496 1039 3596 eodem
1078 3491 1293 3596 Barbiano
1335 3491 1444 3596 duce
1493 3492 1642 3594 venire

186 3643 493 3761 constituunt,
522 3677 566 3741 et
599 3637 805 3784 longiore
839 3633 1055 3760 circuitu,
1092 3673 1148 3740 ne
1192 3637 1240 3740 in
1282 3631 1426 3740 hostes
1470 3631 1643 3738 incide-

187 3817 314 3905 rent,
342 3787 423 3930 qui
456 3800 776 3889 Dertonensem
812 3819 855 3886 et
890 3779 1236 3887 Alexandrinum
1279 3816 1433 3923 agros,
1472 3813 1561 3920 qua
1595 3773 1645 3878 hi

189 3931 364 4028 venturi
399 3928 689 4072 putabantur,
731 3922 1040 4067 obsederant,
1058 3965 1135 4069 per
1170 3926 1443 4028 Placentinos
1480 3957 1522 4024 et
1558 3933 1645 4022 Ec-

190 4067 446 4174 clesiasticus
482 4068 586 4173 lines
621 4072 793 4216 magnis
827 4069 1051 4175 itineribus
1087 4102 1180 4171 non
1214 4067 1347 4212 longe
1383 4101 1408 4169 a
1443 4065 1646 4209 Belgioso

192 4213 365 4353 oppido
398 4217 454 4316 ad
488 4219 596 4317 Padi
629 4219 772 4357 ripam
807 4247 1128 4357 pervenerunr3
1163 4245 1256 4356 quo
1292 4205 1512 4316 Antonius
1546 4245 1651 4309 cum

190 4356 395 4458 omnibus
432 4357 570 4498 copiis
607 4394 856 4502 progressus
892 4393 1068 4460 amnem
1104 4359 1288 4461 navibus
1320 4361 1523 4492 trajectos
1551 4351 1662 4453 illos

189 4497 247 4600 ad
283 4534 326 4600 se
361 4504 527 4642 recepit
571 4497 971 4646 Mediolanumque
1007 4499 1219 4626 deduxit,
1257 4499 1337 4604 ubi
1384 4539 1426 4604 se
1469 4529 1651 4642 propter

191 4639 360 4744 hostilis
396 4647 607 4748 exercitus
642 4645 999 4790 magnitudinem
1033 4682 1079 4749 et
1124 4637 1502 4789 propinquitatem
1547 4681 1654 4746 con·

193 4781 390 4894 tinebat..
428 4796 536 4928 Jam
572 4791 695 4894 enim
729 4823 829 4894 tum
862 4787 1026 4896 Veneti
1053 4819 1082 4910 ,‘
1110 4824 1221 4911 tum¹
1261 4779 1395 4892 etiam
1442 4787 1582 5029 Gallif
1607 4821 1651 4882 et

768 4969 771 4975 ’
1043 4939 1168 5035 Nna
1529 4938 1651 5030 Sor-
