4294 5972
600 429 849 510 cauom
892 429 946 510 v.
986 429 1101 510 tus.
1140 435 1193 512 x.
1507 441 1593 532 335

183 593 343 738 ligata.
381 599 481 690 Hos
517 621 711 750 quatuor
746 615 898 724 pontes
934 583 982 684 in
1017 617 1207 724 quatuor
1242 625 1372 690 naves
1417 595 1637 696 oneraria-

182 777 281 840 rum
318 734 530 835 maximas
566 731 842 872 imponunt,
879 727 1014 828 etad
1050 728 1188 832 malos
1229 726 1317 830 hoc
1353 733 1541 846 artificio
1585 781 1637 842 ex

183 917 369 1019 utraque
410 909 530 1016 parte
571 868 748 976 funibus
790 871 1125 1013 constringunt,
1161 910 1211 976 ut
1253 874 1427 977 demitti
1472 919 1523 978 ac
1563 883 1639 982 vi

184 1024 363 1143 cissim,
398 1059 502 1119 cum
537 1039 644 1118 esse't
678 1057 779 1118 usus
794 1091 810 1135 ,
846 1015 987 1115 attolli
1022 1051 1230 1156 possent,
1263 1055 1313 1118 ut
1348 1017 1530 1122 navibus
1560 1025 1638 1125 ad·¹

182 1165 316 1267 motis
364 1159 670 1324 pontibusque
708 1196 836 1300 supra
879 1195 1056 1260 murum
1093 1159 1288 1261 demissis
1338 1161 1494 1264 milites
1537 1202 1640 1304 pos

182 1342 277 1410 sent
312 1305 423 1407 terni
474 1301 765 1447 quaternique
804 1303 1192 1422 transcendere,
1179 1341 1417 1445 ipsumque
1459 1345 1639 1410 mumm

184 1487 428 1587 occupare.

251 1600 460 1692 XXXIII.
513 1588 621 1689 His
657 1581 784 1687 rebus
818 1584 1114 1723 comparatis,
1140 1589 1257 1690 nacti
1282 1628 1480 1693 serenum
1516 1591 1638 1697 diem

181 1733 553 1875 tranquillumque
594 1749 713 1830 mare
754 1729 994 1828 admovent
1035 1728 1197 1831 classici
1222 1733 1394 1892 ‘milites
1429 1737 1639 1874 propius,

181 1877 507 2015 disponuntque
541 1910 698 1972 naves.
737 1871 957 1978 Pedesttes
993 1870 1145 2031 copiae
1180 1871 1400 2014 tripartito
1430 1876 1640 1979 dividun

181 2053 281 2126 turs
324 2018 435 2116 duae
456 2050 615 2174 partes
662 2011 718 2110 ad
763 2045 1017 2128 tormenta,
1057 2050 1106 2110 m
1148 2015 1251 2113 duas
1295 2016 1451 2116 itidem
1528 2055 1640 2123 artes

181 2159 349 2276 divisa,
385 2156 655 2272 consistunt,
689 2150 785 2253 Itali
820 2151 878 2252 ab
915 2152 1083 2252 oriente
1115 2153 1234 2271 sole,
1260 2155 1452 2298 Hispani
1475 2056 1532 2258 ab
1562 2201 1638 2260 oc

182 2339 311 2410 casus
349 2299 471 2400 tertia
506 2335 604 2437 pars
640 2331 760 2396 extra
806 2295 1007 2396 ordinem
1047 2295 1199 2437 vagati
1239 2304 1352 2428 jussa
1397 2302 1453 2398 ad
1497 2298 1640 2401 1103ῑὶ-Ι

180 2443 267 2546 lem
303 2444 594 2544 ducentorum
628 2439 798 2541 circiter
833 2419 1037 2579 equitum
1073 2477 1287 2558 manum,
1317 2479 1430 2580 quae
1455 2441 1638 2543 obsessis

181 2585 342 2687 auxilio
379 2583 555 2686 veniens
575 2593 665 2715 jam
701 2622 787 2685 sese
810 2580 967 2682 nostris
998 2585 1272 2702 ostenderat,
1298 2583 1636 2694 excludendam

181 2763 428 2869 coeptaque
464 2726 743 2887 oppugnatio
790 2760 853 2824 est
896 2759 1005 2824 tetra
1056 2725 1254 2864 marique
1290 2722 1398 2826 hora
1432 2726 1522 2827 diei
1551 2727 1638 2890 pri·
1691 2831 1696 2842 ,

181 2909 287 2990 ma,
324 2910 404 2971 nec
440 2870 682 2971 intermissa
729 2868 777 2967 in
812 2903 1049 2974 octavams
1100 2869 1173 2969 sed
1214 2902 1332 2968 tanta
1378 2906 1467 2969 erat
1520 2869 1642 2971 muri

182 3009 443 3132 firmitudo,
479 3048 529 3113 ut
579 3009 777 3151 plurimis
825 3045 1153 3111 tormentorum
1200 3008 1361 3111 ictibus
1406 3050 1638 3112 concussus

182 3191 340 3294 parum
384 3189 558 3266 tamen
572 3149 922 3256 labefactaretur.
974 3162 1127 3294 Itaque
1176 3154 1355 3253 dato
1325 3193 1453 3316 srgno
1496 3191 1541 3254 et
1583 3194 1638 3254 ex

182 3297 309 3398 omni
346 3333 466 3436 parte
508 3295 724 3398 militibus
766 3293 1102 3414 invadentibus,
1146 3329 1295 3398 tamen
1337 3297 1477 3436 quia
1527 3332 1638 3396 terta

181 3437 462 3579 pugnabant,
499 3476 673 3538 murum
710 3439 995 3540 conscendere
1019 3432 1174 3540 fmstra
1198 3439 1479 3558 nitebantur,
1517 3437 1636 3536 scalis

181 3581 406 3718 applicatis
442 3580 718 3683 altitudinem
748 3580 979 3681 moenium
1003 3621 1098 3682 non
1129 3580 1446 3720 aequantibus3
1483 3619 1536 3678 ex
1559 3618 1638 3678 na-

180 3721 310 3826 ¹uibus
345 3756 527 3841 autem,
561 3762 676 3864 quat
710 3719 923 3884 pontibus
946 3761 1071 3826 etant
1107 3722 1369 3842 instructae,
1393 3762 1480 3822 una
1506 3723 1637 3820 dum

182 3897 322 3985 taxat,
358 3905 471 4006 quae
507 3865 737 3968 cohortem
772 3866 1076 4008 Hispanorum
1111 3864 1377 3982 invehebat,
1411 3861 1639 3966 admoveri

182 4007 360 4146 potuit,
396 4012 513 4111 unde
549 4044 736 4150 pontem
779 4010 1051 4127 demissum,
1095 4007 1284 4108 necdum
1337 4041 1486 4106 tamen
1536 4005 1638 4104 satis

160 4151 420 4251 “commode
455 4151 718 4252 collocatum
751 4144 1000 4290 frequentes
1038 4189 1063 4249 e
1099 4148 1291 4290 vestigio
1326 4147 1524 4251 milites
1523 4185 1639 4248 com

182 4292 439 4432 pleverunt3
475 4294 550 4395 sed
584 4294 717 4393 altera
752 4292 900 4432 pontis
935 4325 1056 4431 parte
1091 4285 1228 4414 fune,
1266 4329 1361 4432 quo
1396 4288 1640 4450 tenebatpr,

183 4431 427 4554 sublata,
414 4472 461 4538 m
497 4475 698 4577 praeceps
734 4435 857 4554 dati,
894 4434 1141 4575 partimque
1182 4433 1230 4536 in
1274 4473 1427 4552 mare,
1477 4429 1642 4572 partim

182 4576 234 4679 in'
267 4614 425 4679 terram
461 4580 652 4709 dejecti,
688 4576 818 4679 multi
845 4615 1036 4716 periere.
1074 4584 1173 4677 Nec
1201 4611 1346 4679 tamen
1374 4573 1537 4676 horum
1568 4613 1640 4673 ca

184 4755 249 4818 sus
287 4755 450 4826 ceteros
486 4721 728 4841 deterruit,
765 4720 1103 4821 cunctatioresve
1138 4721 1194 4819 ad
1230 4757 1427 4861 pugnam
1463 4714 1639 4818 effecit.

1540 4868 1639 4955 Hac
