4294 5972
562 429 648 543 338
937 439 1022 524 ott
1067 435 1533 522 aususausus

586 611 803 710 XXXVI.
875 597 972 703 Ubi
1005 608 1146 700 Patras
1182 633 1445 741 perventum
1478 633 1523 698 et
1556 592 1697 738 copiis
1723 629 1856 739 atque
1887 633 1973 704 tor··

518 749 677 854 mentis
713 742 919 887 expositis
962 743 1181 886 oppidum
1223 739 1477 885 oppugnari
1518 776 1729 886 coeptum
1771 779 1868 862 est,
1910 748 1966 848 ad

518 894 683 1036 primos
727 921 1048 991 tormentorum
1096 886 1249 1006 ictus,
1295 887 1456 1028 quibus
1506 923 1655 988 mutus
1704 877 1962 1010 feriebatur,

520 1034 731 1177 oppidani
765 1030 1018 1172 perterriti,
1056 1029 1131 1130 alii
1166 1029 1386 1171 oppidum
1420 1030 1622 1130 deserunt
1657 1063 1700 1131 et
1736 1030 1792 1129 ad
1836 1032 1968 1135 medi·

419 1227 422 1236 ¹
520 1215 709 1284 terranea
745 1215 821 1317 pet
856 1213 1048 1278 aversam
1084 1207 1251 1316 partem
1286 1169 1555 1316 diffugiunt,
1592 1170 1666 1272 alii
1701 1211 1790 1271 sese
1824 1171 1872 1273 itt
1904 1213 1971 1277 ar·

521 1353 621 1423 cem
655 1320 896 1460 recipiunt.
933 1331 1084 1461 Itaque
1118 1315 1295 1418 nemine
1330 1312 1592 1457 prohibente
1628 1315 1788 1417 milites
1813 1315 1971 1421 ittum⁴

522 1501 664 1608 punt,
702 1463 1010 1606 oppidumque
1046 1461 1289 1605 diripiuntt
1326 1463 1400 1561 sed
1436 1502 1487 1562 ea
1522 1461 1681 1601 praeda
1709 1501 1845 1602 parva
1868 1455 1973 1584 fuit,

522 1647 626 1710 nam
661 1645 892 1749 argentum
927 1643 969 1706 et
1004 1645 1160 1708 autum
1178 1683 1193 1725 ,
1210 1640 1253 1705 et
1287 1641 1455 1724 cetera,
1491 1643 1604 1744 quae
1623 1642 1781 1747 magna
1799 1605 1972 1707 ducun-
2122 1724 2126 1733 Ι

524 1786 623 1873 tut,
660 1748 844 1853 navibus
890 1751 1127 1893 prospectis
1162 1748 1211 1850 in
1254 1748 1564 1850 mediterranea
1607 1747 1732 1849 missa
1766 1743 1941 1848 fiterant
1953 1825 1971 1869 ,

421 1951 424 1958 =
524 1934 662 2037 pauca
689 1896 737 1992 in
761 1931 907 1994 arcem
942 1927 1244 2035 comportarat
1280 1893 1354 1993 sed
1390 1929 1556 2011 arcem,
1582 1930 1696 2031 quae
1719 1929 1869 2032 parum
1896 1892 1970 1990 vel

523 2072 675 2138 natura
710 2036 777 2138 vel
815 2074 948 2177 opere
982 2036 1155 2136 munita
1191 2069 1309 2154 erat,
1340 2034 1552 2136 intentata
1580 2035 1722 2135 modo
1748 2071 1974 2174 oppugna·

524 2181 646 2281 tione
697 2178 827 2320 paulo
872 2213 972 2318 post
1017 2177 1231 2319 oppidani
1279 2177 1417 2279 vitam
1458 2180 1599 2279 modo
1634 2217 1736 2278 cum
1771 2177 1974 2279 libertate

524 2324 641 2468 pacti
693 2321 991 2423 tradiderunt.
1046 2333 1144 2421 Hos
1186 2361 1339 2422 omnes
1381 2320 1521 2424 Doria
1576 2321 1625 2421 in
1671 2359 1794 2420 suant
1839 2319 1971 2422 fidem

525 2504 749 2610 receptos,
771 2467 935 2607 nequid
962 2465 1143 2597 injuriae
1173 2507 1198 2566 a
1234 2462 1470 2585 militibus,
1505 2502 1556 2566 ut
1591 2475 1885 2582 Coronenses,
1903 2455 1972 2562 ac·

525 2613 748 2753 ciperem,
788 2608 835 2707 in
871 2647 1000 2708 naves
1036 2603 1279 2751 imposuit,
1314 2642 1356 2707 et
1391 2643 1492 2749 post
1527 2608 1697 2749 aliquot
1729 2607 1818 2708 dies
1844 2643 1967 2705 avet·

524 2752 579 2854 sis
615 2789 656 2855 et
690 2749 912 2894 occupatis
949 2749 1159 2852 militibus
1196 2753 1428 2893 exposuit,
1472 2750 1802 2893 incolumesque
1837 2748 1971 2850 dimi-

526 2895 620 3016 sit,
665 2895 873 3037 ptaedatn
923 2934 1030 2996 veto
1071 2894 1119 2995 in
1160 2935 1258 2996 arce
1301 2931 1513 3036 repertam
1561 2895 1609 2996 in
1653 2895 1740 2995 suis
1788 2893 1971 2994 navibus

526 3042 754 3158 condidit,
790 3038 910 3139 inani
946 3078 1019 3179 spe
1054 3038 1266 3140 militibus
1312 3049 1446 3171 justae
1487 3039 1597 3139 inter
1637 3076 1791 3140 omnes
1837 3036 1971 3177 patri·

525 3181 690 3300 tionis,
727 3183 895 3321 nequid
931 3181 1155 3282 seditionis
1193 3181 1405 3302 oriretur,
1440 3183 1630 3313 injecta.

595 3335 831 3427 XXXVII.
906 3326 1080 3425 Deinde
1117 3326 1341 3428 castellum
1378 3328 1609 3467 quoddam
1648 3324 1697 3424 in
1738 3323 1886 3424 littore
1912 3319 1973 3422 si-

524 3499 655 3587 tum,
690 3503 859 3608 septem
893 3468 1082 3568 millium
1120 3508 1323 3609 passuum
1358 3508 1383 3568 a
1419 3469 1554 3571 Patris
1592 3467 1854 3587 intervallo,
1887 3506 1976 3607 op<

525 3649 721 3753 pugnate
755 3610 926 3750 placet,
964 3612 1037 3710 sed
1072 3609 1160 3710 hoc
1196 3613 1251 3711 ad
1287 3612 1427 3711 classis
1462 3651 1706 3731 accessum,
1741 3647 1979 3751 antequam

524 3757 738 3895 pedestres
774 3751 963 3892 copiae,
997 3793 1114 3894 quae
1149 3753 1278 3853 simul
1315 3750 1533 3895 profectae
1553 3751 1749 3872 fuerant,
1771 3753 1979 3894 perveni-

526 3933 656 4017 rent,
693 3937 780 3998 sese
816 3896 979 3998 Doriae
1015 3898 1062 3997 in
1087 3931 1349 4038 potestatem
1374 3899 1599 4040 permisit.
1637 3908 1744 3997 Hoc
1773 3895 1980 3997 nuntiato

526 4039 687 4140 milites
722 4039 861 4141 Italici
897 4039 1090 4141 nominis
1127 4041 1362 4180 praedam,
1398 4083 1536 4183 quam
1571 4040 1655 4144 sibi
1688 4040 1855 4158 Dotia,
1892 4038 1981 4138 ho·

526 4179 663 4284 stibus
705 4182 752 4282 in
796 4183 1082 4283 deditionem·
1113 4186 1339 4326 acceptis,
1384 4187 1660 4307 vindicaret,
1714 4182 1816 4324 ipsis
1867 4181 1980 4324 eripi

528 4326 724 4427 dolentes
781 4363 913 4465 atque
959 4337 1163 4460 jactantes
1220 4323 1334 4429 facta
1410 4330 1643 4432 secessione
1711 4321 1977 4442 vociferati,

528 4467 652 4609 queri
685 4505 736 4566 ac
771 4467 970 4570 debitum
1004 4471 1269 4611 stipendium
1305 4513 1533 4614 exposcere
1569 4508 1831 4613 coeperunt,
1857 4503 1975 4566 more

527 4607 654 4741 hujus
692 4608 840 4710 aetatis
882 4615 1255 4752 corruptissimo,
1297 4655 1384 4756 qua
1420 4656 1543 4759 saepe
1597 4615 1757 4716 milites
1813 4643 1975 4754 praeter

528 4791 698 4860 motem
732 4762 957 4892 majorum
993 4791 1036 4860 et
1071 4756 1347 4902 disciplinam
1381 4760 1618 4864 militatem
1666 4757 1889 4861 levissrmrs
1926 4791 1982 4850 ex

1877 4935 1982 4998 caue
