4294 5984
576 493 639 586 72
973 483 1059 563 os
1106 482 1315 563 ussus
1363 475 1582 564 ossrts

530 641 657 744 aliter
689 638 904 762 suaserit,
936 673 1012 742 aut
1042 674 1231 802 quoquo
1264 637 1405 740 modo
1440 635 1662 781 publicam
1688 671 1845 776 pacem
1882 635 2007 742 solli-

533 787 760 907 citaverit,
796 782 905 886 urbe
942 823 1017 882 seu
1053 782 1333 924 muntctpio,
1370 779 1451 882 ttbi
1488 783 1590 883 talia
1625 778 1890 901 conabitur,
1928 785 2007 916 eji-
2138 859 2139 882 ,

482 1061 483 1064 Ν
532 930 701 1050 ciarur,
739 926 1069 1069 turbulentique
1105 961 1283 1026 conatus
1328 926 1555 1068 proximae
1598 924 1788 1027 civitatis
1836 925 2004 1048 armis,

530 1109 608 1176 aut
642 1073 849 1173 omnium
885 1066 1230 1190 communibus,
1266 1069 1302 1168 si
1339 1109 1450 1211 opus
1486 1071 1604 1189 erit,
1641 1069 1913 1172 vindicentur
1950 1112 2004 1171 ac
2138 1073 2139 1154 l

529 1217 854 1358 reprimantur:
893 1215 1041 1357 siquid
1082 1211 1165 1314 erit
1203 1213 1468 1354 imperatum
1498 1256 1543 1334 a,
1563 1212 1869 1315 tumultuantis
1909 1227 2003 1316 Ca-

525 1363 676 1462 stellae
712 1395 937 1462 conventu
974 1355 1211 1499 populari,
1257 1357 1337 1498 qui
1375 1357 1460 1460 sibi
1496 1395 1715 1458 summam
1760 1358 2002 1458 auctorita-

530 1539 624 1608 tem
662 1503 890 1624 sumserit,
937 1541 993 1602 ne
1036 1537 1234 1641 pareatur
1248 1578 1263 1622 ,
1302 1499 1475 1603 etiamsi
1511 1502 1758 1644 diplomata
1792 1502 1865 1602 vel
1910 1503 2001 1603 edi·
2138 1553 2139 1572 t

526 1686 603 1750 cta
638 1648 836 1792 Reginae
871 1645 1057 1748 nomine
1072 1722 1088 1766 ,
1125 1656 1214 1780 jam
1241 1645 1414 1785 pridem
1444 1647 1605 1747 mentis
1636 1681 1849 1788 perpetuo
1874 1683 2001 1747 mor·
2138 1713 2139 1764 3

529 1789 596 1896 bo
633 1794 690 1894 ab
727 1789 1106 1892 administratione
1142 1788 1290 1931 Regni
1327 1787 1571 1910 submotae,
1607 1826 1865 1899 mtttanrur3
1901 1825 1997 1894 tum

526 1935 657 2078 siqua
685 1934 750 2035 vis
780 1934 910 2035 armis
938 1934 1042 2033 inde
1066 1927 1199 2032 fuerit
1233 1934 1478 2054 intentata,
1514 1971 1565 2035 ut
1603 1972 1667 2034 res
1703 1969 1876 2074 postet,
1912 1933 1998 2036 ob·

531 2077 727 2182 sistantur
765 2077 973 2218 idemque
1009 2073 1119 2195 liat,
1155 2073 1190 2174 si
1225 2076 1303 2177 uid
1347 2076 1509 2179 novitii
1550 2075 1789 2180 Christiani
1829 2091 1998 2181 Grana-

530 2254 670 2325 tenses
707 2219 755 2322 itt
792 2258 1018 2322 caretum
1055 2115 1410 2359 perturbatione,
1448 2258 1524 2322 aut
1560 2219 1871 2324 Mahumetani
1907 2261 1999 2324 mo·

527 2365 673 2469 ¹verint
709 2365 765 2464 ad
801 2402 1001 2506 pacatam
1044 2361 1336 2466 Mauritaniae
1384 2364 1657 2466 maritimam
1702 2404 1858 2486 oram,
1903 2405 1998 2468 nott

531 2543 776 2648 exspectata
805 2508 937 2648 Regii
972 2504 1171 2625 consilii,
1208 2544 1285 2607 aut
1311 2508 1460 2651 Regni
1495 2509 1745 2650 praesidum
1778 2509 2000 2642 jussionet

532 2687 577 2750 et
613 2651 670 2749 ad
702 2687 862 2750 omnes
898 2688 1016 2749 casus
1052 2687 1174 2748 suam
1210 2649 1397 2791 quisque
1420 2652 1609 2793 populus
1639 2688 1885 2794 equestrem
1912 2692 1997 2796 pe-

535 2794 813 2935 destremque
848 2830 1033 2896 manum
1068 2799 1159 2930 jam
1192 2831 1309 2897 nunc
1334 2793 1543 2898 delectam
1568 2794 1728 2901 habeat
1759 2831 1891 2940 atque
1919 2836 1999 2940 par

536 2972 705 3040 ratam.

603 3091 653 3181 II.
726 3077 812 3182 His
846 3081 972 3186 rebus
1008 3082 1056 3185 in
1092 3121 1317 3188 conventu
1343 3087 1572 3216 ¹(Rasttbleust'
1605 3083 1873 3208 constitutis,
1912 3085 1996 3226 pla·

531 3222 627 3324 cuit
653 3223 817 3347 eriam,
851 3264 902 3327 ut
937 3229 1129 3370 legatum
1164 3233 1219 3331 ad
1240 3241 1455 3333 Carolum
1490 3233 1746 3358 mitterent,
1775 3232 1855 3374 qui
1889 3267 1993 3330 eum

535 3368 590 3466 de
623 3368 819 3469 Raeticae
855 3370 902 3472 in
936 3370 1083 3514 ipsum
1117 3373 1346 3476 voluntate
1382 3377 1693 3517 constantique
1729 3374 1818 3476 fide
1854 3409 1898 3474 et
1934 3366 1997 3472 of·

536 3506 643 3610 ficio
679 3513 883 3622 doceret3
920 3551 963 3615 et
1000 3515 1129 3618 simul
1163 3514 1408 3621 hortaretur
1443 3558 1706 3661 oraretque,
1743 3556 1794 3619 ut
1832 3517 1880 3618 in
1917 3515 1999 3615 Hi-

535 3654 735 3794 spaniam
771 3656 911 3756 tedire
946 3696 1217 3801 properarem
1253 3657 1350 3763 fore
1385 3702 1514 3766 suum
1551 3666 1793 3764 adventum
1828 3695 1875 3760 et
1915 3658 1998 3801 ipsi

534 3799 946 3902 commodissimum
959 3879 974 3923 ,
1011 3837 1055 3902 et
1096 3805 1181 3903 toti
1216 3817 1378 3948 Regno
1414 3807 1672 3926 salutarem,
1710 3843 1848 3948 utque
1886 3843 1998 3905 con·-

538 3942 691 4041 scensis
743 3941 925 4044 navibus
977 3945 1180 4086 nullaque
1235 3950 1429 4050 militum
1487 3986 1773 4053 externorum
1828 3981 1999 4088 praeter

536 4083 735 4184 nauticos
768 4085 976 4228 imposita
1011 4129 1172 4209 manu,
1208 4132 1383 4194 cursum
1417 4093 1467 4194 in
1502 4094 1724 4196 Baeticam
1760 4090 1993 4235 dirigeret:

536 4265 651 4366 quae
688 4227 724 4330 si
756 4227 816 4331 ab
852 4231 949 4374 ipso
985 4231 1316 4372 impetrassent,
1353 4278 1397 4337 se
1433 4236 1497 4336 illi
1534 4238 1737 4380 equitum
1772 4275 1876 4354 sex,
1911 4273 1991 4376 pe·

537 4369 683 4470 ditum
729 4413 836 4474 vero
880 4373 1041 4517 viginti
1085 4379 1222 4479 millia
1266 4381 1523 4500 collaturos,
1566 4381 1724 4524 quibus
1766 4379 1903 4522 copiis
1944 4413 1997 4474 ac

534 4509 671 4651 ipsius
715 4519 953 4654 praesentia
996 4514 1121 4618 facile
1158 4522 1213 4621 sit
1256 4524 1567 4625 tumultuantes
1609 4523 1818 4624 Castellae
1859 4559 1994 4662 popu-

422 4783 425 4792 !
535 4653 602 4752 los
643 4672 843 4758 coercere
880 4661 934 4760 ad
966 4653 1256 4802 officiumque
1284 4671 1515 4767 reducere.
1552 4677 1683 4770 Hanc
1709 4665 2001 4808 legationem,

537 4831 708 4937 petente
745 4801 991 4926 Concilio,
1035 4801 1221 4909 libenter
1265 4810 1451 4956 suscepit
1502 4809 1755 4913 Ludovicus
1803 4809 1999 4912 Mendez

784 5014 824 5082 ς,
1917 4964 2003 5052 So·
