4284 5982
570 363 698 438 xcvr.
981 357 1575 453 Jonn.oau.sanuavaunn

541 483 738 572 moralium
755 542 768 589 ,
785 481 850 570 sed
866 484 976 570 etiarn
992 480 1296 568 intellectualium
1318 513 1384 598 per
1408 481 1509 602 leges
1531 481 1768 569 inducantur.
1797 482 2013 596 Cumq'um

540 603 662 688 omnis
685 603 850 686 humana
874 601 1008 688 vitain
1035 600 1230 714 negotium
1253 627 1292 688 et
1314 601 1468 708 otium,
1493 599 1630 687 bellum
1659 626 1697 686 et
1725 627 1865 715 pacem
1890 599 2000 686 divi·

546 720 656 806 datur
675 743 740 822 3et
756 747 880 804 rerum
901 719 1133 832 agendarum
1149 718 1337 832 quaedam
1354 720 1574 806 necessariae
1587 743 1627 804 et
1641 717 1751 802 utiles
1765 717 1862 821 sint,
1877 745 2000 832 quae·

543 836 634 923 dam
666 839 874 922 honestae:
902 835 1041 920 bellum
1073 833 1172 950 pacis
1198 863 1338 940 causa,
1368 836 1562 952 negotium
1592 834 1687 939 otii,
1715 833 1930 920 necessaria
1958 839 2009 919 et'

543 953 646 1038 utilia
678 953 924 1039 honestorum
952 952 1081 1066 suscipi
1108 952 1263 1039 debent.
1295 952 1477 1068 adquae
1502 952 1629 1038 omnia
1649 951 1832 1065 spectanti
1860 950 1999 1066 legum

544 1069 652 1157 latori
686 1065 859 1156 ferendae
888 1070 986 1186 leges
1012 1092 1114 1156 stmt.
1143 1070 1218 1154 Sed
1242 1095 1366 1154 rerum
1382 1069 1624 1186 agendarum
1655 1068 1758 1154 uaria
1780 1073 1827 1151 et
1860 1066 2007 1151 incon«

543 1212 643 1272 stans
668 1213 803 1274 natura
833 1187 974 1274 nullam
1002 1189 1051 1273 de
1075 1185 1157 1300 ipsis
1181 1185 1305 1300 legem
1332 1184 1416 1272 ferri
1438 1186 1636 1301 permittit,
1653 1213 1749 1292 quae
1763 1184 1916 1270 cunctis
1932 1185 2006 1268 ho·-

548 1304 710 1390 minibus
728 1365 741 1411 ,
757 1305 985 1419 temporibus
1006 1325 1046 1390 et
1067 1303 1158 1390 locis
1170 1305 1385 1390 conveniat.
1415 1307 1470 1388 lta
1492 1331 1580 1390 cum
1595 1303 1644 1389 de
1660 1305 1768 1388 rebus
1793 1299 2003 1414 singulari·

552 1422 652 1527 bus,
715 1451 785 1508 uae
810 1420 971 1507 infinitae
999 1449 1158 1506 numero
1183 1445 1299 1526 sunt,
1327 1450 1405 1505 non
1431 1420 1514 1506 satis
1539 1419 1652 1535 possit
1682 1419 1827 1534 legibus
1857 1418 2002 1503 consti-

548 1539 632 1627 tui:
659 1451 840 1642 efficitur,
868 1563 912 1623 ut
937 1539 1053 1624 multa
1076 1539 1278 1624 necessario
1294 1538 1498 1652 principum
1511 1607 1515 1616 .
1528 1537 1588 1621 vel
1611 1565 1854 1620 summorum
1883 1537 2002 1650 magi·

548 1680 731 1771 stratuum
763 1656 913 1742 arbitrio
936 1683 975 1742 et
998 1654 1151 1740 consilio
1174 1655 1409 1742 deliberanda
1434 1679 1473 1740 et
1498 1653 1694 1766 judicanda
1715 1652 2002 1768 relinquantur-1

548 1777 677 1890 Atque
693 1773 785 1860 haec
799 1773 952 1888 quidem
968 1773 1007 1857 in
1023 1773 1144 1885 primo
1159 1772 1264 1858 libro.

637 1897 681 1976 ln
704 1891 870 1976 secundo
890 1891 938 1976 de
960 1891 1058 2004 regia
1075 1889 1245 2004 civilique
1259 1887 1586 1977 administratione
1604 1887 1794 2001 disputat:
1824 1888 1911 1974 hoc
1925 1911 2002 1998 est,

550 2029 677 2090 utrum
693 2036 753 2109 ea,
769 2035 866 2122 quae
881 2005 1023 2120 legibus
1037 2007 1209 2091 constitui
1225 2037 1303 2092 non
1320 2031 1488 2120 possunt,
1505 2007 1613 2092 unius
1629 2006 1781 2090 arbitrio
1798 2029 1842 2090 et
1859 2031 1996 2092 aucto·

550 2121 676 2229 titati,
702 2151 748 2206 an
774 2123 933 2236 p'utium
947 2122 1102 2208 consilio
1116 2147 1154 2208 et
1170 2124 1386 2238 prudentiae
1401 2126 1473 2222 sint
1488 2121 1740 2240 relinquenda.
1770 2125 1838 2208 De
1853 2124 1996 2238 quibus

551 2264 722 2325 accurate
736 2241 775 2322 in
792 2264 1147 2354 utramquepartem
1166 2241 1304 2327 dissent
1321 2299 1336 2344 ‚
1353 2269 1512 2356 eamque
1537 2239 1756 2327 sententiam
1770 2263 1929 2345 tuetur,
1951 2265 1999 2328 ut

551 2355 695 2470 regium
718 2357 909 2471 imperium
930 2356 1057 2442 ceteris
1081 2358 1256 2444 omnibus
1279 2359 1540 2474 rebuspublicis
1568 2359 1613 2442 sit
1636 2357 1750 2472 longe
1774 2353 1998 2472 praeferen-

551 2471 672 2558 dum:
704 2502 819 2588 quam
842 2473 996 2588 quidem
1023 2473 1146 2558 multis
1167 2476 1369 2561 rationibus
1391 2505 1437 2560 ex
1463 2475 1615 2560 historia
1631 2475 1790 2559 maxime
1808 2498 1852 2559 et
1867 2497 1997 2560 rerum¹

556 2617 628 2674 usu
656 2613 694 2674 et
719 2589 932 2704 cognitione
952 2589 1074 2704 petitis
1096 2590 1308 2677 confirmat.
1352 2589 1473 2679 Affert
1501 2592 1683 2706 siquidem
1713 2589 1998 2706 quamplurima

553 2730 810 2820 argumenta,
841 2736 940 2822 quae
970 2731 1102 2791 contra
1129 2738 1235 2794 suam
1265 2709 1313 2795 de
1348 2707 1474 2822 Regio
1497 2707 1653 2823 imperio
1681 2707 1814 2793 ceteris
1842 2705 1995 2821 praefe-

554 2821 674 2908 rendo
690 2824 922 2930 sententiam,
932 2849 969 2909 et
981 2852 1051 2937 pro
1065 2823 1164 2909 civili
1178 2851 1388 2939 paucorum
1405 2850 1444 2910 et
1456 2825 1688 2940 optimorum
1705 2823 1995 2910 administratio·

553 2967 604 3024 ne
633 2965 780 3053 possent
802 2940 948 3028 adduci.
980 2941 1128 3034 Quibus
1154 2945 1328 3027 omnibus
1357 2941 1507 3027 abunde
1542 2941 1722 3057 sigillatim
1753 2941 1993 3056 respondet,

557 3083 831 3172 recensetque,
860 3085 1006 3174 quanto
1023 3057 1128 3172 plura
1144 3121 1157 3165 ,
1173 3079 1394 3175 quantoque
1421 3059 1562 3172 majora
1586 3058 1834 3145 incommoda
1867 3083 1906 3144 et
1929 3057 1995 3143 da·

558 3203 648 3258 mna
662 3203 707 3260 err
726 3175 961 3280 multorum,
987 3204 1102 3289 quarn
1125 3205 1169 3262 ex
1184 3177 1291 3262 unius
1314 3177 1526 3291 imperioet
1548 3175 1720 3278 civibus,
1743 3200 1782 3261 et
1805 3173 1882 3262 toti
1907 3173 1996 3261 civid

556 3292 624 3376 tati
641 3291 701 3378 vel
718 3291 936 3406 reipublicae
952 3292 1165 3377 deriventur
1180 3323 1193 3396 ς
1209 3318 1429 3408 quantoque
1444 3289 1582 3377 facilius
1592 3318 1632 3378 et
1644 3290 1778 3378 certius
1798 3293 1994 3404 inregno,

556 3437 674 3524 quam
689 3407 921 3522 inlrepublica
931 3408 1105 3494 omnibus
1120 3409 1301 3521 eiusmodi
1316 3409 1560 3496 incommodis
1568 3409 1822 3523 provideatur.
1840 3407 1993 3494 Deinde

556 3524 612 3610 ad
637 3525 819 3610 rationem
835 3523 1024 3612 deferendi
1039 3527 1144 3640 regni
1160 3527 1360 3614 descendit.
1389 3530 1490 3612 Cum
1513 3549 1641 3611 autem
1658 3524 1851 3640 dupliciter
1876 3551 1993 3640 regna

557 3639 802 3748 deserantur,
822 3671 901 3728 uno
917 3646 1035 3730 modo
1060 3643 1282 3730 hereditario
1305 3644 1410 3756 jure,
1436 3672 1523 3729 cum
1539 3642 1635 3758 Regi
1663 3643 1870 3728 demortuo
1896 3639 2016 3724 filius

558 3785 625 3844 aut
646 3759 831 3872 proximus
846 3758 1005 3874 quisque
1030 3763 1256 3876 cognatione
1272 3789 1317 3845 ex
1331 3763 1465 3847 eadem
1489 3756 1624 3844 familia
1648 3759 1839 3860 succedit;
1870 3757 1992 3841 altero

559 3877 722 3987 ejusdem
740 3878 869 3991 populi
885 3875 1084 3993 suffragio,
1099 3876 1291 3992 ipsiusviri
1305 3938 1316 3981 ,
1332 3877 1398 3992 qui
1414 3906 1533 3993 regno
1548 3877 1737 3991 quaeritur
1754 3933 1768 3979 ,
1793 3873 1989 3960 virtutibus

559 3993 751 4096 spectatis:
768 3995 900 4080 harum
924 4019 1009 4080 utta
1023 3995 1118 4080 ratio
1133 3997 1179 4080 sit
1193 3995 1346 4109 potior,
1368 4019 1406 4080 et
1422 3997 1540 4110 magis
1556 4024 1577 4079 e
1593 3994 1700 4079 bono
1715 3993 1891 4110 publico,
1908 4017 1989 4073 non

559 4135 691 4194 vacare
710 4109 828 4222 inquit
854 4110 1117 4200 controversia.
1151 4111 1229 4199 Sed
1244 4135 1402 4215 auctor,
1419 4110 1569 4226 prolatis
1582 4110 1621 4194 in
1648 4111 1814 4197 medium
1840 4104 1988 4192 rationi·

557 4227 655 4329 bus,
670 4225 804 4339 quibus
828 4227 991 4344 plerique
1007 4230 1110 4316 ducti
1125 4229 1365 4347 posteriorem
1383 4223 1568 4315 deferendi
1585 4229 1689 4346 regni
1702 4229 1888 4312 rationem
1905 4250 1983 4306 ma·

558 4344 612 4458 gis
639 4343 829 4455 probent,
859 4345 935 4460 ipse
962 4350 1014 4432 ob
1036 4377 1173 4463 magna
1201 4372 1239 4433 et
1254 4345 1449 4433 certissima
1471 4345 1735 4450 incommoda,
1752 4372 1851 4460 quae
1875 4369 1921 4425 ex
1941 4363 1986 4421 ea

559 4460 762 4566 exsistunt,
787 4491 961 4577 quaeque
985 4464 1100 4579 longe
1122 4464 1230 4578 plura
1259 4463 1456 4577 multoque
1473 4461 1612 4572 majora
1626 4485 1737 4568 sunt,
1755 4489 1873 4580 quam
1888 4479 1984 4570 quae
2032 4546 2036 4560 Χ

560 4569 606 4668 ¹en
622 4576 735 4661 altera
751 4636 765 4681 ‚
781 4577 859 4662 fieri
874 4581 1135 4687 demonstrat,
1157 4604 1204 4666 ut
1220 4581 1346 4694 prior,
1371 4607 1469 4694 quae
1484 4575 1646 4696 regnum
1676 4577 1761 4665 iacit
1787 4577 1909 4664 eidem
1932 4568 1983 4654 fa·

561 4694 682 4786 miliae
699 4695 1119 4812 hereditarium,longe
1143 4697 1187 4783 sit
1202 4699 1476 4810 anteponenda.
1977 4707 1979 4712 “

648 4817 693 4900 ln
708 4815 818 4900 tertio
834 4813 929 4902 libro
959 4815 1007 4904 de
1022 4817 1135 4935 Reg'a
1150 4812 1275 4904 officio
1304 4813 1419 4932 paulo
1445 4757 1652 4905 accuratius
1677 4813 1827 4904 dinerit.
1860 4801 1982 4938 Multa

1886 4949 1982 5010 erum
