4298 5980
583 423 669 516 206
859 461 862 468 ’
978 440 1063 520 DE
1109 439 1312 519 REBUS
1360 437 1584 521 GEs‘rls

535 641 723 722 norum,
763 597 841 741 qui
878 596 1094 701 Carolum
1129 593 1305 698 fuerant
1339 597 1388 699 in
1425 591 1690 737 Hispaniam
1726 590 1884 720 secuti,
1919 591 2015 698 tria

534 788 579 850 ct
628 747 898 889 quingentos
948 783 1050 846 cum
1104 737 1328 886 praefecto
1382 743 1546 844 Carolo
1597 745 1806 870 Lanoj0,
1865 783 2014 884 quem

533 933 657 1034 saepe
695 889 1054 1010 nominavimus,
1090 889 1341 1010 sustulerat,
1379 925 1423 989 et
1461 889 1517 989 ad
1554 886 1739 988 tertium
1777 885 2011 993 decimum
2127 947 2128 970 r

532 1039 629 1138 Kal.
668 1031 939 1137 Novembris
977 1077 1029 1137 ex
1058 1073 1199 1178 portu
1236 1075 1378 1137 novae
1409 1029 1688 1173 Carthaginis
1722 1025 1929 1172 profecta
1966 1071 2011 1134 et
2127 1053 2128 1106 Ὺ

532 1184 590 1284 ad
616 1180 845 1282 Corsicam
882 1183 1018 1283 delata
1063 1184 1264 1326 quinque
1315 1179 1405 1282 dies
1442 1179 1498 1279 ad
1536 1211 1633 1275 eam
1665 1176 1859 1276 insulam
1894 1218 2009 1280 com·

532 1364 704 1428 morata
740 1364 832 1448 est,
871 1328 977 1430 dum
1008 1362 1171 1433 uentus
1209 1329 1392 1427 idoneus
1438 1360 1739 1465 exspectatur,
1786 1364 1882 1463 quo
1919 1337 2006 1426 Ge-

531 1511 667 1575 nuam
702 1473 883 1593 urbem,
922 1474 1119 1614 quaein
1151 1471 1243 1571 lide
1278 1471 1429 1573 Caroli
1465 1470 1659 1573 Caesaris
1696 1504 1809 1588 erat,
1846 1505 1890 1568 et
1922 1466 2002 1568 ho·

533 1617 621 1717 stili
656 1616 783 1718 classe
820 1616 1127 1738 obsidebatur,
1149 1616 1516 1756 compelleretur,
1558 1615 1675 1716 unde
1708 1611 1867 1713 milites
1896 1652 2002 1754 pau·

407 1825 408 1830 κ
531 1798 688 1861 corum
736 1760 906 1860 dierum
954 1757 1110 1859 itinere
1156 1762 1469 1865 Mediolanum
1519 1759 1862 1860 deducerentur.
1924 1756 2003 1856 Sed
2127 1845 2128 1850 t

530 1903 611 2000 ubi
647 1938 951 2042 tempestatem
993 1905 1112 2001 nacti
1158 1940 1250 1999 non
1302 1901 1636 2002 incommodam
1678 1942 1730 2002 eo
1775 1938 2002 2036 processe-

530 2079 648 2162 rant,
684 2048 804 2144 unde
839 2057 994 2143 Genua
1030 2081 1123 2146 non
1159 2042 1254 2183 plus
1293 2043 1530 2145 duodecim
1567 2081 1772 2182 passuum
1806 2041 1996 2143 millibus

530 2183 709 2306 aberat,
748 2182 896 2286 subito
934 2185 1118 2287 malacia
1163 2226 1396 2291 consecuta
1439 2186 1681 2290 necessario
1722 2222 1853 2287 naves
1890 2223 1996 2285 con«¹

532 2330 766 2431 stiterunt.

601 2484 762 2575 LXIV.
833 2489 941 2594 Quo
978 2474 1311 2595 animadverso,
1350 2477 1546 2578 Andreas
1583 2475 1724 2579 Doria
1761 2485 1992 2618 Petrusque

528 2625 783 2736 Navatnts,
821 2615 992 2718 hostilis
1047 2622 1185 2724 classis
1241 2633 1441 2752 Genuam
1476 2619 1714 2725 obsidentis
1750 2615 1989 2761 praefecti,

526 2760 745 2862 sexdecim
785 2758 1038 2860 triremibus
1083 2759 1390 2885 invehuntur,
1428 2807 1478 2866 ac
1515 2809 1567 2867 ex
1604 2765 1864 2887 intervallo,
1901 2803 1988 2906 quo

527 2903 610 3043 ipsi
660 2942 898 3005 aeneorum
943 2938 1267 3007 tormentorum
1309 2909 1404 3009 telis
1455 2911 1637 3050 impune
1680 2948 1842 3012 nocere
1892 2947 1991 3049 pos-

528 3083 655 3164 sent,
690 3042 835 3148 ferreis
871 3046 1033 3147 scilicet
1079 3050 1341 3170 tormentis,
1385 3053 1545 3194 quibus
1590 3055 1815 3154 onerariae
1859 3091 1989 3151 naves

527 3225 737 3310 utuntur,
778 3229 868 3291 non
911 3227 1004 3290 tam
1039 3190 1173 3335 longe
1209 3193 1523 3326 jaculantibus,
1579 3230 1776 3296 nostram
1810 3192 1987 3293 classem

525 3371 784 3578 oppupnare
820 3371 985 3474 magno
1028 3333 1198 3475 impetu
1239 3363 1516 3479 coeperunrs
1557 3379 1646 3482 qua
1688 3337 1989 3481 oppugnatio·

526 3517 581 3577 ne
631 3519 656 3577 a
728 3474 840 3578 hora
890 3477 980 3577 diei
1027 3477 1193 3583 circiter
1235 3483 1362 3582 tertia
1404 3486 1461 3584 ad
1509 3521 1689 3584 noctem
1743 3485 1992 3623 producta,

528 3620 678 3764 paucis
715 3621 922 3764 quassatis
960 3653 1003 3720 et
1038 3661 1088 3721 ea
1124 3623 1345 3747 maxime,
1390 3666 1505 3769 quae
1552 3627 1825 3729 Pernandum
1873 3627 1992 3728 Alar-

531 3805 690 3868 conem
733 3764 954 3883 vehebat,
996 3803 1085 3865 una
1126 3769 1352 3872 dumtaxat
1396 3773 1595 3913 depressa
1638 3807 1735 3878 ests
1779 3768 1863 3868 hac
1907 3767 1989 3868 Hi·

526 3912 650 4046 spani
678 3909 992 4052 quadringenti
1029 3907 1330 4034 vehebantur,
1368 3954 1586 4056 quotum,
1612 3912 1761 4014 ceteris
1793 3911 1991 4013 desidera·

527 4051 617 4170 tis,
655 4089 832 4152 centum
868 4053 1037 4154 circiter
1085 4093 1189 4159 cum
1235 4053 1455 4200 praefecto
1506 4059 1760 4178 Saavedra,
1812 4052 1896 4195 qui
1942 4051 1991 4152 ad

526 4190 702 4297 hostiles
738 4233 867 4297 naves
904 4235 1164 4325 enatarunt,
1201 4203 1401 4348 excepti,
1444 4203 1574 4303 multi
1616 4201 1737 4303 enim
1780 4237 1889 4300 cum
1930 4193 1991 4294 tri-

526 4373 662 4436 remes
706 4338 1119 4481 apprehendissent,
1161 4348 1343 4451 concisis
1385 4345 1443 4450 ab
1491 4346 1619 4449 hoste
1666 4341 1870 4448 manibus
1909 4339 1989 4441 alto

525 4478 687 4580 redditi
723 4481 968 4620 perierunt.
996 4493 1077 4588 Sed
1113 4491 1226 4590 circa
1263 4495 1362 4592 solis
1398 4487 1603 4595 occasum
1639 4527 1788 4595 exorta
1820 4482 1987 4632 gravio·

526 4659 574 4721 re
623 4659 877 4768 tempestate
927 4625 1070 4730 hostes
1124 4632 1171 4731 in
1222 4655 1401 4775 portum
1453 4677 1538 4740 sese
1588 4638 1776 4780 recipere
1828 4623 1992 4732 coacti:

525 4772 773 4872 Caesariani
833 4813 953 4876 vero·
988 4775 1177 4909 disjectis
1222 4776 1407 4881 navibus
1458 4777 1652 4881 ferunmr
1694 4781 1848 4899 ,nec
1901 4804 1995 4874 ante
2125 4821 2126 4838 ψ

526 4909 646 5022 diem
680 4917 862 5024 tertium
897 4923 1131 5026 convenire
1167 4953 1437 5063 potuerunt,
1472 4924 1710 5069 paucisque
1748 4918 1905 5024 diebus
1942 4907 1995 5072 affl

1912 5071 1996 5162 Dr-
