4368 5984
554 431 750 507 xxxvnr.
950 428 1087 521 Jotu.
1106 426 1221 500 outa.
1237 424 1544 500 strumenta

525 529 631 620 editis
653 530 692 614 in
706 526 839 643 impios
869 525 1159 614 etturbulentos
1185 525 1357 614 homines
1388 524 1528 612 libellis.
1563 524 1693 633 Hinc,
1727 529 1873 648 magnis
1897 526 1984 620 licet

528 648 839 764 occupationibus
855 645 1053 733 distractus
1070 645 1331 761 districtusque
1349 706 1362 750 ,
1389 645 1627 732 occasionem
1642 647 1794 764 arripuit
1824 649 1985 736 scriben-

438 781 443 797 “
527 770 642 860 dide
669 767 815 854 ratione
845 765 935 850 anni
960 759 1197 850 multifariam
1213 763 1450 879 depravata,
1480 765 1609 880 deque
1641 765 1718 876 ejus
1754 769 1986 856 correctione

529 887 717 993 libellum,
744 907 760 948 1
788 914 904 999 quem
928 910 977 968 eo
1007 880 1163 968 consilio
1192 881 1242 969 ad
1261 887 1315 968 G.
1329 886 1597 970 Contarenum
1628 885 1754 990 misit,
1779 913 1823 974 ut
1840 887 1898 991 si,
1923 913 1989 972 co·

533 1001 826 1107 acroconcilio,
850 1002 1020 1088 Patribus
1036 1001 1156 1088 visum
1173 995 1338 1088 fueritin
1366 1002 1465 1088 hanc
1494 1030 1654 1117 quoque
1680 1031 1808 1090 curam
1837 1003 1990 1091 descen·

529 1125 640 1228 dere,
669 1122 851 1207 haberent
860 1120 970 1206 unde
986 1149 1137 1234 possent
1156 1117 1281 1236 aliqua
1296 1144 1475 1235 exparte
1504 1119 1653 1233 juvari.
1681 1126 1766 1208 Nec
1798 1123 1899 1210 enim
1915 1121 1986 1210 du·

384 1285 389 1294 ·
526 1241 725 1332 bitandum
741 1262 847 1343 erat,
871 1238 965 1353 quin
981 1237 1048 1327 viri
1071 1237 1300 1344 doctissimi,
1317 1238 1549 1356 gravissimi,
1573 1263 1613 1324 et
1629 1239 1859 1355 antiquitatis
1875 1270 1989 1356 prae-

527 1361 653 1449 sertim
681 1353 941 1444 ecclesiasricae
972 1356 1229 1472 peritissimiin
1251 1383 1336 1464 eam
1360 1355 1474 1444 etiam
1490 1385 1620 1443 curam
1637 1357 1926 1464 incumberent,
1946 1383 1992 1448 ut

527 1480 623 1569 ratio
648 1503 864 1592 temportun
879 1504 959 1561 non
979 1474 1100 1562 modo
1126 1474 1344 1592 religionem
1363 1500 1519 1591 propter
1539 1474 1787 1591 plurimorum
1802 1473 1991 1566 festorum
2019 1559 2022 1566 .

527 1596 846 1699 celebrationem,
885 1591 952 1680 sed
982 1621 1139 1680 omnem
1169 1592 1452 1708 propemodum
1487 1594 1680 1680 humanae
1713 1594 1813 1683 vitae
1843 1621 1992 1712 partem

528 1717 716 1833 attingens
746 1711 1024 1828 corrigeretur,
1054 1711 1245 1826 multiplici
1271 1740 1397 1798 errore
1425 1710 1575 1800 sublato
1594 1772 1608 1818 ,
1629 1711 1698 1827 qui
1713 1743 1854 1830 magna
1886 1715 2009 1804 ineu·-

529 1835 583 1924 tia
604 1859 643 1920 et
657 1829 885 1948 negligentia
917 1829 1153 1944 superiorum
1182 1829 1423 1917 sacerdotum
1457 1831 1681 1946 irrepserat.
1725 1831 1876 1924 Etenim
1906 1861 1992 1919 san·

489 1962 490 1966 '
533 1949 681 2040 ctissimi
693 1947 742 2034 illi
757 1955 905 2054 Patres,
921 1949 989 2065 qui
1003 1947 1176 2034 Nicaeno
1200 1947 1375 2035 Concilio
1393 1945 1622 2055 interfuere,
1636 1949 1713 2036 hoc
1727 1951 1844 2038 velin
1862 1951 1990 2065 primis

531 2071 583 2158 ad
598 2099 708 2155 suum
736 2063 935 2172 officium,
961 2090 999 2151 et
1016 2064 1205 2154 Ecclesiae
1230 2065 1452 2182 dignitatem
1469 2066 1800 2184 commodumque
1827 2068 1991 2184 pertine·

528 2217 570 2274 re
584 2187 875 2290 ¹existimarunt,
904 2208 949 2269 ut
975 2182 1014 2270 in
1047 2184 1107 2270 die
1124 2180 1220 2272 festo
1247 2186 1546 2274 Resurrectionis
1572 2185 1712 2272 Christi
1736 2211 1777 2273 et
1808 2186 1989 2278 Paschate

528 2303 754 2392 celebrando
769 2300 819 2390 sic
846 2301 937 2388 anni
952 2326 1102 2419 tempus
1124 2304 1417 2411 observaretur,
1444 2329 1492 2392 ut
1516 2328 1707 2392 constaret
1735 2304 1834 2394 ratio
1852 2305 1990 2394 mensis

528 2448 645 2540 atque
661 2420 763 2527 diei,
788 2445 828 2507 et
856 2420 942 2506 solis
967 2447 1012 2506 ac
1037 2421 1149 2506 lunae
1179 2424 1485 2540 progressionum
1502 2423 1541 2508 in
1568 2418 1767 2541 signifero:
1807 2451 1991 2540 quactua

529 2571 553 2626 a
574 2539 838 2657 posterioribus
857 2537 1055 2654 neglecta,
1091 2566 1294 2657 erroreque
1317 2541 1451 2628 indies
1482 2565 1707 2657 augescente
1722 2537 1868 2628 fastum
1894 2568 1989 2656 crat,

527 2683 572 2745 ut
584 2656 782 2744 celebratio
798 2655 984 2742 Paschatis
1011 2656 1200 2744 interdum
1231 2659 1313 2776 plus
1329 2689 1448 2776 quam
1465 2687 1595 2745 mense
1619 2658 1845 2774 discreparet
1860 2660 1911 2746 ab
1925 2660 1991 2748 illo

529 2801 656 2864 vetere
671 2799 886 2861 sanctorum
902 2778 1055 2860 Parrum
1073 2774 1259 2864 instituto.
1285 2779 1524 2882 Accedebat,
1545 2776 1655 2894 quod
1674 2777 1797 2864 natale
1812 2783 1991 2870 Servato-

527 2895 575 2981 ris
606 2894 748 2997 nostri,
773 2890 977 3007 quoderat
1002 2892 1042 2977 in
1066 2893 1143 3007 ipsa
1169 2895 1305 2982 bruma
1323 2900 1438 3012 (quo
1473 2892 1534 2981 die
1549 2921 1687 2982 natum
1703 2923 1793 2982 eum
1808 2895 1990 3012 constat)

527 3011 824 3113 celebrandum,
846 3009 1134 3128 quartodecimo
1149 3012 1289 3100 circiter
1323 3039 1410 3130 post
1425 3012 1486 3101 die
1501 3012 1783 3118 celebraretur.;
1805 3043 1851 3101 ac
1876 3015 1994 3103 ceteri

529 3157 661 3218 omnes
676 3126 758 3217 festi
780 3128 858 3214 dies
880 3128 1018 3215 eodem
1045 3130 1195 3217 modo.
1228 3132 1407 3248 Denique
1431 3156 1605 3220 veterum
1637 3130 1845 3220 medicinae
1858 3133 1992 3250 reique

529 3247 684 3334 rusticae
711 3271 910 3333 auctorum
936 3273 1135 3364 praecepta
1162 3273 1201 3334 et
1234 3251 1455 3338 mortalibus
1471 3249 1686 3355 utilissima,
1709 3277 1759 3336 ne
1776 3250 1899 3340 dicam
1922 3281 1994 3340 ne·

530 3365 711 3470 cessaria,
737 3363 875 3479 quibus
899 3393 1023 3452 rerum
1048 3366 1356 3482 tempestivitates
1390 3367 1679 3484 prudentissime
1705 3369 1866 3460 traditae
1888 3393 1993 3476 sunt,

530 3484 691 3572 multum
713 3483 965 3570 abhorrebant
980 3485 1030 3569 ab
1057 3484 1130 3571 hac
1144 3512 1362 3603 temporum
1379 3515 1554 3604 perversa
1577 3488 1878 3601 computatione.
1907 3493 1994 3576 Un-

530 3603 581 3691 de
605 3630 763 3719 magnus
779 3629 882 3686 error
911 3600 1083 3690 invitam
1115 3603 1315 3692 hominum
1332 3606 1536 3714 inductus,
1561 3603 1630 3692 nisi
1646 3605 1888 3699 cohiberetur
1903 3668 1917 3715 ,
1932 3607 1992 3694 in·

529 3719 634 3808 finite
650 3744 827 3806 cresceret
843 3747 992 3806 necesse
1014 3747 1122 3808 erat.
1152 3725 1227 3810 Sed
1251 3753 1341 3810 cum
1373 3724 1482 3838 hujus
1508 3723 1642 3812 erroris
1668 3724 1898 3814 emendandi
1922 3725 1995 3814 du·

531 3839 616 3954 plex
640 3862 736 3924 esset
763 3837 887 3942 ratio,
913 3866 1085 3926 neutram
1113 3840 1293 3928 intactam
1310 3843 1519 3960 relinquere
1550 3841 1745 3932 eonstituit
1774 3844 1985 3947 Genesium

528 3957 599 4052 ¹sed
622 3956 774 4043 alteram
792 3985 920 4072 ,quae
940 3957 991 4045 ad
1006 3959 1097 4044 caeli
1111 3984 1377 4078 astrorumque
1402 3986 1552 4050 motum
1568 3960 1756 4076 pertinet,
1779 3962 1915 4054 idcirco
1931 3962 1992 4048 le·-

526 4074 685 4176 2viterac
700 4075 912 4161 summatim
934 4078 1180 4186 constrinxit,
1206 4082 1388 4196 quoniam
1406 4081 1454 4168 de
1485 4109 1531 4166 ea
1563 4078 1751 4196 quosdam
1776 4080 1923 4170 videret
1936 4108 1987 4172 ia·

531 4190 718 4308 strologos
734 4190 928 4308 diligenter
949 4220 989 4282 et
1006 4194 1148 4304 docte,
1179 4226 1223 4285 ac
1239 4199 1342 4314 justis
1355 4198 1611 4288 voluminibus
1649 4195 1881 4302 disseruisse,
1899 4196 1994 4287 alro-

535 4340 641 4415 ram,
664 4338 764 4425 quae
788 4310 934 4398 civilem
959 4312 1228 4406 institutionem
1251 4344 1291 4405 et
1314 4317 1395 4432 juta
1411 4317 1607 4408 vetustatis
1633 4314 1811 4432 attingit,
1831 4343 1988 4404 accura-

536 4429 610 4514 tius
638 4427 861 4541 explicavit,
892 4457 981 4516 cum
1013 4458 1108 4520 esset
1135 4437 1240 4522 velut
1265 4464 1380 4553 caput
1408 4436 1518 4550 hujus
1546 4435 1779 4551 quaestionis
1795 4432 1985 4548 ,etquasi

536 4541 850 4654 fundamentum,
867 4577 949 4661 quo
979 4551 1048 4635 niti
1072 4551 1227 4638 deberet
1258 4578 1342 4640 tota
1366 4553 1607 4640 correctionis
1634 4554 1746 4642 ratio.
1771 4633 1776 4640 .

623 4668 771 4752 Auctor
789 4691 915 4752 noster
931 4666 970 4754 id
992 4667 1058 4754 sibi
1081 4670 1120 4755 in
1137 4699 1254 4756 aureo
1276 4673 1353 4759 hoc
1367 4671 1495 4760 libello
1520 4669 1862 4764 demonstrandum
1879 4701 1987 4760 sum·

1301 4815 1304 4828 ·
1940 4783 1987 4879 sit

576 4957 595 5004 a
634 4941 712 5008 Vide
719 4941 899 5022 sepultarae
911 4944 1064 5025 epistolam
1075 4947 1114 5010 ad
1130 4943 1330 5014 Contarenum
1348 4949 1424 5014 libro
1435 4949 1472 5014 ‹le
1493 4951 1564 5022 anui
1581 4949 1761 5020 maeotim
1776 4944 1944 5026 puellm
