4298 5980
569 446 661 546 234
976 442 1062 524 nn
1104 441 1303 524 ansus
1341 440 1562 526 casrrs

512 610 584 715 'sit
620 607 752 751 ipsius
788 595 987 745 captivus
1024 605 1141 730 justo
1177 591 1294 696 bello
1331 631 1510 742 captus,
1546 594 1712 700 bellum
1747 594 1831 702 sibi
1871 598 2009 708 indi-

527 791 628 878 cat,
665 746 914 898 praesertim
951 743 1086 847 causis
1123 780 1203 845 nec
1238 742 1389 876 justis,
1426 782 1507 844 nec
1542 741 1654 845 vetis
1691 741 1851 858 illatis3
1885 791 2008 856 nam

526 899 788 1007 Pontificem
834 891 1116 1012 Maximum,
1164 888 1242 1031 qui
1282 929 1327 990 se
1369 889 1513 991 invito
1562 924 1606 990 et
1659 924 1813 1032 captus
1861 885 2006 1000 fuerit

527 1085 571 1150 tt
606 1041 876 1162 custodinrs,
918 1048 1011 1175 jam
1055 1074 1141 1138 esse
1182 1075 1263 1136 suo
1310 1043 1429 1168 jussu
1472 1033 1705 1136 dimissum
1746 1073 1791 1137 et
1834 1034 2001 1146 libera·-¹

528 1225 651 1310 tum,
688 1225 740 1290 ut
777 1186 919 1330 pridie
956 1223 1138 1288 suorum
1179 1178 1369 1301 litteris,
1411 1178 1664 1322 nuntioque
1705 1175 1848 1286 factus
1889 1179 2001 1288 fuis-

527 1375 590 1438 set
633 1334 830 1440 certiots
879 1333 935 1434 de
977 1329 1112 1475 ipsius
1157 1365 1264 1431 vero
1306 1324 1444 1469 Regis
1491 1322 1776 1470 filiorumque
1818 1329 1998 1434 redem-

527 1479 652 1584 tione
702 1477 892 1582 multum
928 1518 974 1579 se
1021 1475 1077 1576 de
1126 1512 1206 1574 suo
1247 1480 1341 1604 jure
1383 1468 1687 1572 remittentem
1749 1471 1808 1572 ad
1857 1474 1996 1618 longe

529 1627 663 1727 etiam
706 1623 925 1744 leviores,
972 1657 1112 1762 quam
1153 1613 1350 1756 aequitas
1390 1613 1671 1756 postularet,
1715 1616 1994 1721 conditiones

527 1768 824 1878 descendisset
868 1767 924 1866 de
965 1761 1150 1905 pecunia
1194 1757 1392 1860 Henrico
1434 1758 1553 1901 Regi
1592 1757 1744 1860 debita
1792 1791 1839 1862 su'
1880 1761 1997 1866 nibil

528 1952 741 2033 recusate,
768 1909 879 2051 quin
909 1907 976 2027 ei,
1013 1902 1237 2047 quidquid
1271 1896 1403 2004 suerit
1438 1904 1709 2036 judicatum,
1742 1905 1992 2044 persolvam

527 2093 726 2159 ceterum
761 2053 939 2171 mitari,
975 2049 1057 2192 qui
1090 2045 1212 2188 Regi
1245 2045 1477 2148 Francisco
1517 2046 1565 2148 in
1613 2082 1810 2148 mentem
1853 2086 1991 2150 vene-

528 2199 588 2301 rit
625 2197 790 2302 bellum
824 2235 943 2299 nunc
978 2192 1201 2307 indicere,
1231 2193 1357 2331 quod
1392 2200 1483 2324 jam
1519 2191 1690 2331 pridem
1725 2227 1852 2335 gerat
1900 2233 1989 2336 ges-

527 2344 718 2485 seritquc
745 2381 851 2443 cum
877 2339 976 2481 ipso
1003 2375 1141 2477 paene
1175 2333 1451 2440 continenter
1487 2371 1655 2477 septem
1691 2373 1835 2438 annos
1871 2375 1989 2481 supe·

526 2487 662 2589 riores
699 2517 930 2626 nunquam
965 2481 1214 2580 indictum.
1629 2493 1633 2500 '

615 2640 786 2732 XXVI.
879 2632 1032 2765 Atque
1067 2620 1177 2724 haec
1212 2619 1397 2764 quidem
1434 2623 1563 2726 Gallo
1598 2623 1858 2769 respondit.
1892 2627 1987 2730 Bri-

524 2774 709 2874 tannico
744 2807 852 2873 vtro
887 2766 1194 2888 caduceatoti,
1224 2774 1347 2899 cujus
1382 2766 1504 2870 idem
1538 2808 1675 2911 paene
1710 2765 1800 2871 brit
1834 2771 1989 2874 oratio

525 2915 594 3016 nis
620 2916 787 3032 exitus,
820 2913 988 3057 quique
1017 2912 1268 3012 Henricum
1303 2948 1397 3012 non
1432 2953 1508 3014 sua
1544 2914 1690 3016 solum
1701 2991 1717 3036 ,
1747 2915 1822 3016 sed
1858 2916 1987 3019 ctiam

525 3060 662 3203 Regis
697 3058 830 3159 amici
866 3093 909 3158 et
945 3054 1168 3158 Pontificis
1203 3054 1397 3156 Maximi
1432 3055 1594 3189 injuria
1636 3095 1680 3160 et
1722 3060 1988 3162 contumelia

526 3202 775 3345 permoveri
810 3200 947 3320 dixit,
973 3201 1127 3301 eadem
1157 3239 1294 3342 paene
1319 3201 1570 3343 respondit,
1596 3201 1706 3304 illud
1734 3238 1880 3306 tamen
1905 3206 1985 3305 ad-

525 3347 661 3483 jecit,
698 3346 860 3488 precati
895 3385 983 3446 sese
1021 3357 1169 3447 Deum
1212 3343 1541 3468 immortalem,
1562 3388 1617 3448 ne
1653 3347 1737 3451 sibi
1770 3347 1986 3450 Henricus
2126 3341 2127 3348 ἶ

524 3492 755 3628 justiorem
790 3488 955 3592 bellum
987 3489 1028 3592 ei
1061 3483 1252 3590 faciendi
1285 3525 1461 3590 causam
1489 3489 1739 3635 praeberet,
1779 3533 1920 3636 quam
1948 3493 1987 3596 i·

524 3675 603 3779 pse
623 3636 686 3738 illi
721 3633 1007 3780 praebuisset.
1042 3637 1153 3774 Jam
1179 3632 1301 3734 enim
1331 3635 1515 3738 Carolus
1541 3635 1835 3760 intellexerat,
1863 3650 1986 3740 Hen-

524 3780 616 3881 rico
656 3821 743 3882 esse
779 3781 827 3881 in
862 3779 1047 3899 animo,
1083 3814 1135 3879 ut
1172 3776 1219 3881 in
1260 3818 1383 3882 suam
1424 3780 1741 3884 contumeliam
1782 3781 1986 3886 Catheri

524 3961 630 4023 nam
656 3963 837 4027 uxorem
862 3963 982 4025 suam
1022 3959 1067 4024 et
1091 3923 1223 4066 ipsius
1246 3925 1398 4026 Caroli
1430 3961 1709 4030 materteram
1743 3928 1829 4062 (id
1865 3925 1984 4071 quod

509 4068 660 4210 paulo
701 4104 805 4209 post
846 4063 1065 4209 perfecit)
1107 4065 1396 4209 repudiaret,
1442 4112 1493 4174 ex
1542 4112 1630 4214 qua
1676 4108 1779 4173 ante
1822 4108 1984 4176 annum

521 4212 763 4356 plusquam
798 4212 1063 4355 vigesimum
1108 4214 1239 4314 ducta
1273 4209 1434 4316 liberos
1475 4251 1803 4360 procreaverat.
1860 4216 1983 4320 Dein·

522 4355 580 4455 de
616 4359 673 4458 ad
702 4357 880 4460 Gallum
907 4358 1238 4461 caduceatorem
1260 4399 1490 4464 conversus
1514 4359 1722 4466 Carolus:
1748 4361 1868 4464 Haec
1899 4399 1980 4500 que

521 4537 632 4639 que,
662 4500 838 4644 inquit,
879 4511 975 4604 meis
1020 4509 1149 4608 verbis
1183 4509 1299 4608 dicito
1328 4510 1434 4644 Girgi
1463 4540 1564 4631 tto,
1615 4547 1711 4646 quae
1759 4545 1880 4648 nuper
1920 4540 1982 4639 ego

520 4653 714 4750 Granatae
741 4653 991 4788 burdigalia
1016 4651 1188 4788 praesidi
1222 4647 1304 4783 ejus
1334 4657 1459 4789 legato
1496 4661 1573 4792 ipsi
1599 4657 1852 4758 renuntianda
1875 4687 1980 4753 matt-

522 4795 724 4900 da‘retam:
756 4837 800 4897 ea
832 4805 869 4898 si
899 4801 1064 4901 nondum
1095 4805 1308 4940 cognobit,
1341 4801 1409 4900 det
1439 4831 1617 4938 optram,
1657 4833 1702 4904 ur
1732 4807 1855 4936 primo
1890 4831 1982 4930 quo·

1776 4962 1793 5041 j
1912 4967 1981 5077 que
