4326 5986
577 497 660 605 ιιι
982 447 1069 592 ἰιι
1112 505 1317 588 annus
1366 499 1589 588 eesrrs

430 689 433 694 ’
532 753 563 799 ,,
577 709 638 774 tes
665 681 872 772 Hazenus
903 666 1110 787 liberato,
1140 705 1184 768 et
1221 669 1410 770 domum
1447 665 1689 768 incolumes
1728 659 1866 768 redire
1899 705 1977 809 per·

532 815 786 942 „rnittito,
819 855 900 916 nec
937 856 962 914 a
999 814 1083 914 suis
1119 812 1260 953 capi,
1297 849 1373 912 aut
1409 813 1457 913 in
1501 810 1757 915 servitutem
1802 809 1976 918 abstrahi

530 959 928 1086 „Christianorum
979 995 1255 1099 quemquam
1297 999 1351 1058 ex
1393 954 1501 1076 his,
1545 955 1626 1096 qui
1673 954 1817 1055 sub
1802 960 1978 1098 imperio

529 1103 728 1231 „Caroli
764 1139 890 1204 erunt
930 1138 1004 1204 aut
1040 1097 1182 1203 fratris
1217 1101 1427 1204 Femandi
1468 1101 1604 1242 Regis
1652 1107 1983 1265 Romanprum,

530 1247 740 1374 „sinito.
779 1252 902 1350 Idem
941 1244 1125 1348 Carolus
1161 1280 1204 1345 er
1238 1246 1479 1348 Fernandus
1509 1255 1695 1345 Hazeno
1713 1321 1728 1364 ,
1749 1281 1793 1347 et
1818 1245 1896 1374 iis,
1913 1248 1982 1409 qui
2116 1279 2117 1286 ‘

530 1395 657 1519 „sub
700 1392 869 1493 ditione
912 1391 1025 1492 illius
1067 1427 1240 1510 erunt,
1284 1425 1524 1531 praestent.
1562 1387 1858 1512 Christianos,
1895 1392 1983 1532 qui

530 1573 769 1678 „cumque
805 1536 918 1638 intra
954 1534 1133 1636 fines
1096 1574 1186 1667 ejus
1220 1535 1369 1676 Regni
1400 1529 1596 1658 luerint,
1630 1530 1822 1678 benigne
1850 1546 1981 1635 Haze

529 1721 687 1807 „nus,
719 1717 764 1780 et
799 1721 942 1822 aequo
977 1689 1109 1813 jure,
1120 1689 1196 1778 ac
1231 1715 1394 1779 ceteros
1439 1676 1524 1778 sibi
1571 1675 1789 1810 subjectos
1829 1715 1983 1781 morta

531 1906 563 1950 „
579 1826 637 1924 les
671 1759 864 1944 habeto,
903 1861 947 1924 et
990 1820 1263 1924 Christianae
1299 1820 1560 1964 religioni
1546 1860 1596 1922 ιιι
1637 1823 1725 1924 suis
1769 1822 1981 1924 veteribus

531 1967 752 2108 „templis
821 1902 963 2068 ublice
1000 1965 1234 2129 palamque
1270 1967 1426 2070 servire
1437 2044 1453 2087 ,
1492 2005 1540 2066 ac
1571 2006 1690 2068 nova
1716 1966 1847 2069 etiam
1874 2003 1980 2068 tem

528 2191 561 2238 „
575 2112 647 2253 pla
682 2009 974 2212 aedilicare
944 2110 1110 2211 sinito.
1152 2107 1422 2212 Christianos
1459 2110 1651 2214 novitios
1687 2145 1863 2212 asceta
1890 2120 1983 2212 Ma-

397 2297 407 2314 ‘
529 2336 561 2383 ‚,
578 2254 815 2358 humetana
849 2291 1120 2374 conversos,
1157 2252 1238 2393 qui
1275 2296 1327 2355 ex
1354 2255 1507 2356 Caroli
1540 2255 1707 2399 Regnis
1744 2250 1980 2397 transfuge-

528 2481 560 2528 ‚,
578 2400 695 2519 rint,
731 2441 786 2503 ne
822 2399 1041 2542 recipito.
1083 2403 1174 2499 Arx
1210 2398 1397 2517 Goleta,
1437 2434 1482 2502 et
1517 2401 1642 2542 quod
1673 2439 1772 2564 agra
1755 2400 1982 2542 undique

530 2545 687 2673 „circa
722 2547 779 2645 ad
815 2582 1021 2685 passuum
1056 2543 1148 2644 duo
1182 2542 1303 2644 mille
1334 2577 1491 2684 patet,
1524 2580 1618 2708 quo
1655 2544 1781 2646 turris
1818 2547 1871 2646 ad
1905 2585 1977 2686 pu-

527 2771 559 2816 „
575 2724 670 2789 teos
705 2727 845 2830 aquae
888 2686 1064 2809 dulcis,
1098 2727 1148 2787 ac
1185 2685 1271 2831 ipsi
1312 2724 1437 2830 puter
1483 2688 1803 2809 continentur,
1841 2688 1982 2791 Caroli
2121 2753 2122 2762 ι

526 2831 817 2961 „ditionis
787 2869 869 2942 ιιι,
907 2871 986 2932 nec
1022 2867 1172 2933 tamen
1206 2870 1285 2932 usu
1321 2871 1462 2973 aquae
1504 2766 1849 2997 Cathaginenies
1894 2833 1983 2935 lini·

381 3007 382 3010 ‘
526 3057 559 3103 „
576 2977 675 3078 timr
661 2975 1054 3119 prohibeantur.
1093 2975 1324 3100 Tributa,
1363 3011 1406 3077 et
1441 2978 1636 3142 portoria
1679 3018 1732 3079 ex
1773 2976 1984 3080 mercibus

526 3203 558 3248 „
574 3122 780 3224 Goletam
817 3120 1143 3266 importandis,
1178 3156 1221 3220 et
1254 3121 1301 3222 in
1343 3114 1503 3221 foro
1489 3122 1624 3263 ipsius
1655 3122 1900 3224 vendendis
1938 3161 1982 3222 ac
2122 3147 2123 3150 ‘

527 3267 822 3394 „emendis
812 3308 860 3370 m
914 3268 1051 3413 Regis
1094 3265 1282 3408 vectigal
1318 3268 1509 3376 cedant,
1552 3268 1610 3368 ad
1645 3265 1853 3368 alendum
1899 3275 1982 3368 Go-

524 3412 680 3544 „letae
714 3414 981 3556 praesidium
1018 3413 1223 3515 duodena
1257 3449 1548 3514 nummorum
1584 3449 1818 3514 aureomm
1853 3412 1988 3512 millia

528 3633 562 3688 „
577 3556 626 3657 in
660 3597 800 3660 annos
834 3556 1028 3700 singulos
1070 3569 1167 3660 Rex
1202 3557 1315 3662 binis
1360 3558 1514 3700 aequis
1556 3556 1843 3698 pensionibus
1889 3559 1989 3658 dato

527 3703 632 3826 „ad
666 3703 788 3805 diem
830 3702 974 3844 pridie
1022 3702 1321 3805 Kalendarum
1368 3701 1736 3824 Februariarum,
1775 3737 1821 3801 et
1868 3737 1992 3804 oeta·

526 3925 558 3970 „
575 3885 681 3946 vum
724 3847 939 3948 Kalendas
982 3846 1208 3988 Augusti,
1250 3847 1331 3988 qui
1366 3847 1457 3946 dies
1501 3840 1633 3947 festus
1679 3845 1825 4010 agitur
1872 3849 1994 3950 Divo

524 4070 556 4115 ,‚
571 3988 778 4126 Jacobo,
815 3991 895 4133 qui
930 3993 1140 4132 praesidet
1177 3988 1445 4133 Hispaniae,
1483 3989 1531 4096 in
1569 4030 1662 4134 quo
1697 3993 1735 4090 si
1774 4003 1877 4094 Rex
1922 4031 1996 4092 ne

526 4211 557 4256 ,‚
575 4135 743 4279 glrgens
779 4131 941 4257 fuerit,
974 4137 1249 4237 tantumdem
1295 4136 1498 4240 sumendi
1534 4175 1586 4236 ex
1635 4135 1749 4236 vecti
1783 4136 1841 4234 ali
1881 4175 1997 4236 mer·

527 4355 564 4399 „
577 4317 696 4380 crum
732 4281 912 4384 Goletae
948 4275 1220 4422 praefecto}
1219 4320 1268 4380 us
1297 4317 1416 4382 esto.
1454 4280 1627 4382 Eodem
1654 4281 1726 4382 die
1751 4175 1876 4380 iesto
1906 4320 1996 4422 pro

526 4497 562 4548 ,‚
578 4420 659 4522 bos
695 4463 832 4566 equos
869 4424 1138 4526 Numidicos
1183 4464 1341 4544 senos,
1381 4459 1424 4525 et
1459 4422 1683 4566 accipitres
1730 4425 1991 4541 duodenos,

525 4643 557 4690 „
574 4572 750 4670 Falcoaes
787 4568 924 4711 vulgo
961 4569 1134 4687 dictos,
1169 4570 1313 4672 Rex
1302 4608 1351 4668 ιιι
1393 4605 1769 4670 auctoramentum
1814 4569 1986 4670 cliente·

526 4789 556 4834 „
574 4709 638 4810 lae
675 4712 838 4813 Carolo
854 4751 1061 4855 ,proque
1088 4712 1186 4876 ipso
1221 4714 1407 4814 Goletae
1444 4708 1663 4877 praefecto
1694 4714 1834 4814 dato
1870 4721 1994 4812 Prae

526 4860 711 4978 „dones
748 4867 956 4998 cujusque
994 4859 1137 4999 gentis
1174 4868 1385 4960 Hazenus
1435 4899 1489 4962 ne
1521 4857 1734 5001 recipit03
1771 4897 1860 4960 neu
1895 4853 1994 4974 hos,

1830 5002 1995 5126 „alior-
