4294 5972
630 435 873 518 CAROLI
915 365 979 520 V.¹
1016 437 1129 516 Lus.
1187 440 1256 518 xl.
1562 447 1649 542 347

227 595 619 696 commendatum.
673 607 882 695 Ceterum
928 591 1105 752 appulsa
1145 591 1362 712 classe,
1362 631 1453 696 non
1504 588 1680 736 ignarus

224 747 461 840 Hazenum
504 736 669 840 cunctis
714 733 941 838 ordinibus
985 732 1094 834 odio
1131 775 1217 834 esse
1260 733 1322 835 ob
1357 737 1585 842 avaritiam
1634 781 1676 844 et

222 881 551 1001 crudelitatem,
590 882 807 1022 quosdam
843 913 1024 980 suorum
1066 879 1339 1020 praemittit,
1385 882 1472 1021 qui
1506 923 1674 987 secreto

220 1025 452 1162 primarios
507 1025 621 1124 cives
670 1028 727 1125 ad
778 1019 1072 1124 defectionem
1124 1022 1418 1141 solicitarent,
1452 1021 1671 1186 'falsoque

219 1167 468 1268 nuntiarent
501 1168 645 1268 adesse
680 1202 781 1267 cum
816 1179 987 1270 cheto
1022 1163 1353 1285 Charadinum,
1386 1205 1465 1308 qur
1452 1165 1667 1274 classem
1814 1243 1819 1256 ·

219 1343 264 1405 et
299 1310 531 1410 exercitum
568 1299 740 1410 duceret
773 1307 861 1408 hoc
897 1309 1078 1428 animo,
1119 1345 1171 1408 ut
1204 1318 1394 1408 Hazeno
1431 1310 1555 1450 pulso
1591 1357 1666 1416 ex

220 1485 384 1552 cremae
419 1451 684 1554 crudelitatis
716 1487 758 1552 et
782 1451 988 1552 avaritiae
1017 1458 1231 1587 Tyranno
1262 1466 1480 1557 Rexetum
1496 1529 1508 1568 ,
1527 1494 1664 1593 quem

216 1631 366 1694 omnes
401 1631 576 1696 nossent
609 1592 963 1765 perhumanum
979 1630 1023 1695 et
1064 1593 1314 1715 liberalem,
1360 1597 1417 1696 ad
1455 1607 1664 1738 Regnum

214 1739 558 1877 recuperandum
592 1734 764 1868 jubaret
799 1748 890 1870 ejus
925 1736 1143 1854 civitatis,
1178 1749 1301 1870 cujus
1336 1741 1585 1840 commodis
1619 1778 1664 1843 et

213 1877 421 2040 dignitati
456 1919 540 2022 pro
576 1880 785 2020 singulari
819 1921 899 1980 suo
935 1880 983 1980 in
1019 1882 1219 1979 eamdem
1255 1882 1400 1981 studio
1435 1883 1566 1983 etiam
1591 1921 1662 1985 at·-

212 2058 297 2159 que
323 2022 456 2120 etiam
480 2022 729 2122 consultum
756 2057 967 2184 cuperet.
1002 2021 1337 2181 Praemissisque
1372 2024 1532 2123 nuntiis
1556 2065 1661 2131 cum

212 2157 469 2320 hujusmodi
504 2165 797 2284 mandatis,
785 2165 964 2264 rnterim
1000 2200 1092 2304 rpse
1127 2163 1261 2264 simili
1303 2163 1410 2264 dolo
1453 2167 1659 2270 Bisertam

209 2301 256 2405 in
297 2305 477 2427 littore,
520 2309 647 2451 quod
696 2307 931 2469 oppidum
963 2305 1085 2407 abest
1128 2347 1153 2406 a
1203 2312 1377 2406 Tuncte
1419 2307 1656 2414 duodecim

207 2446 375 2550 circiter
409 2384 547 2552 millia
581 2490 817 2592 passuum,
867 2449 1013 2591 primo
1048 2449 1258 2590 appulsu,
1299 2488 1406 2548 mox
1448 2449 1656 2552 Goletam

208 2628 421 2755 occupat.
457 2604 563 2694 Ει
548 2635 639 2726 Jam
674 2593 994 2693 Tunetensium
1034 2630 1108 2732 per
1149 2592 1222 2692 illa
1262 2589 1488 2691 mendacia
1527 2630 1656 2733 prae-

197 2736 364 2869 paratis
399 2737 584 2856 animis,
619 2774 732 2877 quos
768 2736 906 2836 iidem
932 2736 1130 2872 alioquin
1164 2735 1476 2851 alienissimos,
1497 2771 1548 2833 ut
1578 2736 1653 2837 de·

205 2910 495 2979 monstratum
531 2914 623 2998 est,
660 2877 871 3039 gerebant
910 2915 937 2974 a
977 2889 1131 3018 Rege,
1166 2877 1299 3016 paulo
1342 2913 1441 3016 post
1484 2876 1651 2977 Chara-

203 3015 379 3118 dinus
367 3058 459 3161 1pse
494 3061 597 3122 cum
632 3058 772 3161 copus
807 3023 959 3122 adest.
980 3032 1127 3126 Fama
1163 3020 1283 3119 enim
1319 3021 1374 3118 de
1398 3020 1554 3122 Rexeti
1581 3021 1650 3121 ad·

200 3195 333 3262 ventu
369 3200 446 3302 per
493 3161 650 3266 urbem
657 3163 884 3314 dissipata
918 3161 1198 3264 conturbatus
1232 3172 1438 3262 Hazenus
1471 3202 1650 3263 suorum

203 3307 469 3467 quemdam,
497 3307 571 3406 cui
606 3308 796 3408 maxime
830 3303 1022 3425 fidebat,
1048 3344 1152 3405 cum
1185 3341 1351 3406 armata
1385 3343 1517 3404 manu
1545 3305 1650 3404 mit
1770 3428 1771 3433 Ν

200 3444 287 3565 tit,
313 3487 392 3588 qu1
379 3447 596 3548 classem
632 3447 836 3549 hostilem
865 3450 1184 3612 specularetur,
1209 3448 1420 3589 daretque
1450 3485 1645 3587 operam,

197 3623 248 3686 ut
283 3592 338 3692 de
372 3587 513 3692 fratris
548 3593 740 3693 adventu
775 3591 956 3692 certiora
993 3628 1301 3734 cognosceret.

267 3742 345 3833 IX.
416 3744 455 3833 Is
490 3771 731 3897 postquam
765 3772 843 3877 per
878 3772 1069 3835 errorem
1094 3775 1122 3834 a
1147 3775 1189 3834 se
1224 3736 1321 3895 ipso
1347 3745 1564 3832 Rexetum
1594 3730 1643 3830 in

199 3872 385 3976 triremis
422 3915 571 4019 puppe
612 3917 757 3980 vrsum
801 3917 887 3978 esse
927 3873 1037 3980 falso·
1078 3877 1382 3981 renuntiavits
1436 3882 1641 3972 Hazenus

194 4052 438 4120 convocata
478 4017 830 4160 frequentissima
871 4020 1088 4121 concione
1126 4019 1278 4180 coepit
1321 4014 1640 4116 humanissimis

193 4156 337 4259 verbis
378 4163 644 4304 magnisque
692 4163 895 4304 pollicitis
937 4159 1219 4304 popularium
1269 4159 1404 4259 fidem
1452 4193 1494 4256 et
1533 4151 1638 4256 offi-

194 4301 313 4403 cium
353 4340 502 4406 contra
536 4307 761 4407 venientes
789 4304 934 4406 hostes
924 4304 1212 4468 inplorare.
1252 4303 1319 4401 Illi
1353 4341 1459 4402 vero
1488 4301 1639 4400 crude-

190 4443 361 4546 litatem
413 4448 455 4546 ei
495 4439 645 4591 palam
697 4485 741 4549 et
784 4447 1015 4550 avaritiam
1060 4443 1402 4589 exprobrantes
1400 4443 1642 4592 advenisse

194 4615 365 4746 tempus
385 4624 606 4751 optatum
641 4594 983 4732 responderunt,
1020 4631 1114 4732 quo
1150 4631 1217 4692 se
1229 4633 1254 4692 a
1289 4588 1520 4727 tyrannide
1543 4621 1642 4686 'scr-

193 4728 422 4872 vituteque
459 4733 765 4843 vindicarents
805 4735 987 4875 proinde
1022 4734 1310 4834 consuleret
1302 4772 1392 4876 tpse
1433 4766 1530 4863 suae
1577 4767 1642 4828 sa-

1138 4887 1257 4978 Xx2
1578 4871 1648 4970 lu·
1771 4937 1772 4940 ι
1848 4815 1854 4822 ·
