4326 5986
1643 329 1679 400 Ο

510 435 639 580 '428
944 479 1027 561 nn
1068 477 1274 561 nasus
1323 465 1551 560 cnsrrs

521 637 803 770 „Gallorum
841 636 1018 772 injurias
1055 636 1102 738 in
1140 678 1182 738 se
1199 714 1214 757 ,
1253 635 1481 776 multaque
1517 629 1574 734 ab
1614 631 1771 734 eodem
1823 628 1983 738 violata

528 783 758 913 „foedera
800 786 1108 903 demonstrat,
1143 782 1427 920 ejusdemque
1461 774 1566 877 belli
1600 776 1843 879 Pannonici
1877 815 1981 879 tem-

528 1009 559 1052 „
579 970 685 1071 pore
737 927 784 1028 in
829 928 1007 1069 publico
1061 964 1104 1027 et
1147 927 1343 1027 maximo
1396 919 1747 1023 Christianorum
1798 924 1981 1062 periculo
2120 983 2121 1072 p

531 1113 797 1196 „summam
832 1073 1046 1176 incutiam
1082 1105 1126 1170 et
1155 1070 1415 1212 singularem
1446 1068 1494 1164 in
1522 1064 1778 1206 repellendis
1804 1063 1986 1194 injuriis,
2120 1173 2121 1192 Ν

536 1260 695 1361 „quae
738 1215 840 1318 otbi
882 1215 1136 1318 Christiano
1172 1216 1229 1316 ab
1271 1212 1419 1355 impiis
1461 1203 1800 1332 inferebantur,
1846 1212 1986 1353 negli-
2120 1261 2121 1322 3

539 1440 571 1485 ,‚
586 1364 783 1505 gentiam
832 1396 1179 1462 commemorat.
1234 1365 1359 1457 Tum
1407 1353 1673 1496 aequitatem
1736 1394 1859 1454 suam
1909 1394 1986 1495 pa-

535 1507 871 1646 „tientiamque
916 1505 1162 1646 proponit,
1207 1502 1287 1642 qui
1330 1539 1482 1599 omnes
1523 1497 1812 1600 contumelias
1858 1497 1986 1600 Chri·
2120 1507 2121 1536 ³

538 1651 749 1772 „stianae
784 1649 1067 1790 Reipublicae
1104 1689 1155 1747 ac
1190 1644 1422 1784 Religioni
1457 1644 1783 1760 condonasset,
1817 1685 1873 1744 ne
1905 1657 1986 1746 Ca-

539 1872 573 1918 „
587 1794 856 1896 tholicotum
890 1792 1240 1893 Christianorum
1277 1788 1451 1888 dissidia
1486 1785 1636 1886 fierent
1665 1785 1988 1890 'haereticorum

538 2015 571 2058 „
586 1979 635 2036 ac
670 1937 915 2078 impiorum
951 1935 1221 2063 occasiones.
1258 1941 1408 2072 Itaque
1444 1972 1487 2033 se
1529 1930 1747 2032 malorum
1786 1931 1988 2034 omnium

541 2121 639 2204 „ac
676 2080 947 2181 simultatum
984 2080 1233 2181 oblitterata
1267 2076 1512 2195 memoria,
1533 2075 1668 2176 multa
1704 2077 1759 2175 de
1793 2116 1876 2177 suo
1900 2085 1988 2208 jure
2120 2107 2121 2200 l

541 2269 572 2345 ,·,
586 2224 883 2326 remittentem
919 2264 1042 2365 saepe
1077 2264 1180 2324 cum
1214 2233 1338 2364 Rege
1373 2221 1420 2320 in
1457 2221 1643 2360 gratiam
1679 2218 1912 2340 redivisse,
1938 2221 1988 2320 ad

541 2407 724 2510 „quarn
755 2372 938 2471 arctiore
969 2366 1291 2470 necessitudinis
1315 2364 1495 2467 vinculo
1526 2365 1909 2508 constringendam
1933 2366 1987 2470 ei-

541 2515 693 2633 „dem
729 2514 847 2655 Regi
881 2514 1147 2616 carissimam
1182 2553 1377 2614 sororem
1412 2511 1674 2612 Eleonotam
1710 2547 1815 2610 natu
1859 2520 1988 2639 majo*

543 2729 575 2777 „
592 2695 684 2755 tem
721 2657 770 2757 in
805 2659 1136 2760 matrimonium
1174 2659 1386 2779 dedisset,
1419 2695 1519 2757 curn
1556 2655 1729 2758 interim
1764 2667 1865 2757 Rex
1894 2695 1937 2754 m
1960 2654 1985 2750 l-

545 2837 637 2940 „ta
674 2801 835 2921 inse,
871 2803 994 2904 irrito
1037 2804 1220 2945 quidem
1262 2836 1460 2920 conatu,
1500 2800 1574 2900 sed
1617 2799 1803 2901 inimico
1850 2798 1990 2900 animo

545 2941 794 3064 „Rentasset
812 3019 828 3069 ,
847 2945 934 3047 huc
970 2985 1155 3088 quoque
1190 2985 1473 3090 progressus,
1514 2981 1565 3044 ut
1599 2943 1852 3068 incusatus,
1880 2943 1991 3085 quod

548 3125 771 3229 „accepta
806 3129 831 3190 a
873 3093 1037 3192 Carolo
1073 3089 1269 3196 libertate
1310 3091 1358 3194 in
1395 3131 1484 3208 eo,
1526 3093 1652 3230 quod
1695 3091 1989 3206 convenisset,

547 3231 787 3372 „dataque
822 3233 909 3334 fide
952 3275 1043 3335 non
1086 3271 1316 3355 maneret,
1356 3275 1399 3335 se
1435 3234 1483 3333 in
1519 3272 1742 3335 certamen
1784 3233 1991 3377 singulare

549 3378 909 3506 „controversias
945 3379 1175 3480 minuendi
1211 3380 1348 3521 gratia
1384 3417 1461 3522 pet
1496 3377 1798 3481 caduceatores
1832 3417 1994 3520 provo

549 3593 582 3640 „
599 3555 768 3639 casset,
799 3558 843 3622 et
879 3522 1063 3662 quidem
1107 3524 1161 3622 iis
1195 3523 1382 3643 verbis,
1421 3561 1535 3663 quae
1578 3524 1799 3666 gregarios
1843 3521 1996 3624 milites

547 3664 739 3786 „multo
774 3666 934 3807 magis,
955 3705 1089 3808 quarn
1125 3702 1200 3767 aut
1233 3707 1356 3768 suam
1390 3705 1465 3768 aut
1499 3667 1634 3809 Regis
1670 3707 1903 3810 personam
1928 3667 2000 3766 du·

550 3846 770 3925 „cetents
810 3850 922 3951 quae
957 3808 1161 3912 conditio
1197 3849 1300 3912 cum
1335 3852 1361 3910 a
1397 3853 1440 3910 se
1475 3822 1571 3944 jure
1607 3852 1657 3912 ac
1693 3811 1881 3913 honeste
1908 3851 2002 3952 pos-

550 3987 660 4072 „set
695 3955 908 4074 recusati,
941 3991 1090 4056 tamen
1124 3954 1278 4058 scirent
1314 3995 1498 4077 omnes,
1536 3992 1613 4096 pet
1648 3996 1784 4099 quem
1825 3959 2004 4057 tandem

551 4171 582 4217 „
598 4096 817 4218 stetisset,
856 4100 1095 4240 quominus
1142 4139 1192 4198 ea
1233 4100 1401 4201 ratione
1447 4101 1765 4201 controversiae
1821 4100 2005 4201 dirime-

450 4251 454 4258 ’
548 4312 583 4361 ,,
599 4277 770 4342 rentur.
809 4249 1031 4343 Praeterea
1065 4252 1236 4383 Regem
1272 4246 1401 4345 docet
1437 4244 1575 4347 multa
1611 4241 1723 4346 bella
1768 4240 1857 4344 sibi
1902 4244 2004 4346 suis⁴

549 4421 684 4520 „quc
721 4385 981 4507 clientibuS,
1017 4421 1067 4485 ut
1103 4386 1299 4518 injuste,
1342 4389 1402 4488 sic
1440 4385 1666 4490 infeliciter
1700 4387 1940 4509 intulisse,
1967 4423 2004 4487 et

548 4596 583 4646 ,‚
598 4562 750 4627 cuncta
795 4524 943 4630 fecisse
994 4527 1319 4634 inflammatum
1368 4532 1606 4674 cupiditate
1661 4529 1999 4633 Mediolanensis

544 4669 894 4811 „Principatus,
925 4712 951 4772 a
988 4713 1080 4816 quo
1116 4683 1226 4803 juste
1262 4675 1485 4804 dejectus,
1506 4685 1596 4807 ejus
1633 4677 1766 4776 etiam
1797 4685 1918 4806 jure,
1948 4670 2001 4770 si·

541 4812 698 4953 ⁴„qnid
733 4815 817 4918 sibi
853 4855 1005 4939 esset,
1040 4815 1259 4922 renovatis
1295 4813 1541 4925 foederibus
1577 4859 1702 4960 saepe
1738 4819 1990 4922 decesisset.

1883 4957 1989 5084 „Sed
