4294 5984
545 469 789 554 canon
831 465 885 553 v.
934 470 1048 551 rra.
1090 395 1145 550 ri.
1491 473 1574 566 ur

155 671 252 740 rum
287 624 623 732 necessariarum
657 623 854 728 obsessos
889 661 1110 768 premere,
1158 623 1214 728 ad
1256 621 1619 776 deditionemque

155 775 442 920 compellere.
468 780 664 917 Magnos
691 771 813 872 enim
839 771 1013 912 spiritus
1044 783 1143 875 Rex
1172 813 1410 900 sumserat,
1443 813 1486 878 et
1523 819 1620 880 ma·

154 958 350 1068 gnopere
385 952 673 1019 contemserat
707 915 1073 1019 Caesarianorum
1107 918 1398 1056 paucitatem,
1435 919 1516 1062 qui
1550 963 1621 1026 ne·

154 1064 340 1170 cessario
385 1063 697 1163 Mediolanum
737 1060 1026 1201 relinquentes
1069 1059 1119 1161 in
1167 1063 1335 1203 oppida
1377 1067 1622 1170 munitiora

153 1248 244 1312 sese
270 1206 561 1348 recepissent,
593 1206 655 1306 sic
685 1238 736 1304 ut
768 1243 862 1304 non
887 1241 1116 1308 contentus
1143 1207 1467 1310 Mediolanensi
1499 1209 1622 1312 Prin-

155 1356 331 1496 cipatu,
367 1389 506 1492 quem
541 1348 626 1450 sibi
661 1346 781 1449 velut
817 1349 1056 1492 explorata·
1074 1349 1263 1453 victoria
1301 1349 1623 1495 pollicebatur,

154 1497 205 1599 in
250 1507 461 1638 Regnum
511 1493 650 1595 etiam
696 1493 1048 1632 Neapolitanum
1098 1495 1301 1599 animum
1348 1495 1617 1602 intenderet.

154 1651 310 1781 Itaque
346 1677 443 1742 non
478 1635 699 1741 dubitavit
735 1636 937 1776 peditum
974 1673 1080 1738 octo
1116 1639 1287 1760 millia,
1323 1674 1365 1742 et
1401 1681 1622 1746 sexcentos

155 1785 324 1926 equites
359 1821 412 1882 ex
446 1821 612 1926 magno
648 1779 853 1882 videlicet
886 1781 1074 1884 exercitu
1109 1782 1356 1905 detrahere,
1391 1825 1494 1887 cum
1532 1787 1625 1928 qui·

155 1924 239 2030 bus
264 1931 489 2063 Joannem
522 1941 700 2030 Scotum
728 1922 940 2026 Albaniae
975 1939 1150 2026 Ducem
1188 1923 1459 2068 praefectum
1497 1937 1625 2030 Nea-

154 2071 299 2212 polim
344 2106 573 2213 properare
614 2065 775 2200 jubet,
810 2103 861 2168 ut
905 2066 975 2169 vel
1015 2077 1270 2208 Regnum,
1320 2074 1448 2212 quod
1493 2072 1625 2176 nullis

155 2250 235 2315 aut
301 2215 412 2314 arvis
444 2209 677 2352 praesidiis
721 2209 986 2330 tenebatur,
1026 2211 1264 2350 reciperet,
1311 2215 1381 2314 vel
1433 2214 1470 2314 si
1513 2255 1626 2318 con-

157 2392 228 2456 tra
270 2253 392 2456 liunc
436 2354 597 2456 auxilia
640 2353 821 2457 fuissent
854 2394 882 2454 a
924 2353 1191 2455 Caesarianis
1231 2353 1386 2475 missa,
1426 2356 1626 2460 distentis

157 2493 390 2598 hostilibus
445 2499 584 2639 copiis
641 2494 811 2597 facilius
859 2497 950 2634 ipse
997 2496 1316 2600 Mediolanensi
1372 2497 1627 2639 Principatu

157 2638 404 2782 potiretur:
441 2642 497 2742 de
531 2647 654 2775 cujus
689 2637 862 2758 Ducis,
897 2673 1139 2781 manusque
1184 2679 1236 2742 ex
1279 2640 1423 2740 castris
1471 2637 1626 2782 profe-

158 2785 308 2886 ctione
342 2822 448 2885 cum
483 2779 728 2888 Caesariani
763 2783 1112 2925 cognovissent,
1143 2822 1236 2884 non
1276 2817 1428 2884 tamen
1465 2783 1628 2886 adduci

157 2962 399 3070 poterant,
436 2940 607 3071 Regem
642 2927 847 3030 nondum
881 2927 1208 3029 Mediolanensi
1249 2921 1486 3046 confecto,
1531 2927 1626 3028 vel·

157 3075 199 3176 lc
244 3071 454 3175 distractis
497 3072 637 3217 copiis
680 3069 846 3175 bellum
890 3069 1237 3215 Neapolitanum
1273 3070 1515 3213 suscipere,
1550 3070 1627 3172 sed

157 3256 242 3362 per
276 3214 407 3350 hujus
443 3257 618 3320 causam
653 3216 916 3359 praesidium
949 3217 1124 3320 mittere
1136 3293 1152 3338 ,
1189 3256 1283 3360 quo
1319 3247 1535 3316 tormenta
1582 3249 1628 3315 et

160 3403 278 3508 quae
319 3395 647 3464 tormentorum
691 3362 789 3466 usui
830 3359 1066 3465 necessaria
1110 3398 1239 3481 sunt,
1285 3357 1476 3464 convehi
1520 3399 1628 3501 pos-

161 3544 289 3623 sent,
325 3546 441 3650 quae
475 3503 681 3610 Alfonsus
716 3507 935 3610 Aestensis
970 3506 1180 3608 Ferrariae
1220 3515 1325 3606 Dux
1367 3506 1425 3606 ad
1468 3503 1628 3643 Papiae

161 3651 524 3754 commodiorem
574 3651 961 3796 oppugnationem
1012 3649 1180 3792 petenti
1234 3647 1352 3789 Regi
1408 3645 1628 3749 amicitiae

163 3797 306 3940 gratia
346 3835 398 3896 ex
443 3797 639 3901 maxima
681 3794 845 3896 scilicet
886 3792 1018 3936 copia
1061 3787 1376 3896 submittebat.
1420 3781 1628 3887 Alfonsus

164 3939 287 4038 enim
321 3941 553 4045 tormentis
588 3937 853 4046 fabricandis
887 3936 1216 4057 oblectabatur,
1259 3967 1392 4076 atque
1428 3939 1518 4061 ejus
1554 3967 1630 4033 ard

164 4077 296 4183 rificii
330 4083 635 4189 scientissimus
670 4120 786 4189 erat.

238 4233 364 4328 XIX.
435 4229 579 4374 Igitur
613 4226 862 4336 Caesariani
896 4265 1013 4333 nova
1047 4262 1119 4328 sex
1153 4217 1341 4327 millium
1383 4231 1630 4324 Germano-

163 4405 268 4474 rum
303 4406 440 4475 manu
474 4373 613 4517 copiis
648 4375 813 4496 auctis,
849 4368 1065 4516 praesidio
1093 4368 1235 4474 Laudi
1270 4367 1447 4484 relicto,
1479 4364 1536 4463 ad
1571 4361 1632 4462 in·

163 4516 423 4617 sectandum
446 4516 660 4623 Albaniae
687 4531 893 4639 Ducem,
928 4552 973 4619 et
1006 4511 1272 4621 frustrandos
1298 4511 1526 4617 Gallorum
1554 4543 1632 4606 co·

168 4697 298 4763 natus
322 4659 685 4805 proficiscuntur.
713 4665 798 4767 Sed
822 4669 1003 4798 trajecto
1032 4659 1187 4778 Pado,
1211 4652 1525 4760 Montitellum
1543 4687 1633 4793 op÷

169 4805 330 4947 pidum
359 4809 609 4954 progressi,
633 4849 687 4942 cx
709 4808 895 4951 captivis
924 4804 1137 4952 certisque
1163 4800 1412 4906 auctoribus
1447 4796 1502 4903 de
1538 4807 1634 4953 Re·

1176 4953 1264 5056 Va
1359 4949 1362 4958 ’
1566 4971 1636 5082 gts
