4368 5984
559 407 682 480 cxiv.
1001 400 1137 494 Jonu.
1164 397 1285 472 cun.
1312 399 1620 474 suoucvuonu

538 532 644 618 none
689 525 875 614 tradenda
914 548 970 611 est
1002 586 1015 630 ,
1054 523 1253 610 initiandos
1296 547 1412 639 atque
1456 524 1683 613 imbuendos
1735 525 1982 624 enrcliendos-

531 679 610 766 que
661 673 833 751 curent,
881 643 1064 758 simulque
1097 643 1263 758 ipsorum
1290 643 1420 727 labore
1469 669 1507 728 et
1538 640 1701 730 -fortunis
1730 650 1886 738 alantur*
1925 656 1982 769 ju-

533 795 746 880 uenturque
776 766 825 851 ad
865 793 953 848 usus
999 761 1097 847 vitae
1140 786 1222 845 tum
1258 762 1507 862 necessarios,
1547 765 1770 852 tumetium
1800 770 1978 860 liberales.

534 889 609 973 Sed
637 885 792 974 vitanda
836 879 1042 994 imperandi
1078 879 1275 964 crudelitas
1315 878 1580 983 estuantia,
1614 885 1832 1000 cunctisque
1865 891 1977 977 ratio·

536 1006 645 1090 nibus
676 1003 824 1116 optimo
853 998 1004 1113 principi
1041 995 1353 1110 prouidendum,
1385 1026 1433 1080 ne
1463 998 1609 1082 barbari
1640 999 1687 1083 illi
1722 1028 1788 1088 aut
1817 1009 1977 1096 exactio-

535 1123 643 1206 nibus
675 1117 941 1221 intolerandis,
969 1139 1034 1200 aut
1057 1114 1281 1227 iniquissima
1308 1114 1513 1218 servitute,
1545 1142 1584 1201 et
1614 1117 1791 1225 assiduis,
1831 1153 1902 1209 nec
1927 1122 1983 1211 fe.

534 1241 656 1325 tendis
676 1237 865 1322 laboribus
893 1232 1159 1319 excrucientur.
1191 1233 1262 1316 Sia
1296 1239 1429 1339 'igitur
1453 1229 1596 1343 (verba
1624 1259 1711 1322 sunt
1733 1240 1981 1352 Sepulvedae,

535 1359 670 1472 quibus
699 1356 803 1468 operi
831 1383 901 1439 suo
930 1351 1044 1437 finem
1079 1349 1259 1463 imponit)
1292 1365 1334 1432 ut
1369 1354 1563 1454 aliquando
1589 1373 1791 1460 perorem,
1822 1376 1858 1440 et
1887 1389 1980 1467 quae

535 1484 684 1577 seatio,
709 1481 748 1554 ia
775 1492 900 1581 pauca
933 1469 1149 1574 conferam,
1179 1475 1230 1550 iis
1262 1475 1372 1548 malis
1405 1470 1569 1550 omnibus
1600 1480 1861 1556 occurrendum
1888 1499 1981 1586 pro-

537 1595 833 1702 spicieudumqoe
861 1614 1007 1692 censeo,
1034 1600 1075 1666 ut
1103 1610 1167 1666 uec
1191 1588 1313 1693 justis
1328 1594 1514 1693 praemiis
1542 1588 1629 1671 bene
1658 1593 1702 1672 de
1725 1585 1823 1700 ilep.
1854 1605 1982 1680 merito·

528 1711 796 1818 fraudentur,
830 1723 867 1790 et
899 1714 939 1787 iu
978 1709 1135 1812 populos
1161 1719 1319 1810 pacatos
1352 1706 1498 1810 justum
1525 1721 1600 1810 pro
1632 1713 1797 1812 ipsorum
1842 1729 1981 1798 nutura

540 1837 763 1937 imperium,
782 1834 869 1908 mite
901 1837 939 1905 et
969 1826 1185 1922 humanum,
1207 1825 1260 1902 ud
1281 1845 1457 1902 summam
1486 1829 1592 1926 quale
1614 1822 1849 1911 Christianos
1870 1840 1979 1938 priu-

414 1983 417 1992 ’
545 1955 649 2055 cipes
690 1949 828 2047 decet,
861 1955 1111 2041 exerceatur,
1150 1963 1219 2020 non
1252 1941 1353 2021 modo
1384 1945 1424 2020 in
1455 1946 1716 2046 imperantium
1749 1953 1974 2053 utilitatem,

546 2069 615 2147 sed
644 2069 757 2144 etiam
788 2065 840 2141 ud
859 2061 1104 2165 subjectorum
1132 2060 1318 2158 salutem,
1346 2064 1580 2162 ipsarumque
1606 2075 1764 2144 naturae
1797 2079 1835 2145 et
1855 2073 1981 2152 caudi.

548 2189 643 2267 tiouz'
675 2194 802 2286 uptam
831 2180 1040 2259 libertatem
1072 2177 1390 2256 accommodatam.

633 2296 698 2386 Ad
728 2293 848 2409 operis
877 2293 1017 2378 calcem
1045 2291 1310 2376 interseruntur
1338 2315 1538 2405 sequentes
1557 2273 1876 2407 ‚approbationes

702 2529 1049 2620 APPROBATIO
1080 2533 1151 2616 Fr.
1188 2531 1399 2616 DIDACI
1425 2536 1509 2616 DE
1543 2531 1812 2621 VICTORIA.

553 2841 557 2848 .
636 2757 737 2864 Legi
753 2753 819 2838 hot
851 2770 968 2870 opus,
1000 2763 1039 2836 iu
1055 2779 1122 2860 quo
1146 2754 1240 2836 nihil
1268 2762 1397 2837 iuveni
1424 2782 1449 2838 a
1476 2755 1643 2842 ueritate
1669 2765 1853 2847 alienum:
1875 2769 1981 2850 ideo·

549 2903 618 2984 que
647 2896 740 2984 opus
775 2901 855 2959 cum
880 2888 1030 2960 auctore
1057 2897 1126 2956 nou
1155 2879 1270 2955 solum
1303 2880 1536 2979 commendo,
1564 2879 1633 2958 sed
1661 2886 1773 2960 etiam
1800 2885 1981 2985 adoriam

1146 3057 1225 3138 Fa.
1262 3061 1466 3139 D1uncus
1501 3082 1554 3138 uu
1589 3059 1836 3144 Vrcsonm.

888 3280 1232 3424 ΑΡΡΗΟΒᾼΤΙΟ
1262 3288 1346 3367 DE
1379 3287 1631 3372 MOSCOSO.

642 3463 699 3546 Et
730 3490 795 3578 ego
822 3469 896 3573 legi
917 3466 985 3546 hoc
1013 3481 1133 3570 opus,
1163 3471 1202 3544 ir
1226 3488 1294 3568 quo
1326 3465 1420 3546 nihii
1447 3472 1614 3569 inveni,
1647 3469 1745 3572 quod
1768 3493 1843 3550 meo
1876 3468 1983 3568 juda·-

554 3587 612 3664 cio
641 3586 907 3688 probabilitate
935 3597 1089 3664 cureat:
1120 3589 1226 3664 immo
1254 3608 1346 3686 quae
1369 3583 1433 3664 laic
1464 3609 1513 3664 eor
1535 3593 1663 3666 ·sucris
1685 3590 1829 3666 litteris
1859 3602 1897 3668 st
1924 3610 1985 3666 su·

552 3708 633 3781 cris
659 3704 868 3782 doctoribus
890 3703 1149 3801 adducuntur,
1165 3705 1222 3778 ita
1246 3704 1400 3780 suadent
1417 3699 1526 3806 hujus
1544 3705 1708 3783 doctoris
1734 3710 1925 3806 intentum,
1941 3715 1983 3786 ui

553 3823 694 3925 nullus,
719 3826 891 3924 quamuis
918 3831 1148 3924 protervus,
1165 3825 1371 3924 oppositum
1401 3820 1537 3900 audeat
1562 3817 1776 3924 affirmare.

1620 4003 1856 4084 Mosooso,

642 4162 774 4282 'aitque
802 4165 894 4250 baec
925 4187 1042 4268 sunt,
1073 4191 1172 4278 quae
1204 4194 1251 4253 cx
1281 4167 1414 4252 celebri
1444 4164 1505 4251 illo
1530 4171 1574 4248 de
1594 4169 1715 4274 justis
1743 4169 1829 4250 belli
1860 4172 1989 4252 causis

555 4289 700 4394 dialogo
730 4315 753 4368 a
786 4283 908 4368 multis
937 4309 1179 4386 memorato,
1208 4285 1275 4370 sed
1307 4315 1422 4401 quam
1449 4285 1667 4398 paucissimis
1694 4303 1708 4344 ¹
1739 4309 1864 4389 noto,
1898 4284 1989 4369 dcli·

1923 4401 1989 4484 ba-

558 4575 564 4586 ,
601 4535 615 4572 1
658 4517 720 4574 Nos
737 4517 792 4574 duo
810 4518 935 4575 uidimus
963 4519 1044 4594 hujus
1073 4521 1180 4594 dialogi
1207 4521 1384 4594 exemplaria
1410 4517 1477 4578 MS.
1494 4521 1615 4576 alterum
1639 4519 1669 4574 in
1695 4519 1883 4582 selectissima
1910 4555 1921 4588 ‚
1954 4535 1991 4575 ιο

558 4598 639 4653 ouini
658 4600 792 4652 librorum
815 4615 920 4669 genere
936 4600 1156 4656 instructissima
1179 4599 1353 4655 bibliotheca
1375 4600 1430 4654 viri
1447 4617 1504 4654 non
1520 4602 1582 4654 sine
1597 4601 1680 4654 laude
1701 4599 1878 4652 memorandi
1893 4597 1992 4667 ,Em-

558 4679 700 4732 manuelis
721 4679 755 4732 de
776 4679 859 4732 Roda
873 4691 902 4732 et
921 4679 1040 4735 Arriaca
1061 4679 1168 4736 Catulo
1188 4677 1244 4734 111.
1261 4679 1341 4751 Hisp.
1367 4679 1440 4751 Regi
1455 4679 1492 4734 ab
1512 4679 1641 4750 epistolis
1659 4680 1688 4734 in
1711 4679 1842 4734 omuibus
1864 4680 1990 4754 gratiae

555 4757 746 4826 jaratiriueque
768 4759 891 4830 negotiis
902 4794 913 4826 ,
935 4771 964 4814 et
984 4759 1098 4815 consilii
1116 4759 1267 4815 sanctioris
1285 4773 1418 4814 senatore
1431 4767 1571 4829 3alrerum
1589 4775 1674 4830 penes
1694 4755 1717 4812 F
1721 4759 1879 4812 rauciacum
1901 4755 1992 4812 Perc-

553 4833 635 4890 '2ium
658 4835 789 4906 Botorum
811 4877 821 4908 ,
848 4839 1013 4908 primarium
1033 4839 1063 4894 ln
1088 4837 1220 4894 Ecclesia
1236 4837 1395 4893 Valentino
1419 4838 1693 4904 Archidiaconum·‚
1718 4849 1746 4890 et
1768 4839 1990 4892 celsissimorum

553 4917 717 4990 principum
731 4933 955 4991 praeceptorem:
965 4935 1001 4976 ex
1014 4919 1115 4991 quibus
1128 4935 1214 4992 quam
1223 4917 1490 4976 emendatissimum
1498 4922 1644 4991 exemplar
1654 4919 1737 4972 uubis
1750 4916 1989 4989 comparavimus.
