4326 5986
617 457 859 544 ennom
896 437 951 540 v.
996 457 1119 542 tto.
1166 455 1257 542 xv.
1529 459 1636 558 4¹53

203 613 366 760 viginti
401 609 651 716 triremibus
685 614 732 717 in
768 613 1033 756 Hispaniam
1070 613 1238 758 mittit,
1275 605 1409 716 'sirittll
1445 615 1513 719 ut'
1528 658 1661 760 pecu-

201 761 324 864 niam
360 759 408 860 in
444 758 713 896 stipendium
754 760 991 860 Barcinone
1034 792 1228 898 paratam
1273 771 1557 899 reportaret,
1599 764 1660 865 si-

201 903 296 1004 mul
332 938 382 1001 ut
418 898 559 1001 sicubi
594 938 742 1001 nactus
779 938 885 1002 esset
920 899 1147 1003 Gallorum
1182 907 1509 1046 Turcarumque
1550 907 1658 1008 clas-

202 1083 379 1182 semer
423 1042 683 1144 Massiliensi
729 1080 864 1186 portu
899 1044 1047 1185 paucis
1083 1080 1186 1144 ante
1229 1041 1381 1145 diebus
1418 1085 1659 1189 egressam,

202 1186 433 1289 occasione
469 1187 532 1290 tei
568 1184 679 1290 bene
716 1189 929 1338 gerendae
965 1187 1200 1328 diligenter
1234 1223 1455 1290 uteretur.

210 1418 237 1446 ,,
273 1341 398 1433 XIV.
470 1331 555 1432 His
591 1329 716 1432 rebus
752 1330 975 1471 imperatis
1020 1327 1203 1431 Carolus
1234 1331 1534 1472 Hispanorum
1567 1333 1660 1436 duo

203 1468 341 1576 millia
378 1474 580 1614 praesidii
617 1515 742 1576 causa
776 1476 833 1575 ad
869 1474 1084 1575 Nicaeam
1119 1473 1403 1613 relinquens,
1443 1475 1534 1615 ipse
1569 1477 1660 1578 sine

200 1618 420 1856 praetoria
467 1615 689 1738 cohorte,
733 1617 825 1717 sine
875 1615 1017 1718 milite
1072 1617 1291 1735 custode,
1325 1654 1492 1756 praeter
1528 1618 1661 1758 ipsius

222 1760 419 1861 amiliam
461 1799 504 1860 et
547 1761 850 1876 comitatum,
899 1772 1097 1859 Genuam
1140 1759 1405 1899 navigavit,
1452 1795 1494 1860 et
1544 1795 1663 1862 extra

201 1902 358 2004 urbem
408 1902 570 2040 quinto
615 1903 713 2000 Idus
756 1897 966 1996 Octobris
1016 1901 1277 1998 descendens
1306 1901 1412 2020 ,in
1462 1902 1663 2004 Andreae

200 2044 369 2142 Doriae
406 2077 538 2183 portu
574 2040 843 2180 impositum
879 2039 1149 2178 praetorium
1187 2040 1395 2160 divertit,
1436 2083 1577 2184 eoque
1613 2088 1666 2147 u-

201 2224 272 2286 sus
309 2219 402 2304 est,
441 2184 582 2286 donee
618 2183 666 2284 in
701 2181 967 2324 Hispaniam
1004 2179 1379 2319 proficisceretur,
1407 2186 1569 2286 cunctis
1592 2189 1665 2288 de-

202 2325 466 2429 mirantibus
507 2327 794 2467 ·intrepidum
848 2334 939 2456 ejus
987 2323 1227 2443 animum,
1274 2363 1325 2425 ac
1360 2328 1666 2450 securitatem,

202 2471 284 2609 qui
321 2471 377 2572 ad
413 2467 570 2572 urbem
607 2509 702 2570 non
738 2469 802 2569 ita
838 2467 1009 2608 pridem
1046 2466 1094 2566 in
1129 2461 1353 2570 factiones..
1375 2468 1584 2590 scissam,
1622 2507 1666 2572 et
1809 2461 1842 2484 ,.

203 2607 323 2714 bona
359 2655 411 2713 ex
447 2647 567 2752 parte
601 2610 728 2715 rebus
764 2611 940 2714 Gallicis
977 2610 1223 2712 studentem
1241 2645 1261 2730 ‚·
1293 2645 1337 2712 et
1371 2605 1485 2714 unde
1520 2610 1669 2716 hostes

200 2793 295 2855 non
343 2755 497 2895 procul
539 2752 757 2875 aberant,
801 2755 892 2858 sine
945 2751 1086 2854 milite
1127 2755 1308 2856 custode
1357 2788 1447 2856 tam
1492 2753 1669 2858 securus·

200 2898 393 3038 agebat,
432 2898 554 3038 quasi
597 2934 703 3000 esset
746 2896 794 2998 in
829 2897 976 2999 media
1011 2907 1390 3036 Carpetanorum,
1429 2936 1505 3001 aut
1542 2910 1664 3001 Vac-

201 3077 409 3140 caeorum
454 3040 678 3180 regione..
702 3047 815 3140 Huc
859 3039 1079 3179 Principes
1113 3039 1251 3140 Italici
1288 3035 1523 3162 nonnulli,
1561 3079 1668 3182 para·

202 3181 285 3280 tirn
321 3183 535 3284 salutandi
571 3219 704 3326 atque
740 3177 878 3283 officii
913 3184 1079 3325 gratia,
1113 3181 1275 3320 partim
1312 3221 1485 3286 suarum
1519 3185 1661 3286 rerum

201 3361 327 3424 eausa
355 3362 654 3438 convenerunt
673 3404 688 3446 ,
707 3366 759 3424 ac
794 3326 843 3424 in
878 3326 1029 3465 primis
1054 3326 1298 3424 Alexander
1325 3321 1521 3425 Medices
1558 3341 1663 3428 Dux

202 3464 476 3587 Florentiae,
513 3503 558 3568 et
599 3481 702 3568 Dux
738 3477 1009 3568 Mantuanus
1044 3466 1266 3568 Federicus
1307 3478 1553 3608 Gonzaga‚
1588 3470 1660 3570 cui

200 3611 383 3709 Carolus
414 3607 772 3712 Marchionatum
803 3606 1123 3710 Montisferrati
1137 3685 1151 3729 ‚
1189 3611 1364 3750 dequo
1394 3610 1457 3727 is,
1483 3644 1525 3708 et
1555 3621 1660 3712 Dux

200 3752 481 3876 sabaudiae,
538 3751 832 3893 Marchioque
867 3752 1135 3882 *Salutiarum
1185 3759 1278 3879 jure
1329 3748 1657 3890 disceptabant,

199 3893 510 4025 adjudicavit,
546 3933 719 3998 causam
755 3934 781 3993 a
817 3926 888 3994 sex
922 3896 1024 3996 viris
1058 3901 1152 4024 jure
1186 3891 1372 4032 peritis,
1405 3932 1510 3994 nam
1545 3895 1657 3996 toti-

199 4037 304 4136 dem
340 4047 515 4138 Genuae
551 4038 913 4179 cognoscendam·
939 4036 1240 4174 delegaverat,
1276 4031 1494 4155 edoctus,
1531 4035 1656 4164 cujus

200 4180 391 4280 muneris
427 4180 669 4322 principem
724 4181 872 4278 locum
912 4178 1172 4278 obtinebant
1221 4185 1369 4307 Majus
1405 4178 1657 4318 Aragoniae

200 4319 544 4442 Chancelarius,
630 4321 678 4420 ui
720 4333 897 4423 Romae
937 4317 1225 4461 superioribus
1267 4319 1390 4419 annis
1431 4319 1654 4459 legatione

199 4463 351 4576 Caroli
385 4461 557 4569 functus
593 4361 732 4564 dierat
770 4464 888 4602 apud
910 4457 1199 4564 vClementem
1236 4460 1500 4561 Pontificem
1520 4463 1657 4563 Maxi·

200 4643 356 4726 mum,
390 4643 449 4707 er·
465 4608 716 4741 fernandus.
742 4604 943 4710 Guevara
972 4604 1262 4708 ‘secretiorum
1288 4597 1528 4705 ‘causarum
1548 4599 1656 4708 ‘Ca-

200 4748 285 4848 toli
319 4751 628 4882 consiliarius..
726 4863 745 4882 ‚a
874 4787 877 4795 ·
1000 4743 1005 4754 ⁶
1249 4781 1253 4801 ¹
1292 4779 1296 4786 ’
1446 4781 1451 4876 2
1499 4803 1501 4811 ¹
1652 4737 1658 4750 ⁹
