4326 5986
587 515 832 600 CAROLI
880 513 932 597 V.
967 513 1086 594 LIB·
1118 514 1234 598 xlv.
1538 523 1627 622 439

210 683 288 786 tias
319 669 557 797 consedit,
593 676 717 816 quod
752 671 973 815 oppidum
1008 671 1267 793 desertum,
1304 705 1350 774 et
1381 672 1440 776 ab
1475 674 1676 792 homini-

209 827 291 932 bus
334 860 574 940 vacuum,
621 858 716 920 non
760 853 909 918 tamen
955 814 1046 918 sine
1088 815 1411 920 commeatibus
1454 822 1674 936 offendit.

211 985 500 1112 Quamquam
537 963 656 1065 enim
692 960 824 1063 initio
860 961 1027 1062 muniri
1063 959 1150 1062 hoc
1186 964 1406 1107 oppidum
1443 1003 1487 1067 et
1521 970 1675 1114 impo-
1783 1021 1788 1032 ·

208 1115 295 1217 sito
333 1114 462 1215 firmo
499 1106 714 1251 praesidio
750 1106 963 1208 custodiri
997 1106 1117 1248 Regi
1152 1107 1402 1248 placuerat,
1441 1146 1589 1215 tamen
1626 1118 1676 1221 id
1802 1205 1806 1212 ,

209 1260 281 1362 vel
317 1299 410 1360 sero
447 1259 741 1396 imperatum,
772 1251 840 1352 vel
877 1250 1170 1393 negligentius
1197 1243 1549 1358 administratum
1580 1255 1675 1363 fue-

207 1437 306 1504 rat.
356 1416 510 1544 ltaque
545 1396 699 1500 nostris
735 1392 1041 1498 accedentibus
1078 1396 1295 1537 oppidani
1330 1398 1526 1502 militurn
1562 1443 1678 1507 con-

209 1547 410 1648 tumelias
446 1581 490 1646 et
524 1540 735 1645 maleficia
769 1575 1016 1642 metuentes
1048 1540 1227 1644 sublatis
1254 1541 1412 1667 rebus,
1473 1587 1554 1646 uae
1588 1550 1678 1690 pri-

208 1729 310 1793 mae
345 1691 612 1794 ducebantur
627 1764 643 1807 ,
661 1725 859 1828 quasque
893 1687 942 1786 in
976 1725 1028 1784 ea
1060 1681 1342 1788 festinatione
1377 1585 1545 1791 detine
1588 1732 1678 1835 po·-

209 1871 378 1955 terant,
415 1832 660 1974 diffugere,
697 1827 797 1930 satis
826 1823 1039 1930 frumenti
1075 1867 1118 1932 et
1145 1829 1419 1972 reliquorum
1455 1873 1679 1938 commea·

209 2011 370 2098 tuum,
407 1977 488 2116 qui
523 1971 721 2114 congesti
755 1966 961 2088 fiterant,
993 1970 1315 2111 relinquentes,
1353 1973 1439 2076 nisi
1474 1983 1599 2120 quod
1631 1981 1680 2086 in

214 2118 283 2221 his
320 2157 538 2262 perpauca
580 2150 702 2218 etant
739 2112 897 2216 molita
942 2111 1140 2234 cibaria,
1179 2149 1223 2216 et
1266 2115 1521 2243 molarum,
1566 2164 1682 2267 quae

213 2300 366 2407 ruptae
401 2258 606 2385 fuerant,
637 2259 813 2360 occasio
848 2257 1033 2361 nulla(

285 2417 455 2508 XXXl.
528 2404 745 2526 Carolus,
782 2438 940 2504 coacto
977 2397 1200 2523 concilio,
1220 2440 1364 2504 rursus
1400 2404 1455 2506 de
1476 2405 1581 2510 belli
1615 2448 1682 2514 ta·

214 2547 338 2653 tione
374 2589 477 2652 cum
506 2544 727 2692 praefectis
764 2545 1002 2666 deliberat,
1030 2585 1225 2690 quorum
1261 2545 1354 2648 aliis
1385 2551 1686 2678 Avenionem,

215 2697 343 2836 quod
380 2687 599 2837 oppidum
634 2731 804 2836 magno
840 2691 1056 2833 praesidio
1094 2688 1352 2813 tenebatur,
1390 2692 1484 2796 aliis
1508 2698 1685 2802 Arelate

218 2840 471 2982 oppugnari
506 2836 741 2985 placebat3
781 2877 888 2939 narn
932 2869 983 2936 ut
1024 2836 1219 2937 Massilia
1264 2871 1542 2963 tentaretur,
1580 2843 1684 2948 urbs

216 3017 316 3085 rum
351 2985 495 3100 loco,
536 3018 631 3084 tum
669 2977 876 3124 operibus
911 3013 953 3081 et
993 2977 1134 3080 milite
1171 2980 1489 3105 munitissima,
1527 2982 1685 3090 frustra

215 3121 313 3228 fore
348 3127 515 3229 cunctis
552 3125 810 3229 videbatur.
849 3134 1001 3264 Itaque
1038 3123 1086 3223 in
1120 3161 1283 3266 magna
1318 3131 1617 3232 controversia
1641 3169 1685 3238 et
1789 3211 1792 3218 .

216 3272 532 3373 sententiarum
566 3271 770 3376 varietate
811 3269 993 3370 Carolus
1027 3268 1323 3370 Taurentium
1359 3271 1416 3370 ad
1460 3277 1686 3378 Andream

217 3415 404 3516 Doriam
437 3416 632 3558 aliquem
667 3453 719 3514 ex
755 3411 855 3532 his,
893 3411 975 3555 qui
1010 3411 1324 3514 consultationi
1358 3407 1687 3542 interfirissent,

216 3558 389 3661 mittere
423 3561 606 3678 stamit,
630 3595 683 3659 ut
717 3553 868 3658 delatis
903 3555 1229 3700 propositisque
1265 3556 1516 3681 sententiis,
1537 3561 1686 3684 abeo,

217 3704 329 3847 quid
365 3702 431 3805 sui
476 3703 629 3838 judicii
666 3737 809 3823 esset,
844 3700 1123 3844 exquireret,
1159 3703 1395 3842 eidemque
1432 3707 1687 3828 nuntiaret,

215 3881 270 3950 ut
303 3846 513 3970 classem,
539 3848 657 3953 unde
692 3883 965 3950 commeatus
1002 3880 1123 3947 erant
1159 3845 1367 3987 petendi,
1398 3848 1578 3993 propius
1608 3851 1686 3952 ad-

217 4027 455 4114 moveret,
491 3994 547 4092 ad
583 3993 783 4132 ostiaque
829 3987 1075 4109 Rhodani,
1110 4029 1223 4130 quae
1258 3985 1440 4091 aberant
1476 4037 1501 4096 a
1538 3995 1689 4097 castris

223 4173 391 4236 novem
433 4135 608 4240 circiter
650 4136 788 4238 millia
831 4170 1075 4274 passuum,
1111 4135 1378 4237 traduceret.
1422 4137 1582 4241 Missus
1625 4176 1689 4242 est

219 4273 428 4382 Alfonsus
469 4281 676 4400 Idiacus,
725 4279 875 4383 Caroli
915 4277 1224 4399 consiliarius,
1258 4318 1284 4378 a
1321 4316 1415 4420 quo
1458 4283 1688 4387 sententias

219 4421 406 4524 aliomm
437 4425 616 4528 edoctus
651 4421 1129 4562 Doria'consultusque
1154 4423 1406 4566 respondit:
1443 4499 1477 4551 ,‚
1491 4428 1583 4530 Sibi
1612 4469 1686 4529 ve·

220 4643 251 4688 ‚,
270 4605 322 4668 ro
354 4566 720 4710 optimumfactu
756 4567 922 4688 viden,
946 4602 995 4668 ut
1024 4565 1218 4670 Massilia
1248 4569 1444 4711 primurn
1480 4573 1686 4676 omnium

222 4785 252 4828 „
269 4745 408 4832 terra,
443 4716 644 4859 marique
680 4746 1034 4856 oppugnaretur,
1073 4753 1217 4854 quae,
1254 4715 1289 4814 si
1318 4749 1489 4856 recepta
1516 4712 1681 4835 fuisset,

218 4927 251 4976 ‚,
266 4855 471 4997 plurimas
506 4893 548 4963 et
589 4858 801 4962 maximas
841 4853 1180 4960 commoditates
1217 4857 1273 4960 ad
1322 4855 1484 4962 bellum
1527 4897 1686 5002 geren·
1840 4969 1843 4978 A

1532 5004 1690 5126 ndum»
