4368 5984
559 444 633 517 XX·
844 523 846 530 ,
963 435 1100 532 John.
1116 433 1230 509 GEN.
1245 431 1549 508 SEPULVEDAE

537 564 725 682 pulsetur:
742 565 830 649 Non
845 565 970 670 enim,
993 563 1138 678 inquit,
1164 563 1344 673 degloriet
1361 577 1548 649 conamen
1577 569 1664 665 est,
1697 561 1737 644 t'o
1753 581 1828 670 quc
1853 557 1995 681 legen·

539 686 631 770 dum
648 707 743 798 puto
758 691 797 767 t'n
813 686 911 802 quo)
934 690 1111 768 vinciret
1138 687 1376 789 irtdecorum,
1408 708 1476 768 non
1502 686 1548 764 de
1572 688 1784 790 imperitet
1807 680 1997 789 faculta-

538 805 665 908 tibus,
690 809 823 910 qubus
838 809 990 913 spoliati
1015 811 1130 886 solam
1147 809 1310 914 inopiam
1328 860 1345 906 ,
1366 828 1433 887 uec
1448 829 1528 886 eam
1552 817 1698 910 turpem
1723 816 1791 886 aut
1808 809 1997 888 servilem

539 930 757 1028 incurrant,
768 926 838 1007 sed
847 943 920 1032 pro
931 929 1101 1032 petria,
1135 944 1209 1033 pro
1225 922 1357 1006 liberis
1378 983 1392 1025 ,
1418 942 1492 1033 pro
1508 929 1590 1006 aris
1606 936 1643 1004 et
1673 917 1780 1028 fttct‘s
1798 979 1812 1027 ,
1828 924 1884 1006 ad
1899 949 1999 1006 sum·

540 1068 636 1126 mam
671 1061 745 1152 pro
775 1048 893 1126 salute
931 1057 968 1124 et
995 1042 1205 1147 libertate,
1233 1061 1375 1151 proque
1408 1051 1495 1152 ipsa
1533 1047 1711 1150 religione
1752 1045 1999 1150 pugnandum

540 1177 611 1245 est.
640 1163 695 1247 Ut
729 1189 859 1264 veto,
895 1186 1041 1276 quanta
1065 1191 1112 1247 ex
1136 1167 1347 1246 Turcarum
1374 1159 1573 1246 dominatu
1600 1160 1698 1243 mala
1731 1157 2000 1273 impendeant,

543 1280 750 1383 ostendat,
780 1309 916 1368 cotum
943 1309 1067 1366 mores
1084 1341 1098 1389 ,
1114 1281 1414 1385 immanitatem,
1442 1280 1653 1394 duramque
1678 1277 1999 1386 Christianorum,

543 1398 611 1514 qui
641 1402 710 1485 sub
727 1427 861 1485 eorum
894 1423 1078 1514 potestate
1112 1402 1287 1518 degunt,
1318 1397 1576 1486 conditionem
1602 1396 1779 1513 graphice
1808 1391 2008 1514 depingit,

543 1517 882 1635 demonstratque,
920 1517 1064 1603 nullum
1096 1520 1199 1635 apud
1215 1549 1280 1604 eos
1301 1518 1476 1606 libertatis
1491 1516 1715 1631 vestigium,
1740 1517 1996 1633 ingenuarum

545 1637 799 1724 doctrinarum
829 1636 1087 1754 cognitionem
1123 1640 1204 1755 lege
1233 1637 1499 1752 prohibitam,
1540 1664 1639 1751 quae
1673 1632 1766 1720 solet
1811 1634 1999 1749 inprimis

545 1756 761 1842 mortalium
792 1758 937 1842 animos
953 1756 1004 1842 ad
1034 1785 1165 1843 veram
1196 1755 1414 1874 religionem
1447 1781 1487 1842 et
1511 1755 1718 1840 libertatem
1744 1752 1903 1839 excitate
1919 1815 1932 1860 ,
1947 1786 1999 1840 o-

545 1875 647 1959 mnia
663 1874 825 1994 denique
851 1903 916 1991 pet
933 1875 1171 1990 tyrannidem
1196 1876 1366 1962 exerceri.
1414 1874 1515 1961 Hinc
1550 1870 1767 1976 concludit,
1802 1897 2000 1987 quantum

545 1993 844 2081 Christianorum
861 1996 1048 2081 interesset
1064 2020 1143 2080 tam
1160 1995 1363 2080 immanem
1380 1994 1528 2079 hostem
1542 1991 1744 2078 cervicibus
1757 1990 1830 2075 suis
1846 1991 2000 2107 impen-

548 2111 701 2199 dentem
717 2112 946 2230 propellere.
976 2113 1125 2199 Deinde
1153 2138 1256 2199 totus
1281 2113 1321 2198 in
1338 2142 1388 2199 eo
1420 2137 1475 2197 est
1490 2110 1728 2225 Sepulveda,
1745 2133 1788 2195 ut
1820 2110 1996 2224 pestilen-

545 2252 623 2315 tem
647 2261 780 2318 eotum
797 2233 1018 2318 sententiam
1035 2230 1172 2318 refutet
1195 2230 1288 2318 falso
1310 2230 1577 2316 Cluistianismi
1604 2229 1731 2314 colore
1748 2253 1997 2342 praetextam,

545 2377 626 2434 non
642 2379 720 2436 esse
735 2352 968 2437 Christianae
984 2351 1202 2437 tolerantiae
1228 2357 1439 2436 Turcarum
1469 2347 1668 2438 violentiae
1692 2342 1792 2432 fetro
1820 2373 1860 2432 et
1884 2349 1997 2434 armis

545 2493 783 2586 repugnate,
811 2469 876 2556 sed
898 2469 974 2555 hoc
999 2497 1196 2586 tamquam
1214 2470 1286 2553 Dei
1306 2467 1498 2586 flagellum
1514 2470 1622 2553 bono
1642 2465 1771 2550 animo
1793 2468 1996 2582 suscipien-

547 2585 668 2672 dum.
700 2591 832 2682 Quare
860 2586 984 2673 multis
1004 2618 1051 2674 ex
1078 2585 1230 2675 historia
1246 2616 1349 2673 sacra
1376 2587 1581 2701 depromtis
1613 2584 1841 2701 argumentis
1875 2611 1997 2700 atque

547 2705 749 2820 exemplis,
768 2705 1001 2820 justissimum
1035 2707 1074 2793 id
1099 2737 1175 2793 esse
1205 2705 1345 2792 bellum
1374 2704 1549 2813 evincit,
1578 2703 1687 2821 quod
1715 2730 1785 2817 pto
1812 2703 1997 2821 religione

547 2848 645 2909 sarta
667 2853 711 2908 ac
736 2851 835 2911 tecta
860 2827 1117 2914 conservanda
1134 2826 1360 2942 suscipiantr.

635 2947 841 3059 Postquam
874 2946 922 3031 de
955 2974 1091 3062 genere
1131 2944 1216 3031 belli
1258 2971 1391 3032 auctor
1429 2945 1579 3061 copiose
1625 2942 1869 3057 disputavit,
1904 2941 1996 3028 alte·

548 3085 590 3144 ta
622 3062 800 3148 orationis
840 3088 973 3179 parte,
1013 3093 1133 3179 eaque
1158 3089 1377 3179 postrema,
1422 3066 1582 3178 probare
1626 3061 1844 3178 aggreditur
1875 3059 1997 3147 hostis

550 3175 804 3267 infirmitatem
834 3211 878 3268 ac
910 3183 1075 3268 Caesaris
1104 3183 1200 3269 vites
1224 3183 1379 3270 adeum
1397 3183 1469 3268 suis
1501 3182 1611 3269 armis
1632 3179 1914 3266 debellandum.
1939 3182 1997 3265 Ut

548 3325 643 3382 veto
661 3327 795 3386 cotum
828 3299 928 3386 cluat
943 3329 1138 3407 errorem,
1160 3300 1228 3416 qui
1251 3332 1332 3387 non
1347 3329 1484 3418 genere
1500 3331 1546 3386 ac
1561 3300 1699 3387 virtute
1717 3298 1874 3384 militum
1894 3358 1907 3401 ,
1927 3297 1995 3384 sed

549 3415 658 3528 copia
679 3443 718 3504 et
750 3448 910 3504 numero
939 3421 1055 3506 robur
1076 3421 1255 3506 exercitus
1285 3422 1504 3523 metientes,
1536 3419 1665 3504 timide
1697 3416 1914 3529 judicabant
1947 3418 1997 3503 de

552 3535 720 3620 Caesaris
742 3537 985 3653 hostiumque
1008 3567 1164 3625 suorum
1197 3539 1334 3626 viribus
1354 3568 1366 3642 ·,
1389 3539 1508 3624 multa
1523 3567 1569 3624 ex
1589 3543 1825 3623 Graecorum
1840 3534 1996 3622 Latino

548 3678 711 3768 rumque
728 3657 966 3743 monimentis
993 3657 1089 3742 bella
1122 3683 1425 3762 commemorat,
1449 3686 1547 3773 quae
1570 3656 1619 3742 ab
1648 3655 1862 3740 hominibus
1876 3655 1996 3740 nostri

550 3771 676 3878 orbis,
698 3773 774 3859 hoc
797 3800 880 3880 est,
912 3775 1047 3882 abiis,
1069 3776 1136 3891 qui
1167 3783 1364 3892 Europam
1389 3776 1591 3881 incolunt,
1620 3803 1708 3860 cum
1734 3773 1799 3859 illis
1824 3771 1995 3860 Asiaticis

549 3890 762 3978 nationibus
785 3917 890 4009 gesta
908 3918 1026 4002 sunt,
1053 3896 1257 4011 exquibus
1284 3891 1361 3983 fere
1390 3891 1567 3981 confusus
1595 3891 1887 4008 commistusque
1913 3915 1995 3978 erat

549 4007 759 4095 Turcarum
785 4012 988 4119 exercitus,
1019 4015 1124 4131 queis
1154 4015 1316 4129 probare
1338 4014 1493 4120 nititur,
1527 4013 1702 4099 maximas
1718 4040 1827 4127 saepe
1842 4009 1994 4096 illorum

548 4125 675 4239 copias
706 4157 822 4244 parva
849 4159 1065 4218 nostrorum
1092 4163 1210 4219 manu
1239 4131 1339 4220 lucas
1368 4132 1591 4250 fugatasque
1621 4129 1757 4235 fuisse,
1790 4158 1859 4214 nec
1888 4128 1994 4245 igna-

547 4273 686 4375 uotum
702 4247 900 4335 hominum
917 4251 1123 4365 quamlibet
1149 4283 1327 4371 magnam
1343 4252 1620 4339 multitudinem
1637 4247 1791 4336 fortium
1824 4247 1994 4336 vitorum

549 4388 648 4474 Justo
678 4367 800 4452 modo
828 4370 1002 4454 exercitui
1030 4399 1186 4484 parem,
1213 4373 1398 4460 ullatenus
1416 4370 1765 4488 pertimescendam.
1788 4369 1993 4455 Adextrc-

414 4480 462 4530 ‘t
547 4509 654 4566 mum
669 4484 877 4594 Italorum,
902 4489 1159 4602 Hispanorum
1184 4514 1221 4576 et
1244 4496 1527 4577 Germanorum
1543 4491 1581 4572 in
1597 4487 1697 4574 bellis
1715 4485 1885 4606 gerendis
1901 4511 1992 4571 stre·

546 4600 728 4689 nuiratem
744 4604 809 4720 ipsi
840 4607 989 4693 Caesari
1009 4607 1124 4724 longa
1151 4608 1374 4722 experientia
1409 4608 1601 4724 cognitam
1624 4608 1759 4692 meritis
1783 4603 1889 4689 effert
1914 4603 1992 4688 lau·

546 4719 682 4806 dibus.
716 4723 846 4818 Quare
872 4755 960 4810 eum
978 4727 1064 4810 totis
1090 4725 1228 4812 viribus
1257 4727 1456 4830 hortatur,
1483 4749 1556 4831 ut,
1583 4723 1736 4810 foedere
1761 4751 1848 4806 cum
1881 4722 1992 4806 Chri·

543 4838 909 4976 stianis‘Principibus
921 4844 1035 4952 inito,
1052 4844 1191 4934 bellum
1207 4845 1283 4932 hoc
1296 4843 1509 4933 Christiano
1526 4841 1671 4932 nomini
1686 4840 1991 4960 gloriosissimum

543 4984 736 5074 suscrptat.

1910 5078 1988 5170 Mi-
