4294 5972
466 529 469 536 .
582 416 673 510 344
937 408 1020 490 nn
1061 406 1259 488 nunus
1303 402 1545 486 ensrrs¹

538 567 713 686 Lesbo,
751 605 865 706 quae
901 567 1054 665 eadem
1090 608 1142 666 ex
1177 565 1284 666 urbe
1309 563 1441 704 ipsius
1467 595 1635 664 vetusta
1663 555 1884 704 Mitylene
1910 606 1988 668 no·

535 714 757 828 minatur,
799 709 951 848 AEgei
993 710 1125 808 maris
1160 708 1326 824 insula,
1370 743 1493 810 natus
1539 699 1677 804 fuerat
1720 740 1841 845 patre
1881 719 1985 810 Ma-

532 855 805 970 humetano,
842 851 1025 950 nomine
1068 851 1380 968 Mcrbaemedino,
1423 849 1502 990 qui
1542 847 1713 948 cibariis
1758 849 1982 952 tenuibus-

533 1037 621 1137 que
655 992 869 1094 mercibus
903 990 1066 1130 cymba
1101 991 1388 1134 importandis
1424 1033 1473 1090 ac
1511 991 1788 1132 exportandis
1819 992 1983 1100 victum

529 1136 793 1280 quaerebat,
829 1175 873 1237 et
908 1172 1046 1236 matre
1083 1135 1330 1236 Christiana
1363 1140 1594 1242 Catherirrar
1629 1135 1780 1234 sedeo
1811 1139 1983 1280 magni·

528 1281 693 1381 tudinis
731 1316 920 1382 evaserat
954 1316 1130 1380 strenuo
1167 1317 1422 1420 magnoque
1456 1277 1608 1380 animo
1642 1273 1815 1378 favente
1850 1275 1984 1382 fortu-

528 1463 614 1542 na,
651 1461 700 1525 ut
745 1465 797 1524 ex
845 1423 981 1564 figulo
1026 1422 1224 1564 primum
1259 1431 1444 1557 Pyrata,
1494 1421 1651 1518 deinde
1687 1415 1826 1520 lactus
1880 1462 1982 1525 esset

528 1579 626 1670 Rex
661 1567 891 1709 Argeliae,
917 1567 1140 1708 longeque
1176 1567 1224 1666 in
1259 1557 1406 1663 Africa
1443 1563 1673 1666 maritimis
1699 1565 1871 1704 populis
1898 1566 1981 1668 im·
2127 1619 2128 1660 r

527 1709 766 1849 peritaret,
803 1743 846 1808 et
882 1711 1038 1848 perid
1074 1745 1244 1846 tempus
1280 1746 1398 1806 mare
1435 1706 1653 1806 internum
1686 1745 1789 1804 curn
1814 1709 1982 1848 gravis·

529 1854 649 1952 simis
687 1850 1040 1958 Christianorum
1073 1850 1367 1950 incommodis
1403 1841 1666 1950 infestabat..

596 2001 656 2095 V.
732 2002 868 2090 Hunc
903 1992 1037 2132 igitur
1081 1994 1136 2091 ad
1173 2032 1214 2093 se
1259 1990 1433 2133 magnis
1477 1990 1681 2130 praemiis
1722 1991 1978 2127 Solymanus

526 2171 570 2235 et
613 2133 1003 2273 pollicitationibus
1050 2133 1282 2253 adsciscit,
1331 2168 1375 2232 et
1421 2135 1750 2235 communicato
1793 2136 1978 2236 consilio
2128 2141 2129 2160 ¹

526 2278 682 2416 cupide
708 2277 1015 2378 conditionem
1048 2278 1328 2416 arripientem
1355 2277 1441 2375 toti
1468 2277 1589 2376 classi
1625 2275 1845 2416 praeficit,
1868 2319 1978 2418 quae

525 2460 619 2522 non
655 2460 810 2560 parum
846 2457 971 2521 aucta
1008 2454 1070 2518 est
1113 2421 1225 2519 illius
1263 2417 1447 2520 navibus
1495 2419 1737 2550 adjunctis.
1781 2432 1978 2560 Suscepta

526 2564 755 2703 provincia
791 2561 1063 2663 Charadinus
1095 2602 1249 2682 arma,
1285 2599 1629 2702 tormentaque,
1666 2597 1709 2660 et
1753 2602 1976 2662 commea·

526 2742 631 2822 tus,
669 2705 819 2802 omnia
856 2707 1070 2824 demum,
1108 2746 1222 2848 quae
1257 2706 1356 2804 usui
1391 2706 1445 2805 ad
1481 2702 1782 2844 navigandum
1819 2706 1976 2847 praeli-

524 2847 775 2986 andumque
808 2843 983 2966 forent,
1018 2848 1130 2947 nulli
1167 2889 1342 2990 parcens
1365 2845 1530 2946 sumtui
1566 2886 1856 2988 comparare,
1894 2850 1977 2948 mi-

517 2989 710 3129 litesque
745 2992 799 3090 ad
837 2991 1162 3132 imponendum
1200 2992 1385 3131 deligere
1420 2989 1623 3120 jubetur,
1665 3031 1778 3131 quae
1814 3029 1865 3092 ut
1900 2991 1977 3092 fie-

525 3169 624 3232 rent
661 3133 814 3232 omnia
850 3173 953 3232 curn
977 3203 979 3214 ·
1004 3145 1169 3265 majore
1216 3135 1329 3234 illius
1377 3133 1658 3253 auctoritare,
1701 3139 1825 3232 basra
1864 3135 1973 3235 idem

518 3310 727 3393 creatur,
774 3275 853 3416 qui
889 3277 1170 3416 Magistratus
1207 3277 1318 3376 inter
1360 3279 1524 3375 Turcas
1567 3275 1857 3417 amplissimus
1891 3314 1974 3396 est,

528 3450 573 3517 et
618 3457 810 3518 summae
862 3421 1100 3520 secundum
1140 3432 1313 3562 Regem
1365 3419 1660 3522 auctoritatis.
1714 3429 1835 3520 Nam
1879 3421 1975 3520 licet

527 3597 628 3701 post
664 3564 905 3662 adventum
940 3562 1180 3663 Chara'dini
1214 3567 1261 3665 in
1304 3561 1579 3681 Thraciam,
1618 3603 1642 3662 a
1677 3565 1834 3665 nostris
1877 3565 1975 3663 reli-

514 3740 597 3803 -cta
645 3718 862 3824 Corone,
904 3706 1161 3841 Solymanus
1203 3719 1294 3838 jam
1342 3746 1448 3808 esset
1490 3746 1652 3848 magna
1702 3706 1975 3807 solicitudine

528 3845 765 3966 liberatusr
799 3847 1038 3990 angebatur
1072 3888 1220 3952 tamen
1257 3850 1423 3992 accepti
1458 3848 1737 3953 incommodi
1770 3852 1826 3950 ad
1859 3889 1976 3950 oram

527 3988 850 4130 Peloponnesi,
897 4029 1026 4134 atque
1069 3995 1342 4136 ignominiae
1385 3993 1724 4108 recordatione,
1776 3993 1975 4133 turpissi-

530 4167 658 4232 mum
694 4127 778 4231 sibi
812 4135 860 4233 in
902 4171 1023 4237 tanto
1065 4179 1143 4238 suo
1188 4139 1377 4279 imperio
1421 4137 1639 4280 simulque
1685 4135 1974 4280 periculosum

510 4314 615 4374 -esse
651 4313 852 4414 reputans
888 4277 1071 4420 impune
1107 4319 1298 4416 nostros,
1335 4283 1508 4423 quoties
1542 4281 1726 4404 liberet,
1762 4281 1810 4382 in
1846 4285 1972 4382 Pelo·

524 4453 767 4554 ponnesum
831 4421 1132 4565 reliquamque
1190 4425 1414 4527 Graeciam
1461 4428 1709 4570 navigare,
1759 4461 1967 4566 spectante

523 4596 598 4658 sua
632 4559 761 4658 classe
797 4597 840 4660 et
873 4563 1105 4702 probibere
1142 4605 1416 4709 nequeunte.
1453 4583 1581 4694 Quae
1624 4570 1764 4689 mala,
1785 4610 1837 4668 ne
1884 4566 1967 4666 sibi

524 4739 693 4845 semper
729 4742 865 4809 essent
902 4708 1215 4816 extimescenda
1231 4712 1437 4831 ,cunctis
1461 4714 1622 4856 opibus
1645 4711 1973 4869 providendum

1914 4890 1970 4950 sr-
