4294 5972
489 473 491 478 .
555 411 644 524 με
958 419 1042 504 oa
1088 419 1287 502 nanus
1327 415 1545 502 orastis

509 583 673 690 manos
708 575 866 684 milites
910 577 1178 719 stipendium
1220 576 1547 718 suppeditavit.
1598 567 1744 676 Affuit
1794 614 1989 726 quoque·

509 710 769 837 fernandus·
793 726 974 828 Tolerus
1015 735 1119 824 Dux
1156 720 1464 846 Albanorum,
1501 757 1545 823 et
1578 723 1821 822 Fcrnandus
1868 730 1980 836 Silva

513 893 677 980 Comes
712 865 1091 991 Centifontanus,
1132 869 1212 1010 qui
1257 907 1407 1009 postea
1451 866 1604 966 missus
1640 901 1702 968 est
1738 911 1765 968 a
1813 877 1976 980 Carolo

512 1031 697 1162 Legatos
735 1030 932 1120 Romam
968 1015 1023 1114 ad
1067 1014 1344 1116 Clementem
1384 1011 1650 1114 Pontificem
1689 1013 1975 1148 Maximum,

511 1167 763 1303 eodemque
808 1198 988 1261 munere
1028 1161 1146 1300 apud
1188 1160 1374 1259 Paulum
1414 1154 1716 1277 Pontificem,
1754 1161 1836 1300 qui
1873 1165 1978 1264 Cle·

510 1309 651 1412 menti
687 1309 915 1426 successit,
953 1345 1057 1406 cum
1095 1303 1200 1406 haec
1240 1306 1549 1445 proderemus,
1579 1341 1683 1402 cum
1712 1341 1789 1402 sua
1818 1346 1978 1450 magna

511 1453 640 1554 laude
663 1447 955 1594 fungebatur.
999 1462 1110 1550 Item
1152 1449 1401 1550 Ludovicus
1438 1446 1605 1566 Cerda,
1641 1448 1898 1588 Cogolluti,
1935 1492 1977 1556 et

513 1607 710 1735 Joannes
748 1595 993 1716 Manricus,
1018 1594 1235 1736 Aguilaris
1263 1591 1568 1694 Marchiones.
1610 1590 1683 1691 Ad
1703 1589 1806 1694 haec
1835 1603 1976 1731 Joan·

512 1781 587 1844 nes
624 1740 822 1841 Heredia
846 1738 1113 1858 ,Fontium,
1152 1732 1358 1839 Alfonsus
1384 1736 1615 1836 Azevedus
1634 1813 1648 1853 ,
1665 1738 1948 1884 Montisregii
1958 1821 1975 1863 ,

512 1893 661 1987 Petrus
698 1884 945 2001 Atellanus,
966 1883 1190 2023 Agoilaris
1211 1881 1492 2002 ,Ludovicus
1514 1887 1858 2000 Portucarrerus,
1880 1887 1973 1985 Pal·

513 2069 614 2132 mae
663 2028 889 2129 Comites.
942 2035 1162 2127 Praeterea
1197 2025 1396 2161 Jacobus
1440 2024 1696 2146 Mendoza,
1731 2027 1972 2130 Callaeciae

510 2167 752 2314 praefectus
795 2174 1116 2304 (Adelantaturn
1155 2170 1292 2311 vulgo
1334 2171 1612 2306 nominant)
1654 2206 1698 2269 et
1739 2170 1972 2311 religioso-

508 2356 610 2420 rum
647 2316 851 2457 equitum
893 2308 1099 2457 praefecti
1138 2350 1357 2455 quatuor,
1396 2355 1509 2454 quos
1545 2313 1970 2455 vulgaticonsuctu-

402 2462 414 2477 '
509 2462 612 2562 dine
659 2465 996 2562 commendatarios
1044 2462 1201 2596 tnajores
1258 2457 1504 2596 appellant,
1553 2463 1751 2592 Joannes
1798 2461 1966 2562 Stunica

509 2603 754 2721 castellae,
791 2602 872 2740 qui
901 2593 1135 2740 praefectus
1172 2599 1294 2700 idern
1329 2602 1480 2702 Caroli
1528 2602 1768 2743 praetoriae
1804 2601 1960 2705 cohor-

509 2745 563 2845 tis
600 2780 717 2865 erat,
748 2745 990 2846 Franciscus
1026 2755 1178 2846 Covus
1214 2743 1467 2885 Legionis,
1511 2754 1659 2846 Petrus
1691 2759 1846 2849 Cueva
1886 2749 1966 2848 Al-

506 2926 733 3009 cantatae,
770 2890 943 2990 Garcias
979 2888 1144 2990 Padilla
1189 2888 1479 3007 Calatravac,
1521 2891 1601 3032 qui
1644 2931 1697 2989 ex
1749 2891 1966 3033 Hispania

506 3068 552 3132 et
584 3033 706 3134 Italia
738 3072 843 3157 cum
882 3032 1045 3133 Carolo
1073 3036 1119 3136 in
1147 3034 1429 3136 Germaniam
1465 3070 1782 3178 pervenerunt3
1823 3072 1873 3135 ut
1895 3078 1965 3138 cc-

504 3208 621 3278 teros
657 3213 864 3296 taceam,
900 3217 1014 3317 quos
1058 3175 1247 3320 longum
1288 3213 1393 3281 esset
1437 3177 1707 3280 nominatim
1751 3217 1959 3281 recensere

502 3320 776 3460 amplissimo
810 3359 963 3462 genere
994 3360 1151 3443 natos,
1185 3317 1535 3464 fortissimosque
1566 3321 1684 3423 vitos
1711 3361 1757 3423 et
1782 3364 1965 3469 magnae

503 3462 664 3567 indolis
701 3466 1022 3585 adolescentes,
1043 3467 1123 3608 qui
1155 3465 1370 3606 praesenti
1397 3468 1662 3608 Imperatori
1692 3507 1817 3568 suam
1855 3509 1967 3609 ope—

501 3645 598 3710 ram
634 3645 792 3710 navare
827 3607 1085 3710 studebant.
1132 3611 1395 3713 Germaniae
1429 3613 1632 3752 illiusque
1669 3646 1827 3713 tractus
1854 3613 1968 3718 Prin·

501 3752 617 3894 cipes
654 3788 808 3853 taceo.
860 3751 974 3871 Quis
1014 3754 1135 3855 enim
1181 3754 1434 3894 praesertim
1488 3793 1685 3859 externus
1735 3791 1805 3857 tot
1843 3798 1967 3858 sum-

500 3936 580 3996 mo
616 3897 718 3996 loco
753 3933 877 4000 natos
910 3889 1254 4039 fortissimosque
1293 3900 1408 4003 vitos
1434 3899 1702 4004 nominatim
1727 3931 1967 4004 recenseat?

498 4043 594 4161 Qui
630 4080 799 4183 magno
845 4040 999 4147 animo
1032 4043 1087 4144 ad
1126 4043 1171 4144 id
1208 4041 1370 4148 bellum
1425 4082 1680 4150 corruerunt
1719 4078 1762 4146 et
1804 4047 1968 4191 singu-

460 4177 575 4285 'lari
616 4187 764 4290 studio
810 4186 1017 4327 pietatem
1063 4188 1261 4328 patriae,
1308 4184 1595 4334 officiumque
1631 4227 1757 4294 suum
1794 4191 1964 4294 Carolo

496 4333 668 4432 Caesari
709 4331 1040 4470 praestiterunt.
1090 4343 1242 4476 ltaque
1284 4375 1456 4439 summa
1502 4337 1732 4478 copiatum
1778 4374 1876 4437 etat
1916 4339 1962 4436 in

495 4475 640 4574 castris
688 4478 880 4578 Caesaris
929 4491 1215 4585 armatorum
1251 4481 1306 4580 ad
1352 4481 1490 4584 millia
1543 4489 1736 4586 centum·
1761 4480 1954 4621 viginti,

494 4610 1081 4766 fortissimarumsgtntium
1120 4620 1300 4730 invicta·
1327 4626 1474 4754 acies,
1506 4661 1554 4734 er
1583 4663 1707 4732 cette
1731 4624 1957 4749 hostibus,

494 4761 599 4868 licet
634 4775 824 4869 nu'mero
861 4763 997 4910 longe
1033 4764 1262 4911 pluribus,
1297 4807 1390 4876 non
1411 4770 1649 4913 ¹toleranda
1664 4849 1676 4876 .
1690 4853 1701 4891 ,
1792 4844 1796 4861 ·
