4368 5984
708 381 830 454 VITA
852 381 919 458 ET
942 382 1155 459 SCRIPTA.
1471 382 1608 454 LXXV.

180 508 489 603 miiemissimum
504 505 718 599 'Antonium
735 509 994 628 Augustinum
1010 537 1189 598 unacum
1204 505 1365 624 eleganti
1391 533 1435 592 ac
1460 509 1631 594 modesta

183 632 367 746 epistola,
402 647 519 744 ¹qua
545 630 613 715 viri
644 627 747 714 docti
776 629 1010 746 aliorumque
1033 627 1211 743 judicium
1238 624 1483 742 exquirebat,
1511 654 1629 741 quam

180 751 240 836 hic
270 775 467 862 apponere
495 773 578 833 non
607 747 861 862 gravabimur.

274 887 293 926 2
314 865 449 982 Jure,
479 864 632 979 inquit,
655 891 705 948 on
731 868 875 974 injuria
890 857 1078 969 barbari,
1108 889 1198 972 quos
1225 861 1336 945 Indos
1358 877 1524 964 vorant,
1549 879 1627 968 pa-

184 999 280 1100 gani
305 991 551 1088 idolorumque
582 987 743 1066 maures
772 989 816 1065 in
842 981 1143 1066 Christianorum
1168 982 1427 1090 Hispanorum
1450 985 1626 1063 ditionem

180 1111 333 1190 redacti
349 1111 456 1203 strat,
482 1101 804 1208 redigamurque,
827 1114 870 1182 ut
897 1101 1041 1182 subiato
1060 1101 1239 1183 idolorum
1264 1102 1393 1200 calta,
1414 1105 1626 1205 paratiori-

180 1219 251 1310 bus
272 1225 413 1307 arsinus
435 1219 754 1324 praedicationem
781 1221 1038 1324 evanguicam
1065 1219 1198 1299 audire
1225 1233 1445 1324 cogantur,
1476 1217 1626 1298 dubita-

178 1355 261 1423 tam
278 1353 337 1424 est
359 1350 609 1426 anostrorum
637 1336 759 1418 doctis
783 1335 1001 1442 quibasdam
1027 1335 1260 1438 uanioribus,
1289 1349 1327 1420 et
1356 1359 1424 1414 non
1438 1339 1521 1414 sine
1536 1357 1624 1416 cort-

177 1465 345 1542 teutone
358 1458 401 1535 in
418 1465 612 1560 utranmue
633 1467 784 1561 partem
808 1455 1054 1560 disputatum.
1088 1453 1216 1561 Quam
1238 1477 1307 1558 ego
1325 1458 1623 1535 controuersiam

179 1579 364 1658 dirimere
377 1576 557 1678 cupiens,
583 1573 827 1674 quaestuum
842 1574 967 1652 dicato
990 1572 1111 1652 libello
1139 1578 1357 1652 accuratius
1383 1595 1465 1651 sum
1491 1587 1624 1677 perse·

186 1709 327 1796 cutus,
355 1703 394 1772 et
416 1687 508 1794 quid
521 1696 695 1771 sentirem
720 1701 911 1788 testatus3
939 1702 1041 1770 reete
1060 1713 1108 1770 no
1130 1712 1272 1789 secas,
1301 1695 1459 1768 maxime
1488 1693 1623 1770 vetlem

181 1824 251 1894 tao
278 1811 403 1913 tuiqrai
432 1809 607 1888 similium
630 1806 859 1889 eruditorum
879 1809 1048 1887 virorum
1065 1864 1079 1910 ,
1097 1814 1161 1912 qui
1178 1804 1331 1887 Romam
1347 1831 1397 1885 esa
1421 1809 1519 1888 omni
1534 1805 1623 1890 orbe

181 1927 404 2012 Christiano
432 1919 612 2024 confluere
642 1925 761 2038 soient
789 1927 1060 2029 ,grauissimo
1083 1924 1228 2030 judicio
1255 1925 1458 2005 declarari.
1495 1920 1623 2007 Causa

179 2050 394 2154 pergravis
410 2055 498 2143 est,
524 2043 791 2146 accindimur,
815 2063 908 2144 quae
922 2045 1052 2121 talium
1075 2049 1246 2124 virorum
1268 2045 1457 2146 sapientia
1482 2055 1520 2123 et
1557 2065 1624 2123 aa·

184 2171 364 2246 ctoritate
387 2159 626 2266 dijudicetur.
654 2156 824 2240 Pertinet
842 2164 938 2238 enim
962 2162 1015 2238 ad
1038 2162 1287 2240 universalem
1320 2158 1564 2260 Ecclesiam,
1583 2172 1624 2240 et

175 2275 534 2388 instaurationem
555 2287 684 2385 gentes
704 2275 879 2382 pagaraas
902 2276 953 2358 ad
970 2273 1119 2358 Christi
1131 2273 1250 2372 fidem
1266 2277 1474 2356 inducendi.
1507 2273 1626 2382 Cujus

185 2399 416 2504 quaestionis
427 2417 605 2475 summam
627 2400 668 2475 in
682 2417 816 2474 morem
827 2392 1088 2476 scholasticum
1102 2395 1311 2475 rationibus
1323 2395 1517 2497 utriusque
1528 2409 1623 2498 par·

185 2523 245 2597 tis
264 2517 469 2620 explicatis
485 2516 675 2594 redactam
689 2511 762 2591 tibi
777 2516 897 2592 mitto.
930 2509 1024 2594 Erit
1038 2516 1160 2616 igitar
1175 2504 1418 2595 humanitatis
1431 2505 1630 2614 officiique!

183 2637 246 2714 toi
258 2691 271 2734 ,
296 2644 340 2711 ut
350 2633 513 2738 primunr
523 2645 598 2737 per
612 2644 651 2710 te
679 2651 830 2709 causam
854 2631 1000 2710 collatis
1015 2629 1223 2710 rationibus
1248 2645 1321 2734 pro
1343 2641 1411 2709 tua
1433 2632 1622 2736 singulari

180 2753 396 2830 mudiione
417 2747 619 2852 diiigenter·
642 2747 880 2847 consideres,
911 2746 1040 2826 deinde
1055 2752 1164 2829 viras
1188 2749 1364 2849 αὶίᾳιιοι,
1387 2771 1542 2851 quorum
1549 2748 1624 2830 tibi

184 2871 401 2974 gravitas,
427 2877 467 2944 et
492 2867 662 2948 doctrina
679 2921 692 2964 ,
711 2865 966 2970 judiciumque
989 2869 1149 2944 manime
1172 2865 1381 2972 probetur,
1416 2867 1495 2946 ium
1517 2865 1624 2949 theo·-

182 2989 288 3091 ugos
307 3038 323 3085 ,
345 2996 424 3063 tum
446 2980 552 3086 juris
563 2975 752 3089 pontificii
763 2979 909 3086 peritos
935 2979 1144 3083 adhibeas,
1168 2985 1399 3089 praesertim
1429 3009 1479 3065 eu
1494 2985 1623 3068 nestro

191 3112 315 3187 Rotae
332 3102 512 3203 attegio,
544 3100 649 3206 cujus
665 3111 723 3178 est
744 3101 783 3178 in
805 3110 882 3180 toto
896 3097 982 3180 orire
1000 3095 1216 3183 Christiano
1244 3105 1452 3182 aumoritas
1458 3106 1625 3214 grauis-

185 3225 285 3298 sima
304 3273 319 3318 ‚
342 3231 385 3297 nt
399 3223 593 3299 sestertiis
609 3219 885 3298 communicatis
901 3271 913 3318 ,
935 3215 1029 3320 quid
1042 3215 1114 3296 isac
1130 3221 1171 3296 in
1184 3241 1300 3299 cursa
1315 3241 1448 3300 omnen
1454 3221 1624 3326 jartam·

184 3360 256 3438 que
270 3347 326 3415 stt
338 3393 351 3436 ,
363 3347 405 3414 et
421 3357 504 3414 nun
525 3335 675 3416 iibeitus
690 3334 847 3414 edendas
870 3357 951 3413 esse
966 3333 1174 3436 videatur,
1198 3339 1437 3419 casertanus
1453 3392 1468 3439 ,
1482 3349 1527 3418 ut
1555 3363 1624 3445 ego

187 3468 359 3534 vestram
374 3455 633 3532 auctoritatem
653 3465 804 3532 secutus
831 3452 991 3532 libellum
1023 3444 1087 3533 vei
1120 3475 1260 3533 vanum
1287 3465 1325 3532 et
1360 3458 1555 3560 inutilem,
1585 3461 1624 3536 si

184 3567 299 3651 vobis
316 3575 375 3649 ita
388 3573 515 3648 visum
521 3565 678 3673 fecerit,
708 3574 973 3675 supprimant,
998 3563 1067 3648 nei
1079 3563 1333 3654 incunctanter
1343 3577 1467 3675 primo
1485 3594 1624 3678 qaoque

185 3701 355 3794 tempore
377 3691 612 3768 emittendum
626 3708 779 3788 curem,
805 3691 843 3766 si
872 3689 1009 3767 eisdem
1032 3687 1171 3788 vobis,
1204 3702 1245 3769 ut
1261 3708 1401 3794 spero,
1423 3693 1477 3772 aa
1501 3691 1625 3795 poiti-

189 3831 270 3886 cum
285 3803 543 3906 coronandam,
569 3818 608 3883 et
624 3805 884 3884 declarandam
900 3810 941 3884 in
964 3825 1007 3885 re
1027 3810 1263 3906 gravissim
1286 3809 1489 3888 muntem
1499 3811 1626 3913 pent«

185 3947 274 4005 nere
292 3919 543 4028 judicabitur.
571 3919 677 4002 Vale·
709 3919 780 4002 Eos
793 3918 977 4004 Valdolito
989 3917 1076 4000 ViI.
1093 3915 1186 4003 Kal.
1204 3921 1313 4029 Sept.
1326 3948 1458 4030 1549·
1581 3962 1601 4000 ;.

275 4033 486 4150 Respondit
499 4035 746 4151 Augueinus,
762 4065 947 4122 summam
971 4038 1197 4150 quaestionis
1218 4038 1267 4124 de
1283 4037 1382 4122 beiio
1397 4038 1527 4126 inito
1542 4065 1629 4153 pun*

184 4155 312 4240 datie·
327 4181 468 4268 perque
493 4153 682 4271 eieganter
704 4151 928 4268 disputatum
950 4149 1038 4238 cum
1063 4151 1148 4234 viris
1174 4178 1213 4240 et
1227 4155 1264 4240 in
1282 4153 1373 4268 June
1389 4179 1428 4242 et
1442 4157 1480 4242 in
1496 4158 1624 4243 Theo-

186 4271 286 4389 iogii
311 4271 489 4364 consuitis
508 4301 537 4354 a
561 4300 602 4358 se
628 4272 974 4372 communicatam,
1007 4269 1236 4386 dignamque
1262 4274 1427 4358 habitam
1460 4303 1559 4388 quae
1587 4275 1626 4360 iu

182 4391 381 4590 ''abiait“
395 4387 516 4474 iucem
542 4386 720 4505 praeiret.
754 4389 827 4476 Sed
860 4411 1021 4505 praestat
1047 4385 1167 4504 ipsum
1185 4391 1440 4514 Augsutinum
1469 4393 1628 4510 loquen-

179 4533 265 4594 tem
290 4537 341 4589 au
371 4533 448 4590 ire:
520 4565 524 4576 ·
559 4585 563 4595 .
1092 4531 1095 4537 ¹
1153 4566 1156 4575 ·
1482 4553 1488 4588 :

270 4642 293 4702 a
314 4619 892 4733 Sauraaalilitaquuaestionis
916 4627 965 4709 te
985 4615 1254 4738 bethsittim,
1279 4653 1374 4739 quaa
1388 4653 1414 4713 a
1427 4641 1470 4715 te
1483 4632 1630 4719 tuiihro

221 4808 246 4918 ἰ
289 4859 389 4933 Epist.
403 4860 535 4918 Luxu.
553 4860 625 4918 edit.
640 4857 783 4942 salmani.
802 4905 833 4938 :.
879 4928 883 4937 ¹
957 4744 1038 4832 Κλ
1249 4899 1251 4906 ,
1585 4751 1632 4834 de

229 4955 248 4996 a
291 4940 365 5013 Peg.
388 4941 484 5017 177t.
503 4942 574 5000 edit.
588 4941 733 4998 Salmant.

230 5033 249 5094 3
287 5018 359 5095 Peg.
377 5020 441 5097 ¹7⁸·
455 5021 527 5080 edit.
541 5020 684 5080 Selmena.
699 5021 788 5098 epist.
800 5033 850 5100 73.
