4292 5984
501 605 503 610 ,
622 532 857 616 cauom
892 533 947 615 v.
991 535 1111 616 ιιι.
1152 539 1219 616 ιι.
1504 515 1556 602 61

152 695 328 797 aedium
355 729 568 794 sacrarum
594 692 834 792 maximam
865 704 1014 791 Deum
1050 727 1303 811 veneratus,
1333 687 1383 791 in
1413 690 1602 798 domum

151 842 344 983 Regiam
381 836 581 944 divertit,
619 876 668 935 ac
706 833 938 976 postridie,
976 834 1055 976 qui
1101 835 1192 934 dies
1226 770 1306 934 firii
1342 836 1399 934 ad
1434 875 1603 940 nonum

150 987 254 1085 Idus
286 977 639 1099 Novembris,
627 1018 674 1081 ιιι
710 979 831 1078 idem
872 971 1028 1077 fanum
1065 975 1299 1096 deductus,
1336 1015 1380 1076 et
1415 981 1471 1078 ad
1506 1021 1605 1080 ma-

147 1129 315 1227 ximam
351 1165 471 1226 aram
508 1125 607 1224 oleo
646 1161 763 1222 sacro
799 1161 827 1219 a
858 1120 1117 1222 Coloniensi
1151 1119 1547 1283 Archiepiscopo
1533 1163 1603 1224 ιιι

148 1307 308 1372 unctus
348 1269 396 1370 in
440 1266 671 1368 sacrarium
711 1307 736 1365 a
781 1265 1050 1406 Moguntino
1086 1265 1430 1427 Treverensique
1466 1267 1605 1367 dedu-

144 1415 291 1532 citur,
328 1446 371 1510 et
411 1409 684 1552 Imperatoris
725 1407 874 1509 Caroli
916 1408 1078 1571 Magni
1118 1408 1385 1510 ornamentis
1424 1409 1602 1511 indutus

144 1556 197 1658 in
238 1555 440 1658 eamdem
484 1593 602 1656 aram
651 1551 904 1652 reducitur
954 1553 1044 1651 Hic
1086 1550 1165 1652 ubi
1211 1553 1399 1673 assedit,
1446 1593 1612 1656 omnes·

148 1738 233 1801 tres
272 1696 476 1799 simul
440 1737 481 1797 er
511 1696 661 1800 Caroli
682 1694 843 1838 Magni
866 1693 1063 1837 gladium
1098 1695 1405 1805 accinxerunt3
1442 1699 1601 1798 deinde

146 1843 422 1947 Coloniensis
457 1844 570 1943 solus
607 1841 823 1942 annulum
856 1879 1040 1940 aureum
1075 1873 1118 1937 et
1145 1838 1340 2000 Regium
1374 1839 1600 1943 vestimen-

146 2023 244 2090 tum
278 1988 452 2108 induit,
497 2022 803 2148 sceptrumque
839 1981 1025 2090 tribuit3
1062 2018 1161 2082 tum
1194 1981 1329 2084 iidem
1364 2017 1444 2082 tres
1480 1985 1601 2124 capi-³

146 2133 182 2232 ti
211 2170 388 2233 auream
422 2168 636 2231 coronam
671 2131 1002 2290 imposuerunt,
1039 2126 1260 2268 conceptis
1294 2126 1601 2292 consuetisque

143 2275 287 2378 verbis
324 2276 381 2375 ad
416 2273 601 2418 singulas
636 2269 923 2372 caerimonias
957 2304 1145 2368 utentes.

181 2429 341 2518 XXIII.
398 2419 478 2518 Sed
512 2419 643 2519 redeo
679 2417 736 2516 ad
764 2415 1068 2554 Hispanorum
1103 2412 1389 2514 tumultus
1349 2414 1601 2518 civitatum-

144 2601 231 2702 que
268 2561 460 2703 legatos,
497 2561 578 2702 qui
613 2557 791 2660 dimisso
828 2555 1035 2658 Concilio
1072 2597 1124 2655 ex
1159 2556 1376 2658 Gallaecia
1411 2560 1600 2663 domum

144 2741 404 2806 revertentes
440 2703 616 2804 diversis
651 2701 869 2802 animisa
842 2699 988 2801 asuis
1023 2699 1323 2840 excipiuntur..
1358 2708 1482 2805 Nam
1519 2704 1600 2845 qui

144 2849 319 2950 decreto
356 2841 556 3010 refragati
589 2841 793 2965 fuerant,
830 2841 878 2944 hi
907 2844 1059 2986 magni
1094 2843 1308 2946 habentur
1336 2877 1478 2989 atque
1513 2847 1600 2948 cla-

145 2992 206 3110 ri,
234 3029 278 3093 et
311 3031 377 3093 sur
413 3031 574 3132 curque
610 2991 724 3093 cives
760 3026 864 3091 cum
899 2989 1069 3130 ingenn
1054 2987 1388 3131 gratulatione
1416 2987 1599 3094 obviam

148 3133 283 3298 longe
338 3136 716 3300 progrediuntur3
769 3132 955 3253 ceteri,
971 3168 1200 3274 tamquam
1242 3133 1601 3275 praevaricatores

143 3279 478 3422 proditoresque
503 3280 702 3422 patriae,
737 3275 1010 3381 contumeliis
1041 3310 1087 3377 et
1111 3273 1280 3441 probris
1305 3275 1478 3381 affecti.
1515 3292 1601 3382 lta·-

145 3463 236 3564 que
270 3425 506 3526 Zamorani
540 3461 585 3524 et
619 3437 883 3588 Burgenses,
919 3420 1145 3566 direptis
1132 3459 1328 3564 ipsorum
1364 3420 1598 3544 domibus,

144 3567 220 3669 vix
257 3568 539 3711 popularium
567 3607 748 3670 suorum
775 3569 995 3709 impetum
1029 3603 1160 3708 atque
1184 3603 1373 3670 mortem
1396 3564 1573 3712 fuga
1531 3605 1599 3668 ιιι

144 3747 371 3815 taverunt
409 3713 760 3878 Sagoviensium·
774 3710 1014 3816 Rodericus
1044 3711 1282 3834 TorsillaS,
1315 3711 1464 3814 multis
1498 3749 1598 3851 sup·

140 3855 285 3996 pliciis
311 3853 492 3958 affectus
514 3899 540 3956 a
564 3855 760 4000 plebe,
746 3896 793 3959 m
818 3856 1068 4001 patibulum
1103 3891 1245 3976 actus,
1276 3892 1320 3955 et
1345 3858 1436 3954 duo
1471 3892 1597 3997 prae-

141 4033 259 4096 terea
283 4000 398 4101 cives
428 4005 587 4104 eodem
611 4004 752 4103 modo
775 4003 1009 4124 trucidati,
1044 4001 1214 4102 alter
1172 4037 1241 4097 vit
1268 3997 1435 4140 gravis,
1471 3999 1597 4140 quod

141 4135 331 4244 firrentes
367 4145 500 4288 paulo
536 4149 756 4249 severiore
786 4187 992 4249 sermone
1024 4141 1285 4284 castigaret,
1323 4142 1430 4244 alter
1472 4143 1600 4283 quod

143 4285 306 4426 scripto
342 4291 466 4420 (erat
509 4289 627 4390 enim
668 4289 877 4427 tabellio)
918 4324 1250 4428 memorraeque
1300 4287 1600 4430 quorumdam

143 4429 329 4531 nomina
363 4433 603 4533 mandaret
642 4437 715 4532 Ad
741 4431 860 4530 hunc
887 4468 1062 4532 motum
1097 4431 1457 4572 supprimendum
1492 4471 1601 4575 poe

144 4610 309 4714 nasque
346 4573 563 4716 legitimas
597 4577 654 4677 de
687 4573 915 4676 seditionis
944 4572 1196 4676 auctoribus
1233 4579 1461 4678 sumendas
1512 4585 1603 4676 Ha·

147 4717 326 4818 drianus
364 4720 648 4862 Regiumque
684 4719 931 4822 Consilium
971 4719 1244 4821 Rodericum
1280 4719 1601 4864 Ronquillum,

148 4897 285 4963 utrum
321 4903 373 4964 ex
409 4897 598 5006 quatuor
632 4861 781 4965 aulicis
825 4859 1122 5004 praetoribus,
1158 4901 1264 4965 cum
1298 4866 1513 5006 praesidio
1549 4903 1600 4962 e-

1494 5003 1601 5150 qul·
