<?xml version="1.0" encoding="UTF-8"?>
<!DOCTYPE html PUBLIC "-//W3C//DTD XHTML 1.0 Transitional//EN"
    "http://www.w3.org/TR/xhtml1/DTD/xhtml1-transitional.dtd">
<html xmlns="http://www.w3.org/1999/xhtml" xml:lang="en" lang="en">
 <head>
  <title>
</title>
<meta http-equiv="Content-Type" content="text/html;charset=utf-8" />
  <meta name='ocr-system' content='tesseract 3.04.00' />
  <meta name='ocr-capabilities' content='ocr_page ocr_carea ocr_par ocr_line ocrx_word'/>
</head>
<body>
  <div class='ocr_page' id='page_1' title='image "./joannisgenesiis02sepgoog_0124.png"; bbox 0 0 4284 5982; ppageno 0'>
   <div class='ocr_carea' id='block_1_1' title="bbox 544 403 1995 696">
    <p class='ocr_par' dir='ltr' id='par_1_1' title="bbox 544 403 1995 696">
     <span class='ocr_line' id='line_1_1' title="bbox 568 403 1620 530; baseline -0.003 -25"><span class='ocrx_word' id='word_1_1' title='bbox 568 433 664 506; x_wconf 87' lang='lat' dir='ltr'>cvr.</span> <span class='ocrx_word' id='word_1_2' title='bbox 964 423 1111 530; x_wconf 78' lang='lat' dir='ltr'>Josu.</span> <span class='ocrx_word' id='word_1_3' title='bbox 1138 403 1260 505; x_wconf 77' lang='lat' dir='ltr'>onst.</span> <span class='ocrx_word' id='word_1_4' title='bbox 1287 417 1620 504; x_wconf 72' lang='lat' dir='ltr'>sanutvsn&#39;an</span> 
     </span>
     <span class='ocr_line' id='line_1_2' title="bbox 544 557 1995 696; baseline -0.001 -46"><span class='ocrx_word' id='word_1_5' title='bbox 544 559 719 652; x_wconf 61' lang='lat' dir='ltr'>hausisse,</span> <span class='ocrx_word' id='word_1_6' title='bbox 742 561 824 647; x_wconf 89' lang='lat' dir='ltr'>&#39;Sed</span> <span class='ocrx_word' id='word_1_7' title='bbox 850 561 886 648; x_wconf 83' lang='lat' dir='ltr'>si¹</span> <span class='ocrx_word' id='word_1_8' title='bbox 911 562 1154 656; x_wconf 86' lang='lat' dir='ltr'>&#39;credendum&#39;</span> <span class='ocrx_word' id='word_1_9' title='bbox 1170 587 1225 648; x_wconf 89' lang='lat' dir='ltr'>est</span> <span class='ocrx_word' id='word_1_10' title='bbox 1249 560 1316 678; x_wconf 88' lang='lat' dir='ltr'>ipsi</span> <span class='ocrx_word' id='word_1_11' title='bbox 1342 560 1514 667; x_wconf 86' lang='lat' dir='ltr'>auctori,</span> <span class='ocrx_word' id='word_1_12' title='bbox 1545 590 1625 647; x_wconf 91' lang='lat' dir='ltr'>non</span> <span class='ocrx_word' id='word_1_13' title='bbox 1657 558 1708 696; x_wconf 77' lang='lat' dir='ltr'>ita</span> <span class='ocrx_word' id='word_1_14' title='bbox 1732 585 1859 676; x_wconf 89' lang='lat' dir='ltr'>presso</span> <span class='ocrx_word' id='word_1_15' title='bbox 1889 557 1995 674; x_wconf 87' lang='lat' dir='ltr'>pede</span> 
     </span>
    </p>
   </div>
   <div class='ocr_carea' id='block_1_2' title="bbox 535 678 2017 4658">
    <p class='ocr_par' dir='ltr' id='par_1_2' title="bbox 535 678 2017 4658">
     <span class='ocr_line' id='line_1_3' title="bbox 547 678 1993 794; baseline -0.002 -29"><span class='ocrx_word' id='word_1_16' title='bbox 547 679 733 768; x_wconf 87' lang='lat' dir='ltr'>Ovietum</span> <span class='ocrx_word' id='word_1_17' title='bbox 769 681 1022 788; x_wconf 77' lang='lat' dir='ltr'>sequebatur,</span> <span class='ocrx_word' id='word_1_18' title='bbox 1047 704 1196 774; x_wconf 86' lang='lat' dir='ltr'>utnon</span> <span class='ocrx_word' id='word_1_19' title='bbox 1223 682 1335 769; x_wconf 86' lang='lat' dir='ltr'>etiam</span> <span class='ocrx_word' id='word_1_20' title='bbox 1370 678 1512 766; x_wconf 88' lang='lat' dir='ltr'>ducum</span> <span class='ocrx_word' id='word_1_21' title='bbox 1544 680 1778 794; x_wconf 77' lang='lat' dir='ltr'>potissumum</span> <span class='ocrx_word' id='word_1_22' title='bbox 1801 701 1993 763; x_wconf 83' lang='lat' dir='ltr'>cornoten-</span> 
     </span>
     <span class='ocr_line' id='line_1_4' title="bbox 546 795 1993 914; baseline -0.003 -30"><span class='ocrx_word' id='word_1_23' title='bbox 546 795 662 884; x_wconf 89' lang='lat' dir='ltr'>tarios</span> <span class='ocrx_word' id='word_1_24' title='bbox 703 798 744 887; x_wconf 91' lang='lat' dir='ltr'>in</span> <span class='ocrx_word' id='word_1_25' title='bbox 772 799 965 890; x_wconf 85' lang='lat' dir='ltr'>consilium</span> <span class='ocrx_word' id='word_1_26' title='bbox 994 799 1219 906; x_wconf 85' lang='lat' dir='ltr'>adhiberet,</span> <span class='ocrx_word' id='word_1_27' title='bbox 1264 798 1612 914; x_wconf 75' lang='lat' dir='ltr'>quaemadmodum</span> <span class='ocrx_word' id='word_1_28' title='bbox 1655 820 1811 885; x_wconf 86' lang='lat' dir='ltr'>testatur</span> <span class='ocrx_word' id='word_1_29' title='bbox 1842 796 1881 880; x_wconf 90' lang='lat' dir='ltr'>in</span> <span class='ocrx_word' id='word_1_30' title='bbox 1912 796 1993 880; x_wconf 83' lang='lat' dir='ltr'>lau-</span> 
     </span>
     <span class='ocr_line' id='line_1_5' title="bbox 552 914 1998 1040; baseline 0.001 -39"><span class='ocrx_word' id='word_1_31' title='bbox 552 915 643 1001; x_wconf 87' lang='lat' dir='ltr'>dara</span> <span class='ocrx_word' id='word_1_32' title='bbox 672 914 721 1000; x_wconf 87' lang='lat' dir='ltr'>ad</span> <span class='ocrx_word' id='word_1_33' title='bbox 738 917 901 1030; x_wconf 89' lang='lat' dir='ltr'>Neylam</span> <span class='ocrx_word' id='word_1_34' title='bbox 932 915 1090 1031; x_wconf 81' lang='lat' dir='ltr'>epistola.</span> <span class='ocrx_word' id='word_1_35' title='bbox 1118 947 1168 1004; x_wconf 88' lang='lat' dir='ltr'>eo</span> <span class='ocrx_word' id='word_1_36' title='bbox 1194 942 1366 1040; x_wconf 85' lang='lat' dir='ltr'>ternpore</span> <span class='ocrx_word' id='word_1_37' title='bbox 1394 917 1566 1038; x_wconf 88' lang='lat' dir='ltr'>scripta,</span> <span class='ocrx_word' id='word_1_38' title='bbox 1595 944 1677 1039; x_wconf 88' lang='lat' dir='ltr'>quo</span> <span class='ocrx_word' id='word_1_39' title='bbox 1692 914 1870 1004; x_wconf 88' lang='lat' dir='ltr'>nondum</span> <span class='ocrx_word' id='word_1_40' title='bbox 1894 943 1998 1034; x_wconf 88' lang='lat' dir='ltr'>opus</span> 
     </span>
     <span class='ocr_line' id='line_1_6' title="bbox 535 1031 1994 1150; baseline 0.005 -31"><span class='ocrx_word' id='word_1_41' title='bbox 535 1035 601 1120; x_wconf 83' lang='lat' dir='ltr'>&#39;ad</span> <span class='ocrx_word' id='word_1_42' title='bbox 631 1031 855 1121; x_wconf 89' lang='lat' dir='ltr'>destinatum</span> <span class='ocrx_word' id='word_1_43' title='bbox 873 1033 990 1126; x_wconf 91' lang='lat' dir='ltr'>finem</span> <span class='ocrx_word' id='word_1_44' title='bbox 1021 1035 1261 1150; x_wconf 78' lang='lat' dir='ltr'>perduxerat.</span> <span class='ocrx_word' id='word_1_45' title='bbox 1873 1047 1879 1058; x_wconf 87' lang='lat'><em>&#39;</em></span> <span class='ocrx_word' id='word_1_46' title='bbox 1990 1090 1994 1103; x_wconf 93' lang='lat'><strong>·</strong></span> 
     </span>
     <span class='ocr_line' id='line_1_7' title="bbox 642 1143 1998 1269; baseline 0.004 -31"><span class='ocrx_word' id='word_1_47' title='bbox 642 1155 876 1244; x_wconf 79' lang='lat' dir='ltr'>Postremum</span> <span class='ocrx_word' id='word_1_48' title='bbox 906 1154 1065 1244; x_wconf 87' lang='lat' dir='ltr'>auctoris</span> <span class='ocrx_word' id='word_1_49' title='bbox 1092 1181 1193 1269; x_wconf 82' lang='lat' dir='ltr'>opus.</span> <span class='ocrx_word' id='word_1_50' title='bbox 1217 1153 1366 1258; x_wconf 83' lang='lat' dir='ltr'>videtur</span> <span class='ocrx_word' id='word_1_51' title='bbox 1396 1147 1504 1238; x_wconf 83' lang='lat' dir='ltr'>fuisse</span> <span class='ocrx_word' id='word_1_52' title='bbox 1527 1153 1707 1240; x_wconf 68' lang='lat' dir='ltr'>Ht&#39;temm</span> <span class='ocrx_word' id='word_1_53' title='bbox 1741 1153 1917 1262; x_wconf 73' lang='lat' dir='ltr'>Phldppt</span> <span class='ocrx_word' id='word_1_54' title='bbox 1941 1143 1998 1244; x_wconf 69' lang='lat' dir='ltr'>li</span> 
     </span>
     <span class='ocr_line' id='line_1_8' title="bbox 555 1266 1999 1390; baseline -0.003 -30"><span class='ocrx_word' id='word_1_55' title='bbox 555 1266 659 1380; x_wconf 69' lang='lat' dir='ltr'>cuis</span> <span class='ocrx_word' id='word_1_56' title='bbox 682 1271 737 1356; x_wconf 89' lang='lat' dir='ltr'>uti</span> <span class='ocrx_word' id='word_1_57' title='bbox 768 1299 807 1357; x_wconf 90' lang='lat' dir='ltr'>et</span> <span class='ocrx_word' id='word_1_58' title='bbox 833 1271 959 1357; x_wconf 85' lang='lat' dir='ltr'>Caroli</span> <span class='ocrx_word' id='word_1_59' title='bbox 974 1274 1028 1360; x_wconf 75' lang='lat' dir='ltr'>V.</span> <span class='ocrx_word' id='word_1_60' title='bbox 1041 1307 1043 1312; x_wconf 88' lang='lat'><em>·</em></span> <span class='ocrx_word' id='word_1_61' title='bbox 1058 1272 1406 1390; x_wconf 80' lang='lat' dir='ltr'>Chronogtaphum</span> <span class='ocrx_word' id='word_1_62' title='bbox 1437 1300 1476 1356; x_wconf 91' lang='lat' dir='ltr'>se</span> <span class='ocrx_word' id='word_1_63' title='bbox 1507 1295 1622 1359; x_wconf 85' lang='lat' dir='ltr'>vocat</span> <span class='ocrx_word' id='word_1_64' title='bbox 1651 1271 1694 1358; x_wconf 88' lang='lat' dir='ltr'>in</span> <span class='ocrx_word' id='word_1_65' title='bbox 1722 1268 1917 1385; x_wconf 70' lang='lat' dir='ltr'>postremis</span> <span class='ocrx_word' id='word_1_66' title='bbox 1939 1293 1999 1355; x_wconf 87' lang='lat' dir='ltr'>ta·</span> 
     </span>
     <span class='ocr_line' id='line_1_9' title="bbox 551 1387 2001 1506; baseline -0.006 -25"><span class='ocrx_word' id='word_1_67' title='bbox 551 1387 662 1481; x_wconf 83' lang='lat' dir='ltr'>bulis.</span> <span class='ocrx_word' id='word_1_68' title='bbox 696 1391 794 1497; x_wconf 83' lang='lat' dir='ltr'>Sed,</span> <span class='ocrx_word' id='word_1_69' title='bbox 821 1391 932 1506; x_wconf 92' lang='lat' dir='ltr'>quod</span> <span class='ocrx_word' id='word_1_70' title='bbox 954 1388 1164 1482; x_wconf 88' lang='lat' dir='ltr'>dolendum</span> <span class='ocrx_word' id='word_1_71' title='bbox 1185 1415 1271 1497; x_wconf 88' lang='lat' dir='ltr'>est,</span> <span class='ocrx_word' id='word_1_72' title='bbox 1291 1419 1377 1475; x_wconf 90' lang='lat' dir='ltr'>eam</span> <span class='ocrx_word' id='word_1_73' title='bbox 1399 1387 1658 1503; x_wconf 77' lang='lat' dir='ltr'>inperfectam,</span> <span class='ocrx_word' id='word_1_74' title='bbox 1684 1388 1831 1506; x_wconf 79' lang='lat' dir='ltr'>reiquit</span> <span class='ocrx_word' id='word_1_75' title='bbox 1845 1449 1858 1495; x_wconf 95' lang='lat'>,</span> <span class='ocrx_word' id='word_1_76' title='bbox 1874 1411 2001 1474; x_wconf 86' lang='lat' dir='ltr'>morte</span> 
     </span>
     <span class='ocr_line' id='line_1_10' title="bbox 557 1505 2000 1623; baseline 0.001 -33"><span class='ocrx_word' id='word_1_77' title='bbox 557 1505 658 1600; x_wconf 82' lang='lat' dir='ltr'>uitae</span> <span class='ocrx_word' id='word_1_78' title='bbox 684 1535 835 1601; x_wconf 82' lang='lat' dir='ltr'>cursum</span> <span class='ocrx_word' id='word_1_79' title='bbox 862 1507 1110 1623; x_wconf 88' lang='lat' dir='ltr'>abrumpeme</span> <span class='ocrx_word' id='word_1_80' title='bbox 1140 1538 1154 1596; x_wconf 77' lang='grc' dir='ltr'>ι</span> <span class='ocrx_word' id='word_1_81' title='bbox 1195 1537 1274 1595; x_wconf 88' lang='lat' dir='ltr'>non</span> <span class='ocrx_word' id='word_1_82' title='bbox 1307 1507 1407 1593; x_wconf 87' lang='lat' dir='ltr'>enim</span> <span class='ocrx_word' id='word_1_83' title='bbox 1433 1506 1692 1622; x_wconf 80' lang='lat' dir='ltr'>complectitur</span> <span class='ocrx_word' id='word_1_84' title='bbox 1718 1506 1785 1595; x_wconf 85' lang='lat' dir='ltr'>nisi</span> <span class='ocrx_word' id='word_1_85' title='bbox 1812 1507 1864 1593; x_wconf 20' lang='lat' dir='ltr'>ab,</span> <span class='ocrx_word' id='word_1_86' title='bbox 1889 1533 2000 1593; x_wconf 85' lang='lat' dir='ltr'>anno</span> 
     </span>
     <span class='ocr_line' id='line_1_11' title="bbox 558 1621 2000 1745; baseline -0.003 -29"><span class='ocrx_word' id='word_1_87' title='bbox 558 1625 776 1718; x_wconf 70' lang='lat' dir='ltr'>Mnavl.</span> <span class='ocrx_word' id='word_1_88' title='bbox 793 1626 844 1719; x_wconf 92' lang='lat' dir='ltr'>ad</span> <span class='ocrx_word' id='word_1_89' title='bbox 860 1629 908 1718; x_wconf 88' lang='lat' dir='ltr'>M</span> <span class='ocrx_word' id='word_1_90' title='bbox 923 1627 1119 1718; x_wconf 72' lang='lat' dir='ltr'>Daxlv.</span> <span class='ocrx_word' id='word_1_91' title='bbox 1141 1622 1200 1718; x_wconf 89' lang='lat' dir='ltr'>Et</span> <span class='ocrx_word' id='word_1_92' title='bbox 1223 1623 1395 1745; x_wconf 86' lang='lat' dir='ltr'>quamuis</span> <span class='ocrx_word' id='word_1_93' title='bbox 1410 1624 1512 1711; x_wconf 86' lang='lat' dir='ltr'>sertio</span> <span class='ocrx_word' id='word_1_94' title='bbox 1541 1621 1822 1737; x_wconf 81' lang='lat' dir='ltr'>jamconfecrus</span> <span class='ocrx_word' id='word_1_95' title='bbox 1854 1624 1894 1709; x_wconf 89' lang='lat' dir='ltr'>iu</span> <span class='ocrx_word' id='word_1_96' title='bbox 1922 1623 2000 1711; x_wconf 91' lang='lat' dir='ltr'>hoc</span> 
     </span>
     <span class='ocr_line' id='line_1_12' title="bbox 557 1742 2000 1863; baseline 0.001 -35"><span class='ocrx_word' id='word_1_97' title='bbox 557 1771 655 1857; x_wconf 87' lang='lat' dir='ltr'>opus</span> <span class='ocrx_word' id='word_1_98' title='bbox 695 1745 902 1835; x_wconf 78' lang='lat' dir='ltr'>incubuerit</span> <span class='ocrx_word' id='word_1_99' title='bbox 929 1770 1060 1835; x_wconf 84' lang='lat' dir='ltr'>auctor</span> <span class='ocrx_word' id='word_1_100' title='bbox 1092 1747 1237 1863; x_wconf 83' lang='lat' dir='ltr'>(nam,</span> <span class='ocrx_word' id='word_1_101' title='bbox 1278 1744 1337 1834; x_wconf 84' lang='lat' dir='ltr'>uti</span> <span class='ocrx_word' id='word_1_102' title='bbox 1367 1767 1523 1834; x_wconf 87' lang='lat' dir='ltr'>testatur</span> <span class='ocrx_word' id='word_1_103' title='bbox 1562 1743 1605 1832; x_wconf 82' lang='lat' dir='ltr'>iu</span> <span class='ocrx_word' id='word_1_104' title='bbox 1643 1742 1802 1862; x_wconf 75' lang='lat' dir='ltr'>epistola</span> <span class='ocrx_word' id='word_1_105' title='bbox 1829 1743 2000 1856; x_wconf 70' lang='lat' dir='ltr'>ifiqsute</span> 
     </span>
     <span class='ocr_line' id='line_1_13' title="bbox 557 1861 2006 1980; baseline 0.001 -34"><span class='ocrx_word' id='word_1_106' title='bbox 557 1861 690 1974; x_wconf 88' lang='lat' dir='ltr'>scripta</span> <span class='ocrx_word' id='word_1_107' title='bbox 714 1862 764 1948; x_wconf 87' lang='lat' dir='ltr'>ad</span> <span class='ocrx_word' id='word_1_108' title='bbox 781 1863 987 1952; x_wconf 87' lang='lat' dir='ltr'>Olivanum</span> <span class='ocrx_word' id='word_1_109' title='bbox 1024 1886 1063 1948; x_wconf 84' lang='lat' dir='ltr'>et</span> <span class='ocrx_word' id='word_1_110' title='bbox 1093 1891 1182 1980; x_wconf 84' lang='lat' dir='ltr'>pag.</span> <span class='ocrx_word' id='word_1_111' title='bbox 1196 1864 1332 1952; x_wconf 76' lang='lat' dir='ltr'>Xcau.</span> <span class='ocrx_word' id='word_1_112' title='bbox 1348 1891 1378 1946; x_wconf 87' lang='lat' dir='ltr'>a</span> <span class='ocrx_word' id='word_1_113' title='bbox 1405 1862 1516 1953; x_wconf 85' lang='lat' dir='ltr'>nobis</span> <span class='ocrx_word' id='word_1_114' title='bbox 1535 1861 1698 1966; x_wconf 76' lang='lat' dir='ltr'>inserta)¹</span> <span class='ocrx_word' id='word_1_115' title='bbox 1729 1889 1833 1949; x_wconf 82' lang='lat' dir='ltr'>anno</span> <span class='ocrx_word' id='word_1_116' title='bbox 1865 1861 1928 1947; x_wconf 85' lang='lat' dir='ltr'>M.</span> <span class='ocrx_word' id='word_1_117' title='bbox 1949 1865 2006 1948; x_wconf 85' lang='lat' dir='ltr'>D..</span> 
     </span>
     <span class='ocr_line' id='line_1_14' title="bbox 557 1975 2002 2096; baseline -0.001 -31"><span class='ocrx_word' id='word_1_118' title='bbox 557 1975 703 2069; x_wconf 71' lang='lat' dir='ltr'>LXlll,</span> <span class='ocrx_word' id='word_1_119' title='bbox 728 1982 856 2068; x_wconf 87' lang='lat' dir='ltr'>aetatis</span> <span class='ocrx_word' id='word_1_120' title='bbox 880 2009 967 2072; x_wconf 89' lang='lat' dir='ltr'>suae</span> <span class='ocrx_word' id='word_1_121' title='bbox 983 1980 1157 2076; x_wconf 82' lang='lat' dir='ltr'>LXXlll.</span> <span class='ocrx_word' id='word_1_122' title='bbox 1183 1979 1221 2066; x_wconf 92' lang='lat' dir='ltr'>in</span> <span class='ocrx_word' id='word_1_123' title='bbox 1251 1981 1332 2070; x_wconf 84' lang='lat' dir='ltr'>hoe</span> <span class='ocrx_word' id='word_1_124' title='bbox 1356 1979 1914 2096; x_wconf 81' lang='lat' dir='ltr'>negotioversabatut)tamen</span> <span class='ocrx_word' id='word_1_125' title='bbox 1944 1979 2002 2064; x_wconf 92' lang='lat' dir='ltr'>di·</span> 
     </span>
     <span class='ocr_line' id='line_1_15' title="bbox 559 2095 2010 2216; baseline -0.003 -28"><span class='ocrx_word' id='word_1_126' title='bbox 559 2096 727 2190; x_wconf 77' lang='lat' dir='ltr'>cuonem</span> <span class='ocrx_word' id='word_1_127' title='bbox 755 2099 923 2190; x_wconf 86' lang='lat' dir='ltr'>adhibuit</span> <span class='ocrx_word' id='word_1_128' title='bbox 954 2099 1173 2216; x_wconf 80' lang='lat' dir='ltr'>castigatam</span> <span class='ocrx_word' id='word_1_129' title='bbox 1201 2098 1297 2183; x_wconf 85' lang='lat' dir='ltr'>adeo</span> <span class='ocrx_word' id='word_1_130' title='bbox 1326 2158 1344 2203; x_wconf 93' lang='lat'>,</span> <span class='ocrx_word' id='word_1_131' title='bbox 1374 2121 1422 2189; x_wconf 89' lang='lat' dir='ltr'>ut</span> <span class='ocrx_word' id='word_1_132' title='bbox 1449 2096 1498 2185; x_wconf 92' lang='lat' dir='ltr'>de</span> <span class='ocrx_word' id='word_1_133' title='bbox 1529 2097 1600 2187; x_wconf 88' lang='lat' dir='ltr'>hac</span> <span class='ocrx_word' id='word_1_134' title='bbox 1636 2097 1893 2186; x_wconf 81' lang='lat' dir='ltr'>lucubratione</span> <span class='ocrx_word' id='word_1_135' title='bbox 1928 2095 2010 2184; x_wconf 87' lang='lat' dir='ltr'>dici.</span> 
     </span>
     <span class='ocr_line' id='line_1_16' title="bbox 559 2213 2001 2339; baseline 0.003 -41"><span class='ocrx_word' id='word_1_136' title='bbox 559 2243 640 2307; x_wconf 87' lang='lat' dir='ltr'>nou</span> <span class='ocrx_word' id='word_1_137' title='bbox 668 2215 856 2304; x_wconf 88' lang='lat' dir='ltr'>immerito</span> <span class='ocrx_word' id='word_1_138' title='bbox 883 2217 1024 2332; x_wconf 88' lang='lat' dir='ltr'>possit,</span> <span class='ocrx_word' id='word_1_139' title='bbox 1049 2215 1162 2339; x_wconf 89' lang='lat' dir='ltr'>quod</span> <span class='ocrx_word' id='word_1_140' title='bbox 1188 2217 1237 2302; x_wconf 89' lang='lat' dir='ltr'>de</span> <span class='ocrx_word' id='word_1_141' title='bbox 1252 2215 1452 2324; x_wconf 84' lang='lat' dir='ltr'>Caesaris,</span> <span class='ocrx_word' id='word_1_142' title='bbox 1480 2245 1596 2332; x_wconf 83' lang='lat' dir='ltr'>quem</span> <span class='ocrx_word' id='word_1_143' title='bbox 1612 2215 1828 2330; x_wconf 82' lang='lat' dir='ltr'>Sepulveda.</span> <span class='ocrx_word' id='word_1_144' title='bbox 1848 2213 1918 2303; x_wconf 86' lang='lat' dir='ltr'>sibi</span> <span class='ocrx_word' id='word_1_145' title='bbox 1942 2213 2001 2302; x_wconf 79' lang='lat' dir='ltr'>vi·</span> 
     </span>
     <span class='ocr_line' id='line_1_17' title="bbox 559 2333 2010 2450; baseline 0.001 -32"><span class='ocrx_word' id='word_1_146' title='bbox 559 2333 672 2424; x_wconf 87' lang='lat' dir='ltr'>detur</span> <span class='ocrx_word' id='word_1_147' title='bbox 687 2358 882 2450; x_wconf 86' lang='lat' dir='ltr'>tamquam</span> <span class='ocrx_word' id='word_1_148' title='bbox 904 2334 1094 2449; x_wconf 81' lang='lat' dir='ltr'>exemplar</span> <span class='ocrx_word' id='word_1_149' title='bbox 1110 2334 1163 2426; x_wconf 89' lang='lat' dir='ltr'>ad</span> <span class='ocrx_word' id='word_1_150' title='bbox 1184 2333 1407 2423; x_wconf 91' lang='lat' dir='ltr'>imitandum</span> <span class='ocrx_word' id='word_1_151' title='bbox 1424 2334 1485 2424; x_wconf 90' lang='lat' dir='ltr'>hic</span> <span class='ocrx_word' id='word_1_152' title='bbox 1500 2333 1756 2448; x_wconf 81' lang='lat' dir='ltr'>proposuisse,</span> <span class='ocrx_word' id='word_1_153' title='bbox 1771 2355 2010 2421; x_wconf 72' lang='lat' dir='ltr'>commenta·</span> 
     </span>
     <span class='ocr_line' id='line_1_18' title="bbox 559 2449 2003 2567; baseline 0.001 -33"><span class='ocrx_word' id='word_1_154' title='bbox 559 2451 618 2543; x_wconf 81' lang='lat' dir='ltr'>tiis</span> <span class='ocrx_word' id='word_1_155' title='bbox 636 2454 891 2566; x_wconf 83' lang='lat' dir='ltr'>pronuntiavit</span> <span class='ocrx_word' id='word_1_156' title='bbox 916 2451 1155 2567; x_wconf 83' lang='lat' dir='ltr'>eloquentiae</span> <span class='ocrx_word' id='word_1_157' title='bbox 1179 2479 1313 2567; x_wconf 86' lang='lat' dir='ltr'>parens</span> <span class='ocrx_word' id='word_1_158' title='bbox 1325 2450 1469 2540; x_wconf 89' lang='lat' dir='ltr'>Tullius</span> <span class='ocrx_word' id='word_1_159' title='bbox 1496 2451 1536 2536; x_wconf 90' lang='lat' dir='ltr'>in</span> <span class='ocrx_word' id='word_1_160' title='bbox 1553 2452 1675 2537; x_wconf 79' lang='lat' dir='ltr'>Bntto</span> <span class='ocrx_word' id='word_1_161' title='bbox 1699 2477 1782 2562; x_wconf 86' lang='lat' dir='ltr'>cap.</span> <span class='ocrx_word' id='word_1_162' title='bbox 1812 2479 1880 2554; x_wconf 85' lang='lat'>72.</span> <span class='ocrx_word' id='word_1_163' title='bbox 1896 2449 2003 2536; x_wconf 79' lang='lat' dir='ltr'>Curn-</span> 
     </span>
     <span class='ocr_line' id='line_1_19' title="bbox 557 2571 2006 2680; baseline -0.001 -27"><span class='ocrx_word' id='word_1_164' title='bbox 557 2577 762 2658; x_wconf 76' lang='lat' dir='ltr'>metuerim</span> <span class='ocrx_word' id='word_1_165' title='bbox 778 2578 940 2680; x_wconf 69' lang='lat' dir='ltr'>scripsit</span> <span class='ocrx_word' id='word_1_166' title='bbox 956 2575 1067 2655; x_wconf 84' lang='lat' dir='ltr'>valde</span> <span class='ocrx_word' id='word_1_167' title='bbox 1083 2575 1228 2680; x_wconf 80' lang='lat' dir='ltr'>quidem</span> <span class='ocrx_word' id='word_1_168' title='bbox 1237 2571 1449 2678; x_wconf 78' lang='lat' dir='ltr'>probandos</span> <span class='ocrx_word' id='word_1_169' title='bbox 1464 2600 1479 2661; x_wconf 75' lang='grc' dir='ltr'>τ,</span> <span class='ocrx_word' id='word_1_170' title='bbox 1492 2575 1582 2656; x_wconf 83' lang='lat' dir='ltr'>nudi</span> <span class='ocrx_word' id='word_1_171' title='bbox 1610 2585 1724 2675; x_wconf 78' lang='lat' dir='ltr'>suu,</span> <span class='ocrx_word' id='word_1_172' title='bbox 1749 2577 1849 2655; x_wconf 77' lang='lat' dir='ltr'>tetta·</span> <span class='ocrx_word' id='word_1_173' title='bbox 1879 2584 1918 2652; x_wconf 81' lang='lat' dir='ltr'>et</span> <span class='ocrx_word' id='word_1_174' title='bbox 1932 2595 2006 2653; x_wconf 83' lang='lat' dir='ltr'>ue·</span> 
     </span>
     <span class='ocr_line' id='line_1_20' title="bbox 560 2689 2004 2796; baseline 0 -26"><span class='ocrx_word' id='word_1_175' title='bbox 560 2694 690 2788; x_wconf 78' lang='lat' dir='ltr'>susti,</span> <span class='ocrx_word' id='word_1_176' title='bbox 726 2697 822 2772; x_wconf 82' lang='lat' dir='ltr'>omar·</span> <span class='ocrx_word' id='word_1_177' title='bbox 850 2703 983 2771; x_wconf 86' lang='lat' dir='ltr'>ornatu</span> <span class='ocrx_word' id='word_1_178' title='bbox 1018 2696 1200 2776; x_wconf 77' lang='lat' dir='ltr'>matianis</span> <span class='ocrx_word' id='word_1_179' title='bbox 1226 2702 1413 2796; x_wconf 81' lang='lat' dir='ltr'>tamquam</span> <span class='ocrx_word' id='word_1_180' title='bbox 1443 2703 1553 2774; x_wconf 79' lang='lat' dir='ltr'>verte</span> <span class='ocrx_word' id='word_1_181' title='bbox 1581 2693 1754 2776; x_wconf 80' lang='lat' dir='ltr'>detracta</span> <span class='ocrx_word' id='word_1_182' title='bbox 1771 2718 1785 2776; x_wconf 70' lang='grc' dir='ltr'>εΔ</span> <span class='ocrx_word' id='word_1_183' title='bbox 1820 2690 1890 2770; x_wconf 79' lang='lat' dir='ltr'>sad</span> <span class='ocrx_word' id='word_1_184' title='bbox 1917 2689 2004 2770; x_wconf 79' lang='lat' dir='ltr'>duta</span> 
     </span>
     <span class='ocr_line' id='line_1_21' title="bbox 562 2805 2005 2922; baseline 0.001 -36"><span class='ocrx_word' id='word_1_185' title='bbox 562 2809 682 2887; x_wconf 83' lang='lat' dir='ltr'>voluit</span> <span class='ocrx_word' id='word_1_186' title='bbox 711 2811 806 2891; x_wconf 80' lang='lat' dir='ltr'>alios</span> <span class='ocrx_word' id='word_1_187' title='bbox 833 2806 974 2908; x_wconf 77' lang='lat' dir='ltr'>babere·</span> <span class='ocrx_word' id='word_1_188' title='bbox 997 2821 1171 2922; x_wconf 78' lang='lat' dir='ltr'>parata,</span> <span class='ocrx_word' id='word_1_189' title='bbox 1202 2808 1298 2888; x_wconf 83' lang='lat' dir='ltr'>unde</span> <span class='ocrx_word' id='word_1_190' title='bbox 1328 2821 1541 2910; x_wconf 68' lang='lat' dir='ltr'>sumerem,</span> <span class='ocrx_word' id='word_1_191' title='bbox 1568 2814 1633 2914; x_wconf 73' lang='lat' dir='ltr'>qai</span> <span class='ocrx_word' id='word_1_192' title='bbox 1672 2811 1810 2889; x_wconf 81' lang='lat' dir='ltr'>vellent</span> <span class='ocrx_word' id='word_1_193' title='bbox 1836 2805 2005 2889; x_wconf 73' lang='lat' dir='ltr'>solbere</span> 
     </span>
     <span class='ocr_line' id='line_1_22' title="bbox 563 2921 2006 3040; baseline -0.003 -30"><span class='ocrx_word' id='word_1_194' title='bbox 563 2922 788 3018; x_wconf 69' lang='lat' dir='ltr'>historiam:</span> <span class='ocrx_word' id='word_1_195' title='bbox 809 2927 947 3040; x_wconf 81' lang='lat' dir='ltr'>ineptis</span> <span class='ocrx_word' id='word_1_196' title='bbox 974 2941 1128 3032; x_wconf 83' lang='lat' dir='ltr'>gratum</span> <span class='ocrx_word' id='word_1_197' title='bbox 1150 2921 1327 3030; x_wconf 84' lang='lat' dir='ltr'>fortasse</span> <span class='ocrx_word' id='word_1_198' title='bbox 1349 2921 1483 3030; x_wconf 79' lang='lat' dir='ltr'>ficit,</span> <span class='ocrx_word' id='word_1_199' title='bbox 1509 2932 1579 3040; x_wconf 74' lang='lat' dir='ltr'>qut</span> <span class='ocrx_word' id='word_1_200' title='bbox 1605 2929 1732 3012; x_wconf 76' lang='lat' dir='ltr'>volunt</span> <span class='ocrx_word' id='word_1_201' title='bbox 1756 2929 1824 3008; x_wconf 81' lang='lat' dir='ltr'>illu</span> <span class='ocrx_word' id='word_1_202' title='bbox 1847 2928 2006 3012; x_wconf 81' lang='lat' dir='ltr'>calami·</span> 
     </span>
     <span class='ocr_line' id='line_1_23' title="bbox 562 3043 1875 3156; baseline -0.002 -24"><span class='ocrx_word' id='word_1_203' title='bbox 562 3047 667 3132; x_wconf 74' lang='lat' dir='ltr'>stris</span> <span class='ocrx_word' id='word_1_204' title='bbox 691 3047 869 3148; x_wconf 75' lang='lat' dir='ltr'>imrere,</span> <span class='ocrx_word' id='word_1_205' title='bbox 900 3067 1011 3126; x_wconf 82' lang='lat' dir='ltr'>smus</span> <span class='ocrx_word' id='word_1_206' title='bbox 1036 3047 1186 3156; x_wconf 81' lang='lat' dir='ltr'>quidem</span> <span class='ocrx_word' id='word_1_207' title='bbox 1212 3043 1372 3129; x_wconf 74' lang='lat' dir='ltr'>donatas</span> <span class='ocrx_word' id='word_1_208' title='bbox 1402 3067 1430 3128; x_wconf 83' lang='lat' dir='ltr'>a</span> <span class='ocrx_word' id='word_1_209' title='bbox 1455 3043 1647 3128; x_wconf 65' lang='lat' dir='ltr'>sorbendo</span> <span class='ocrx_word' id='word_1_210' title='bbox 1673 3045 1875 3129; x_wconf 66' lang='lat' dir='ltr'>doenum,</span> 
     </span>
     <span class='ocr_line' id='line_1_24' title="bbox 580 3157 2006 3278; baseline 0.002 -36"><span class='ocrx_word' id='word_1_211' title='bbox 580 3223 584 3229; x_wconf 80' lang='lat'>.</span> <span class='ocrx_word' id='word_1_212' title='bbox 654 3157 778 3272; x_wconf 83' lang='lat' dir='ltr'>Hujus</span> <span class='ocrx_word' id='word_1_213' title='bbox 793 3159 914 3275; x_wconf 90' lang='lat' dir='ltr'>operis</span> <span class='ocrx_word' id='word_1_214' title='bbox 929 3159 1212 3276; x_wconf 88' lang='lat' dir='ltr'>autographum</span> <span class='ocrx_word' id='word_1_215' title='bbox 1222 3182 1340 3244; x_wconf 85' lang='lat' dir='ltr'>exstat</span> <span class='ocrx_word' id='word_1_216' title='bbox 1360 3158 1520 3278; x_wconf 78' lang='lat' dir='ltr'>integit</span> <span class='ocrx_word' id='word_1_217' title='bbox 1536 3157 1749 3250; x_wconf 85' lang='lat' dir='ltr'>Matritensi</span> <span class='ocrx_word' id='word_1_218' title='bbox 1759 3157 2006 3266; x_wconf 83' lang='lat' dir='ltr'>Bibliotheca,</span> 
     </span>
     <span class='ocr_line' id='line_1_25' title="bbox 562 3273 2009 3397; baseline 0.003 -38"><span class='ocrx_word' id='word_1_219' title='bbox 562 3273 669 3359; x_wconf 84' lang='lat' dir='ltr'>unde</span> <span class='ocrx_word' id='word_1_220' title='bbox 709 3277 894 3392; x_wconf 84' lang='lat' dir='ltr'>exemplat</span> <span class='ocrx_word' id='word_1_221' title='bbox 935 3304 1052 3392; x_wconf 89' lang='lat' dir='ltr'>quam</span> <span class='ocrx_word' id='word_1_222' title='bbox 1080 3275 1350 3393; x_wconf 84' lang='lat' dir='ltr'>diligentissime</span> <span class='ocrx_word' id='word_1_223' title='bbox 1381 3276 1645 3397; x_wconf 82' lang='lat' dir='ltr'>transcriptum</span> <span class='ocrx_word' id='word_1_224' title='bbox 1676 3275 1871 3363; x_wconf 81' lang='lat' dir='ltr'>nobismtm</span> <span class='ocrx_word' id='word_1_225' title='bbox 1902 3305 2009 3364; x_wconf 90' lang='lat' dir='ltr'>com·</span> 
     </span>
     <span class='ocr_line' id='line_1_26' title="bbox 563 3391 2007 3508; baseline 0.003 -32"><span class='ocrx_word' id='word_1_226' title='bbox 563 3392 770 3486; x_wconf 90' lang='lat' dir='ltr'>municavit</span> <span class='ocrx_word' id='word_1_227' title='bbox 790 3393 867 3507; x_wconf 69' lang='lat' dir='ltr'>eius</span> <span class='ocrx_word' id='word_1_228' title='bbox 884 3391 1095 3486; x_wconf 83' lang='lat' dir='ltr'>Praefectus</span> <span class='ocrx_word' id='word_1_229' title='bbox 1111 3394 1355 3484; x_wconf 87' lang='lat' dir='ltr'>meritissimus</span> <span class='ocrx_word' id='word_1_230' title='bbox 1371 3393 1759 3508; x_wconf 71' lang='lat' dir='ltr'>Joannes‘Saotauder</span> <span class='ocrx_word' id='word_1_231' title='bbox 1770 3419 1814 3482; x_wconf 80' lang='lat' dir='ltr'>ot</span> <span class='ocrx_word' id='word_1_232' title='bbox 1826 3394 2007 3500; x_wconf 88' lang='lat' dir='ltr'>Zorrilla,</span> 
     </span>
     <span class='ocr_line' id='line_1_27' title="bbox 565 3509 2007 3627; baseline -0.004 -25"><span class='ocrx_word' id='word_1_233' title='bbox 565 3509 664 3625; x_wconf 88' lang='lat' dir='ltr'>Regi</span> <span class='ocrx_word' id='word_1_234' title='bbox 687 3511 895 3606; x_wconf 75' lang='lat' dir='ltr'>tconsiliis</span> <span class='ocrx_word' id='word_1_235' title='bbox 920 3513 962 3602; x_wconf 85' lang='lat' dir='ltr'>in</span> <span class='ocrx_word' id='word_1_236' title='bbox 983 3540 1158 3627; x_wconf 90' lang='lat' dir='ltr'>supremo</span> <span class='ocrx_word' id='word_1_237' title='bbox 1173 3511 1273 3598; x_wconf 87' lang='lat' dir='ltr'>Fidei</span> <span class='ocrx_word' id='word_1_238' title='bbox 1303 3537 1465 3618; x_wconf 79' lang='lat' dir='ltr'>senatu,</span> <span class='ocrx_word' id='word_1_239' title='bbox 1492 3512 1556 3600; x_wconf 88' lang='lat' dir='ltr'>cui</span> <span class='ocrx_word' id='word_1_240' title='bbox 1582 3513 1697 3600; x_wconf 91' lang='lat' dir='ltr'>etiam</span> <span class='ocrx_word' id='word_1_241' title='bbox 1728 3512 1909 3599; x_wconf 74' lang='lat' dir='ltr'>debentur</span> <span class='ocrx_word' id='word_1_242' title='bbox 1937 3511 2007 3597; x_wconf 90' lang='lat' dir='ltr'>Se·</span> 
     </span>
     <span class='ocr_line' id='line_1_28' title="bbox 559 3627 2017 3750; baseline 0.005 -40"><span class='ocrx_word' id='word_1_243' title='bbox 559 3627 758 3750; x_wconf 85' lang='lat' dir='ltr'>pulvedae·</span> <span class='ocrx_word' id='word_1_244' title='bbox 792 3655 838 3724; x_wconf 83' lang='lat' dir='ltr'>et</span> <span class='ocrx_word' id='word_1_245' title='bbox 865 3629 1085 3722; x_wconf 83' lang='lat' dir='ltr'>Melchioris</span> <span class='ocrx_word' id='word_1_246' title='bbox 1109 3630 1207 3714; x_wconf 88' lang='lat' dir='ltr'>Cani</span> <span class='ocrx_word' id='word_1_247' title='bbox 1230 3627 1400 3745; x_wconf 88' lang='lat' dir='ltr'>epistolas</span> <span class='ocrx_word' id='word_1_248' title='bbox 1430 3629 1523 3715; x_wconf 87' lang='lat' dir='ltr'>duas</span> <span class='ocrx_word' id='word_1_249' title='bbox 1555 3629 1838 3750; x_wconf 79' lang='lat' dir='ltr'>elegantissimas</span> <span class='ocrx_word' id='word_1_250' title='bbox 1871 3691 1884 3737; x_wconf 93' lang='lat'>,</span> <span class='ocrx_word' id='word_1_251' title='bbox 1915 3659 2017 3748; x_wconf 78' lang='lat' dir='ltr'>quas,</span> 
     </span>
     <span class='ocr_line' id='line_1_29' title="bbox 564 3744 1888 3864; baseline 0.004 -35"><span class='ocrx_word' id='word_1_252' title='bbox 564 3744 689 3831; x_wconf 89' lang='lat' dir='ltr'>statim</span> <span class='ocrx_word' id='word_1_253' title='bbox 706 3773 795 3861; x_wconf 85' lang='lat' dir='ltr'>post</span> <span class='ocrx_word' id='word_1_254' title='bbox 805 3747 961 3864; x_wconf 87' lang='lat' dir='ltr'>Philippi</span> <span class='ocrx_word' id='word_1_255' title='bbox 977 3751 1024 3838; x_wconf 67' lang='lat'>11,</span> <span class='ocrx_word' id='word_1_256' title='bbox 1035 3747 1241 3837; x_wconf 64' lang='lat' dir='ltr'>iustorum</span> <span class='ocrx_word' id='word_1_257' title='bbox 1253 3747 1557 3835; x_wconf 85' lang='lat' dir='ltr'>collocavimusa</span> <span class='ocrx_word' id='word_1_258' title='bbox 1568 3777 1658 3864; x_wconf 85' lang='lat' dir='ltr'>pag.</span> <span class='ocrx_word' id='word_1_259' title='bbox 1675 3777 1744 3858; x_wconf 78' lang='lat'>23.</span> <span class='ocrx_word' id='word_1_260' title='bbox 1757 3749 1811 3836; x_wconf 84' lang='lat' dir='ltr'>ad¹</span> <span class='ocrx_word' id='word_1_261' title='bbox 1824 3777 1888 3851; x_wconf 88' lang='lat'>70.</span> 
     </span>
     <span class='ocr_line' id='line_1_30' title="bbox 656 3863 2008 3983; baseline 0.001 -35"><span class='ocrx_word' id='word_1_262' title='bbox 656 3868 817 3973; x_wconf 85' lang='lat' dir='ltr'>Restat,</span> <span class='ocrx_word' id='word_1_263' title='bbox 840 3891 887 3960; x_wconf 85' lang='lat' dir='ltr'>ut</span> <span class='ocrx_word' id='word_1_264' title='bbox 911 3865 1083 3958; x_wconf 70' lang='lat' dir='ltr'>dicamus..</span> <span class='ocrx_word' id='word_1_265' title='bbox 1108 3863 1157 3949; x_wconf 88' lang='lat' dir='ltr'>de</span> <span class='ocrx_word' id='word_1_266' title='bbox 1184 3863 1259 3952; x_wconf 86' lang='lat' dir='ltr'>aliis</span> <span class='ocrx_word' id='word_1_267' title='bbox 1287 3865 1521 3979; x_wconf 86' lang='lat' dir='ltr'>Sepulvedae</span> <span class='ocrx_word' id='word_1_268' title='bbox 1542 3865 1745 3983; x_wconf 77' lang='lat' dir='ltr'>operibus,</span> <span class='ocrx_word' id='word_1_269' title='bbox 1766 3893 1869 3980; x_wconf 82' lang='lat' dir='ltr'>quae.</span> <span class='ocrx_word' id='word_1_270' title='bbox 1897 3863 2008 3950; x_wconf 89' lang='lat' dir='ltr'>nobis</span> 
     </span>
     <span class='ocr_line' id='line_1_31' title="bbox 559 3979 2009 4100; baseline 0.002 -36"><span class='ocrx_word' id='word_1_271' title='bbox 559 3979 742 4097; x_wconf 84' lang='lat' dir='ltr'>detegere.</span> <span class='ocrx_word' id='word_1_272' title='bbox 765 4011 850 4076; x_wconf 83' lang='lat' dir='ltr'>nott</span> <span class='ocrx_word' id='word_1_273' title='bbox 870 3982 1060 4099; x_wconf 86' lang='lat' dir='ltr'>contigit,</span> <span class='ocrx_word' id='word_1_274' title='bbox 1091 4006 1158 4068; x_wconf 88' lang='lat' dir='ltr'>aut</span> <span class='ocrx_word' id='word_1_275' title='bbox 1182 4010 1280 4095; x_wconf 90' lang='lat' dir='ltr'>quae</span> <span class='ocrx_word' id='word_1_276' title='bbox 1302 3982 1426 4068; x_wconf 89' lang='lat' dir='ltr'>lucem</span> <span class='ocrx_word' id='word_1_277' title='bbox 1453 4012 1667 4100; x_wconf 80' lang='lat' dir='ltr'>numquam</span> <span class='ocrx_word' id='word_1_278' title='bbox 1689 3982 1831 4071; x_wconf 76' lang='lat' dir='ltr'>videte.</span> <span class='ocrx_word' id='word_1_279' title='bbox 1858 3988 1909 4068; x_wconf 88' lang='lat' dir='ltr'>Et</span> <span class='ocrx_word' id='word_1_280' title='bbox 1935 3983 2009 4096; x_wconf 89' lang='lat' dir='ltr'>pri·</span> 
     </span>
     <span class='ocr_line' id='line_1_32' title="bbox 565 4099 2007 4216; baseline 0.003 -35"><span class='ocrx_word' id='word_1_281' title='bbox 565 4127 633 4184; x_wconf 89' lang='lat' dir='ltr'>mo</span> <span class='ocrx_word' id='word_1_282' title='bbox 656 4099 816 4214; x_wconf 87' lang='lat' dir='ltr'>quidem</span> <span class='ocrx_word' id='word_1_283' title='bbox 827 4103 879 4195; x_wconf 82' lang='lat' dir='ltr'>de</span> <span class='ocrx_word' id='word_1_284' title='bbox 890 4108 1040 4213; x_wconf 82' lang='lat' dir='ltr'>patuis·</span> <span class='ocrx_word' id='word_1_285' title='bbox 1049 4103 1273 4189; x_wconf 78' lang='lat' dir='ltr'>Aristotelis</span> <span class='ocrx_word' id='word_1_286' title='bbox 1295 4103 1562 4205; x_wconf 65' lang='lat' dir='ltr'>naualibus,</span> <span class='ocrx_word' id='word_1_287' title='bbox 1578 4129 1681 4216; x_wconf 89' lang='lat' dir='ltr'>quos</span> <span class='ocrx_word' id='word_1_288' title='bbox 1693 4125 1819 4190; x_wconf 86' lang='lat' dir='ltr'>noster</span> <span class='ocrx_word' id='word_1_289' title='bbox 1843 4103 2007 4186; x_wconf 87' lang='lat' dir='ltr'>eGrae·</span> 
     </span>
     <span class='ocr_line' id='line_1_33' title="bbox 564 4213 2009 4338; baseline 0.001 -37"><span class='ocrx_word' id='word_1_290' title='bbox 564 4244 614 4307; x_wconf 87' lang='lat' dir='ltr'>co</span> <span class='ocrx_word' id='word_1_291' title='bbox 628 4215 667 4301; x_wconf 92' lang='lat' dir='ltr'>in</span> <span class='ocrx_word' id='word_1_292' title='bbox 683 4217 864 4312; x_wconf 78' lang='lat' dir='ltr'>latinum</span> <span class='ocrx_word' id='word_1_293' title='bbox 884 4247 1096 4312; x_wconf 78' lang='lat' dir='ltr'>sermonem</span> <span class='ocrx_word' id='word_1_294' title='bbox 1111 4217 1314 4304; x_wconf 58' lang='lat' dir='ltr'>transtulit,</span> <span class='ocrx_word' id='word_1_295' title='bbox 1343 4221 1463 4308; x_wconf 83' lang='lat' dir='ltr'>Hane</span> <span class='ocrx_word' id='word_1_296' title='bbox 1483 4217 1650 4338; x_wconf 82' lang='lat' dir='ltr'>opellam</span> <span class='ocrx_word' id='word_1_297' title='bbox 1676 4247 1765 4304; x_wconf 90' lang='lat' dir='ltr'>cum</span> <span class='ocrx_word' id='word_1_298' title='bbox 1779 4213 1913 4304; x_wconf 84' lang='lat' dir='ltr'>frustra</span> <span class='ocrx_word' id='word_1_299' title='bbox 1940 4218 2009 4304; x_wconf 92' lang='lat' dir='ltr'>diu</span> 
     </span>
     <span class='ocr_line' id='line_1_34' title="bbox 557 4335 2008 4448; baseline 0.003 -32"><span class='ocrx_word' id='word_1_300' title='bbox 557 4335 832 4448; x_wconf 82' lang='lat' dir='ltr'>quaesissemus</span> <span class='ocrx_word' id='word_1_301' title='bbox 845 4395 865 4442; x_wconf 82' lang='lat'>,</span> <span class='ocrx_word' id='word_1_302' title='bbox 876 4359 962 4428; x_wconf 81' lang='lat' dir='ltr'>turn</span> <span class='ocrx_word' id='word_1_303' title='bbox 973 4337 1016 4426; x_wconf 86' lang='lat' dir='ltr'>in</span> <span class='ocrx_word' id='word_1_304' title='bbox 1028 4335 1136 4446; x_wconf 86' lang='lat' dir='ltr'>hujus</span> <span class='ocrx_word' id='word_1_305' title='bbox 1153 4336 1249 4420; x_wconf 88' lang='lat' dir='ltr'>urbis</span> <span class='ocrx_word' id='word_1_306' title='bbox 1266 4335 1502 4423; x_wconf 79' lang='lat' dir='ltr'>bibliodtecis</span> <span class='ocrx_word' id='word_1_307' title='bbox 1518 4360 1626 4443; x_wconf 88' lang='lat' dir='ltr'>,tum</span> <span class='ocrx_word' id='word_1_308' title='bbox 1645 4335 1757 4442; x_wconf 90' lang='lat' dir='ltr'>alibi,</span> <span class='ocrx_word' id='word_1_309' title='bbox 1774 4335 1886 4421; x_wconf 89' lang='lat' dir='ltr'>etiam</span> <span class='ocrx_word' id='word_1_310' title='bbox 1904 4359 2008 4422; x_wconf 83' lang='lat' dir='ltr'>extra</span> 
     </span>
     <span class='ocr_line' id='line_1_35' title="bbox 564 4451 2011 4576; baseline -0.004 -32"><span class='ocrx_word' id='word_1_311' title='bbox 564 4451 783 4566; x_wconf 76' lang='lat' dir='ltr'>Hispaniam</span> <span class='ocrx_word' id='word_1_312' title='bbox 802 4483 816 4564; x_wconf 62' lang='lat'><em>3</em></span> <span class='ocrx_word' id='word_1_313' title='bbox 837 4456 997 4548; x_wconf 87' lang='lat' dir='ltr'>demum</span> <span class='ocrx_word' id='word_1_314' title='bbox 1010 4454 1066 4544; x_wconf 90' lang='lat' dir='ltr'>vit</span> <span class='ocrx_word' id='word_1_315' title='bbox 1079 4452 1396 4544; x_wconf 76' lang='lat' dir='ltr'>oscellentissimus</span> <span class='ocrx_word' id='word_1_316' title='bbox 1411 4515 1427 4568; x_wconf 81' lang='lat'>,</span> <span class='ocrx_word' id='word_1_317' title='bbox 1443 4479 1486 4548; x_wconf 73' lang='lat' dir='ltr'>et,</span> <span class='ocrx_word' id='word_1_318' title='bbox 1508 4454 1620 4541; x_wconf 86' lang='lat' dir='ltr'>laude</span> <span class='ocrx_word' id='word_1_319' title='bbox 1632 4452 1737 4541; x_wconf 90' lang='lat' dir='ltr'>omni</span> <span class='ocrx_word' id='word_1_320' title='bbox 1754 4457 1873 4576; x_wconf 84' lang='lat' dir='ltr'>major</span> <span class='ocrx_word' id='word_1_321' title='bbox 1885 4515 1905 4568; x_wconf 36' lang='grc' dir='ltr'><strong><em>χ</em></strong></span> <span class='ocrx_word' id='word_1_322' title='bbox 1926 4455 2011 4538; x_wconf 77' lang='lat' dir='ltr'>Co·</span> 
     </span>
     <span class='ocr_line' id='line_1_36' title="bbox 569 4599 2002 4658; baseline 0 -2"><span class='ocrx_word' id='word_1_323' title='bbox 569 4605 577 4628; x_wconf 71' lang='lat'><strong><em>¹</em></strong></span> <span class='ocrx_word' id='word_1_324' title='bbox 1922 4599 2002 4658; x_wconf 92' lang='lat' dir='ltr'>mes</span> 
     </span>
    </p>
   </div>
   <div class='ocr_carea' id='block_1_3' title="bbox 558 4712 2007 5038">
    <p class='ocr_par' dir='ltr' id='par_1_3' title="bbox 558 4712 2007 5038">
     <span class='ocr_line' id='line_1_37' title="bbox 563 4712 1999 4794; baseline 0.002 -25"><span class='ocrx_word' id='word_1_325' title='bbox 563 4712 742 4779; x_wconf 74' lang='lat' dir='ltr'>bliothecam¹</span> <span class='ocrx_word' id='word_1_326' title='bbox 757 4717 787 4776; x_wconf 90' lang='lat' dir='ltr'>S.</span> <span class='ocrx_word' id='word_1_327' title='bbox 802 4717 958 4778; x_wconf 85' lang='lat' dir='ltr'>Ecclesiae·</span> <span class='ocrx_word' id='word_1_328' title='bbox 966 4717 1156 4794; x_wconf 88' lang='lat' dir='ltr'>Hispalensis.</span> <span class='ocrx_word' id='word_1_329' title='bbox 1183 4719 1218 4777; x_wconf 88' lang='lat' dir='ltr'>In</span> <span class='ocrx_word' id='word_1_330' title='bbox 1240 4719 1383 4781; x_wconf 85' lang='lat' dir='ltr'>tabulario</span> <span class='ocrx_word' id='word_1_331' title='bbox 1402 4719 1544 4782; x_wconf 73' lang='lat' dir='ltr'>coenobii</span> <span class='ocrx_word' id='word_1_332' title='bbox 1561 4721 1802 4782; x_wconf 84' lang='lat' dir='ltr'>Montis-Setrtti</span> <span class='ocrx_word' id='word_1_333' title='bbox 1816 4721 1847 4778; x_wconf 87' lang='lat' dir='ltr'>itt</span> <span class='ocrx_word' id='word_1_334' title='bbox 1860 4719 1914 4778; x_wconf 87' lang='lat' dir='ltr'>hae</span> <span class='ocrx_word' id='word_1_335' title='bbox 1928 4717 1999 4774; x_wconf 88' lang='lat' dir='ltr'>urbe</span> 
     </span>
     <span class='ocr_line' id='line_1_38' title="bbox 563 4795 2000 4878; baseline 0.003 -28"><span class='ocrx_word' id='word_1_336' title='bbox 563 4795 646 4869; x_wconf 79' lang='lat' dir='ltr'>regia¹</span> <span class='ocrx_word' id='word_1_337' title='bbox 659 4797 782 4856; x_wconf 88' lang='lat' dir='ltr'>vidimus</span> <span class='ocrx_word' id='word_1_338' title='bbox 804 4798 868 4858; x_wconf 85' lang='lat' dir='ltr'>XL.</span> <span class='ocrx_word' id='word_1_339' title='bbox 893 4801 1006 4873; x_wconf 63' lang='lat' dir='ltr'>priores,</span> <span class='ocrx_word' id='word_1_340' title='bbox 1020 4801 1108 4860; x_wconf 86' lang='lat' dir='ltr'>libros</span> <span class='ocrx_word' id='word_1_341' title='bbox 1131 4800 1228 4874; x_wconf 83' lang='lat' dir='ltr'>magni</span> <span class='ocrx_word' id='word_1_342' title='bbox 1253 4799 1336 4875; x_wconf 87' lang='lat' dir='ltr'>hujus</span> <span class='ocrx_word' id='word_1_343' title='bbox 1355 4805 1466 4878; x_wconf 88' lang='lat' dir='ltr'>operis,</span> <span class='ocrx_word' id='word_1_344' title='bbox 1494 4805 1569 4877; x_wconf 90' lang='lat' dir='ltr'>quod</span> <span class='ocrx_word' id='word_1_345' title='bbox 1589 4807 1619 4862; x_wconf 91' lang='lat' dir='ltr'>in</span> <span class='ocrx_word' id='word_1_346' title='bbox 1632 4805 1716 4878; x_wconf 84' lang='lat' dir='ltr'>Reip.</span> <span class='ocrx_word' id='word_1_347' title='bbox 1734 4801 1893 4862; x_wconf 84' lang='lat' dir='ltr'>litterariae</span> <span class='ocrx_word' id='word_1_348' title='bbox 1918 4813 2000 4854; x_wconf 86' lang='lat' dir='ltr'>eom-</span> 
     </span>
     <span class='ocr_line' id='line_1_39' title="bbox 559 4873 2007 4962; baseline 0.008 -33"><span class='ocrx_word' id='word_1_349' title='bbox 559 4876 676 4938; x_wconf 78' lang='lat' dir='ltr'>modum</span> <span class='ocrx_word' id='word_1_350' title='bbox 695 4877 780 4935; x_wconf 84' lang='lat' dir='ltr'>edere</span> <span class='ocrx_word' id='word_1_351' title='bbox 796 4877 856 4952; x_wconf 86' lang='lat' dir='ltr'>jam</span> <span class='ocrx_word' id='word_1_352' title='bbox 872 4880 920 4936; x_wconf 91' lang='lat' dir='ltr'>diu</span> <span class='ocrx_word' id='word_1_353' title='bbox 938 4881 1094 4938; x_wconf 83' lang='lat' dir='ltr'>meditatur</span> <span class='ocrx_word' id='word_1_354' title='bbox 1108 4881 1238 4940; x_wconf 89' lang='lat' dir='ltr'>laudatus</span> <span class='ocrx_word' id='word_1_355' title='bbox 1253 4879 1450 4944; x_wconf 69' lang='lat' dir='ltr'>Taurinorum</span> <span class='ocrx_word' id='word_1_356' title='bbox 1472 4883 1606 4950; x_wconf 83' lang='lat' dir='ltr'>Marcltio</span> <span class='ocrx_word' id='word_1_357' title='bbox 1617 4924 1630 4962; x_wconf 87' lang='lat'>,</span> <span class='ocrx_word' id='word_1_358' title='bbox 1649 4883 1769 4960; x_wconf 79' lang='lat' dir='ltr'>adjectis</span> <span class='ocrx_word' id='word_1_359' title='bbox 1792 4879 1902 4943; x_wconf 73' lang='lat' dir='ltr'>chous</span> <span class='ocrx_word' id='word_1_360' title='bbox 1921 4873 2007 4940; x_wconf 66' lang='lat'><strong>00⁰:-</strong></span> 
     </span>
     <span class='ocr_line' id='line_1_40' title="bbox 558 4955 1363 5038; baseline 0.012 -26"><span class='ocrx_word' id='word_1_361' title='bbox 558 4956 729 5038; x_wconf 71' lang='lat' dir='ltr'>graphicis,</span> <span class='ocrx_word' id='word_1_362' title='bbox 752 4957 851 5034; x_wconf 88' lang='lat' dir='ltr'>quibus</span> <span class='ocrx_word' id='word_1_363' title='bbox 870 4959 1043 5021; x_wconf 82' lang='lat' dir='ltr'>instructum</span> <span class='ocrx_word' id='word_1_364' title='bbox 1069 4974 1113 5020; x_wconf 89' lang='lat' dir='ltr'>est</span> <span class='ocrx_word' id='word_1_365' title='bbox 1133 4959 1192 5038; x_wconf 86' lang='lat' dir='ltr'>ejus</span> <span class='ocrx_word' id='word_1_366' title='bbox 1205 4955 1363 5038; x_wconf 80' lang='lat' dir='ltr'>exemplat.</span> 
     </span>
    </p>
   </div>
   <div class='ocr_carea' id='block_1_4' title="bbox 0 0 2152 5972">
    <p class='ocr_par' dir='ltr' id='par_1_4' title="bbox 0 0 2152 5972">
     <span class='ocr_line' id='line_1_41' title="bbox 0 0 2152 5972; baseline 0 0"><span class='ocrx_word' id='word_1_367' title='bbox 0 0 2152 5972; x_wconf 95' lang='lat' dir='ltr'> </span> 
     </span>
    </p>
   </div>
  </div>
 </body>
</html>
