4326 5986
967 403 1213 486 CAROLI
1260 402 1314 484 V.
1359 401 1477 482 ΗΒ.
1510 402 1622 483 XIV.

572 542 742 660 errores¹
774 557 1138 678 convincendos,
1173 583 1272 661 uso's
1307 545 1436 658 baisse
1471 591 1712 660 constaret.

645 715 697 805 ΙΙ.
770 713 834 806 Ex
870 697 1019 804 Africa
1055 703 1190 846 igitur
1224 701 1471 844 Goletaque
1493 729 1495 732 ’
1514 702 1682 804 solvens
1724 711 1784 800 Ca

570 850 640 956 rio
683 847 756 950 die
799 850 848 949 in
897 847 1084 948 Siciliam
1121 847 1334 988 appulit,
1369 882 1625 987 tempestate
1662 841 1784 986 probi

568 992 893 1139 Aphrodisium
936 989 1096 1093 urbem
1136 993 1392 1135 navigaret:
1442 988 1555 1090 hanc
1598 989 1719 1088 enim
1774 1033 1784 1090 r

568 1178 676 1240 curn
711 1134 930 1277 praetoria
966 1131 1177 1254 cohorte,
1210 1135 1484 1276 nauticisque
1520 1129 1734 1233 militibus
1762 1167 1784 1231 t‹

569 1313 789 1400 creverat,
810 1317 1003 1420 cumque
1039 1316 1204 1420 magna
1239 1279 1445 1379 omnium
1482 1277 1778 1420 gratulatione

568 1453 807 1568 exceptus,
851 1420 977 1522 rebus
1021 1421 1219 1564 ipsorum
1262 1421 1503 1564 cupiditate
1549 1461 1597 1522 ac
1646 1419 1784 1553 injust.

472 1583 476 1598 '
569 1569 794 1671 nullorum
828 1561 1152 1709 praefectorum
1187 1560 1357 1667 afflictis
1383 1566 1623 1707 diligenter·
1647 1603 1780 1706 prosp

569 1709 756 1816 busdam
792 1707 919 1852 gravi
952 1710 1121 1841 judicio
1158 1707 1401 1830 damnatis,
1435 1744 1480 1808 ct
1514 1717 1703 1852 Prorege
1739 1710 1785 1810 vi

495 1915 512 1931 ··
566 1853 647 1955 lari
682 1855 842 1956 virtute
877 1887 1011 1990 atque
1047 1854 1210 1983 justitia
1244 1853 1468 1954 Fernando
1502 1865 1716 1996 Gonzaga
1751 1893 1784 1952 o

567 2006 634 2097 Ex
669 1997 813 2098 Sicilia
855 1994 1090 2134 digresso,
1124 2029 1173 2094 ut
1217 1995 1459 2135 Neapolim
1505 2030 1639 2136 atque
1683 1997 1784 2095 inde

566 2141 854 2281 procederet,
892 2139 947 2236 de
984 2137 1111 2240 obitu
1147 2138 1355 2240 Francisci
1390 2131 1573 2240 Sfortiae
1621 2139 1784 2239 Medios

565 2281 706 2384 Ducis
741 2281 984 2383 nuntiatur.
1023 2280 1142 2380 Huic
1177 2282 1359 2382 Carolus
1393 2281 1441 2382 in
1477 2276 1680 2401 foedere,
1719 2320 1784 2423 qu«

565 2425 664 2526 niae
697 2443 813 2527 cum
837 2423 1111 2566 Principibus
1146 2425 1413 2566 Populisque
1447 2425 1595 2536 Italiae
1630 2419 1784 2526 fecerat

566 2568 659 2670 lani
693 2568 991 2707 Principatum
1028 2568 1211 2712 exlege
1246 2567 1412 2672 volenti
1449 2579 1493 2668 et
1528 2567 1784 2710 adstipulans

569 2745 682 2812 serat
695 2789 710 2832 ,
748 2746 799 2812 ut
834 2710 871 2810 si
905 2711 1147 2812 Franciscus
1190 2712 1312 2817 idem
1352 2709 1522 2853 absque
1562 2709 1708 2814 liberis
1752 2713 1781 2812 d

565 2854 876 2956 Mediolanum
917 2855 965 2955 in
1006 2864 1073 2989 jus
1114 2856 1265 2956 Caroli
1307 2891 1659 2999 potestatemque
1707 2857 1782 2956 red

563 2999 655 3142 legi
690 3038 795 3100 cum
831 2998 993 3101 orbitas
1028 3000 1164 3103 Ducis
1200 3000 1349 3102 locum
1394 2996 1596 3118 fecisset,
1632 2999 1784 3103 Franci

523 3215 525 3218 ψ
564 3144 835 3263 Gallorum,
888 3144 1048 3284 partim
1094 3182 1305 3286 suspectas
1346 3143 1509 3244 habens
1544 3143 1714 3246 indies
1749 3186 1784 3245 ar

456 3419 462 3428 ἱ
565 3323 672 3426 opes
708 3285 889 3404 Caroli,
930 3289 1094 3427 partim
1128 3328 1280 3389 caecus
1317 3288 1565 3389 Mediolani
1600 3288 1784 3429 cupidita

563 3428 724 3530 multas
760 3427 844 3570 ipsi
881 3462 925 3528 et
968 3468 1147 3573 magnas
1189 3432 1453 3532 calamitates
1493 3431 1713 3534 invexerat
1756 3473 1784 3532 sa

564 3607 672 3673 tuna
707 3573 808 3676 belli
844 3569 906 3674 ob
942 3611 1041 3678 eam
1088 3611 1182 3675 rem
1225 3569 1454 3677 infeliciter
1495 3611 1703 3696 tentata,
1739 3577 1784 3677 ni

563 3749 739 3860 pertum
772 3716 1017 3860 relinquere
1052 3718 1243 3842 statuit,
1280 3719 1405 3863 siqua
1447 3719 1618 3824 ratione
1659 3759 1784 3862 posse

564 3858 647 3960 sibi
682 3860 739 3961 ad
774 3865 1149 3964 Mediolanensem
1183 3877 1409 3967 Ducarum
1448 3864 1643 4004 aperire.
1692 3873 1784 4004 Itaq

562 3999 762 4142 precibus
798 4045 965 4148 agere,
1005 4040 1049 4108 et
1103 4007 1391 4149 pecuniarum
1443 4007 1536 4108 vim
1577 4044 1784 4146 magnam

562 4144 692 4248 simul
728 4147 968 4288 periculum
1004 4153 1133 4253 armis
1170 4186 1385 4253 ostentare
1420 4148 1584 4252 Carolo
1611 4149 1784 4253 instituit

559 4328 617 4390 ne
653 4293 925 4394 exercituin
961 4297 1129 4397 Italiam
1164 4305 1412 4428 trajecerat.

556 4461 561 4470 ’
631 4443 700 4534 ΙΙΙ.
779 4437 1173 4579 Conquisitoribus
1223 4439 1360 4582 igitur
1414 4477 1746 4582 quoquoversus

554 4581 845 4698 Vasconum,
876 4583 1122 4702 Italorum,
1164 4593 1577 4725 Germanorumque
1622 4583 1776 4723 copiae

554 4725 889 4845 convenerunt,
924 4726 1085 4866 quibus
1108 4728 1308 4830 'delectos
1344 4753 1370 4830 ‘e
1404 4727 1489 4828 suis
1511 4725 1656 4970 fGallis
1692 4725 1784 4830 mili

608 4903 612 4913 ’
1480 4881 1509 4971 F
1568 4912 1593 4972 2
