4368 5984
684 411 807 484 VITA
830 411 897 482 ET
915 407 1129 486 SCRIPTA.
1564 433 1608 506 ¹3

177 545 288 633 eriam
308 541 495 660 gravitate
507 537 668 655 praediti
700 535 809 622 multi
843 536 987 653 singola
1002 536 1099 622 libris
1115 533 1223 622 editis
1236 535 1504 624 cohibuerint:
1544 540 1634 642 hoc,

182 663 290 780 quod
309 688 391 745 non
408 658 530 744 solum
546 657 779 742 Christianae
795 653 962 772 religioni
980 716 992 760 ,
1009 656 1075 742 sed
1091 654 1197 740 omni
1212 653 1343 742 divino
1357 657 1474 742 cultui
1492 719 1503 760 ,
1531 659 1637 746 liber·

179 781 248 868 tati
276 779 508 879 hominum,
536 776 679 861 cunctis
706 775 870 888 denique
887 774 1030 890 legibus
1060 773 1232 860 humanis
1249 800 1287 860 et
1320 775 1451 862 divinis
1477 775 1635 864 latenter

179 897 409 1001 insidiatur,
442 895 655 980 metebatur
675 921 768 978 sane
797 921 877 976 non
906 893 1029 976 minus
1067 893 1275 978 multorum
1304 893 1501 980 hominum
1522 900 1638 985 testi·

180 1017 316 1104 monio
340 1043 386 1098 ac
407 1011 545 1126 scriptis
572 1009 706 1098 refelli.
741 1009 845 1094 Hinc
871 1033 944 1096 tres
973 1011 1087 1094 libros
1112 1010 1295 1096 Genesius
1325 1012 1558 1100 elucubravit
1590 1023 1637 1101 de

174 1135 269 1244 foto
294 1148 332 1216 et
359 1132 479 1216 libero
506 1130 700 1232 arbitrio,
730 1157 901 1242 quorum
930 1153 1198 1245 argumentum
1213 1129 1268 1213 his
1298 1131 1417 1216 verbis
1443 1131 1492 1215 ab
1505 1159 1637 1221 aucto-

184 1284 224 1342 re
255 1275 389 1336 nostro
409 1247 642 1363 explicatur:
667 1241 841 1336 ‘Primum
872 1255 994 1354 igitur
1017 1255 1061 1330 in
1088 1249 1160 1332 hnc
1184 1257 1395 1354 quaestione
1415 1265 1495 1333 tum
1510 1256 1636 1342 Phila

181 1373 387 1482 sophorum
417 1382 495 1450 tum
528 1365 794 1473 Theoiogotnm
824 1369 1036 1450 ,rotundos
1069 1391 1220 1450 oausam
1252 1381 1417 1450 nontam
1441 1369 1636 1470 confirmo·

185 1495 345 1576 hirnus:
391 1485 525 1568 deinm
557 1487 865 1569 adversmiorum
893 1485 1196 1594 Philosophorum
1222 1502 1443 1592 argumento
1480 1496 1637 1578 secundo

187 1610 286 1694 libro
311 1596 589 1718 proponemus,
615 1605 814 1712 eodemque
845 1616 888 1686 ut
917 1603 1130 1712 Philosophi
1168 1597 1444 1706 effundimus:
1488 1617 1637 1692 tumim

190 1733 308 1812 tertio
335 1724 604 1828 incommodis,
639 1748 732 1828 quae
756 1723 936 1832 ejusmodi
963 1747 1127 1805 struem
1153 1730 1389 1806 communiter
1413 1749 1637 1832 consequun-

192 1862 290 1948 tur,
326 1847 564 1951 exploratis,
612 1842 781 1926 Memini
809 1847 1000 1948 captiones
1026 1846 1256 1950 privatim,
1285 1855 1330 1924 nt
1369 1852 1468 1928 nmio
1508 1853 1636 1952 poscit

187 1963 440 2048 Christianae.
450 1963 649 2066 religionis
665 2018 679 2065 ‚
700 1957 920 2064 refillemus.

280 2079 357 2165 Sed
386 2101 594 2190 autequam
626 2078 785 2166 adrem
816 2076 886 2162 sibi
918 2077 1148 2192 propositam
1181 2077 1435 2193 explicandam
1478 2110 1638 2198 progre-

186 2197 345 2284 deretur
362 2195 605 2310 Sepulvtda‚
626 2223 711 2280 non
726 2193 889 2278 alienum
915 2195 1088 2308 putavit,
1114 2194 1180 2308 qui
1207 2193 1293 2282 l'ons
1309 2222 1501 2283 tantorum
1520 2201 1638 2284 malo·

198 2345 287 2400 tum
304 2374 317 2419 ‚
334 2339 372 2399 et
388 2316 490 2428 quasi
518 2334 633 2425 caput
660 2311 885 2415 exsitisset,
915 2313 1054 2427 aperire
1073 2373 1085 2416 ,
1113 2336 1153 2398 et
1170 2313 1217 2398 de
1236 2314 1403 2400 moribus
1427 2341 1466 2400 et
1482 2315 1640 2433 flagitio·

194 2433 244 2518 sis
267 2433 413 2518 artibus
426 2429 582 2516 Lutberi
610 2458 730 2542 pauca
753 2429 914 2514 brevitet
935 2458 1265 2538 commemoraret
1297 2456 1343 2516 ut
1356 2462 1383 2514 a
1408 2432 1549 2547 quibus
1572 2435 1639 2518 ini·

191 2549 252 2636 tiis
297 2545 468 2664 profecta
501 2547 640 2632 nefaria
668 2547 904 2633 scelestissimi
933 2548 1094 2632 hominis
1132 2548 1281 2632 molitio
1324 2549 1419 2636 vires
1457 2553 1638 2665 paulatim

192 2667 385 2752 sumendo
401 2665 651 2781 processerit,
680 2664 954 2780 intelligeretur.
976 2665 1147 2781 llludque
1162 2696 1234 2778 pto
1249 2692 1447 2782 comperto
1463 2666 1640 2776 affirmat,

197 2787 309 2902 quod
342 2785 478 2870 mitum
499 2783 662 2898 cuipiam
690 2781 844 2870 fortasse
862 2783 1076 2890 videbitur,
1106 2783 1277 2868 studium
1307 2785 1541 2901 eloquentiae
1568 2790 1640 2874 bu·

197 2903 489 3018 maniotumque
503 2902 706 2990 litteratum
719 2905 919 2989 Germanis
942 2903 1039 2988 hanc
1063 2901 1400 3017 perniciosissimam
1427 2930 1567 3018 pestem
1582 2907 1641 2994 in·

196 3023 365 3108 vexisse.
415 3021 611 3114 Quamdiu
639 3023 738 3106 enirn
779 3023 985 3107 Germania
1017 3021 1248 3137 'gravioribus
1276 3021 1467 3136 disciplinis
1494 3025 1641 3112 intenta

195 3141 309 3227 rebus
334 3169 540 3256 rerumque
566 3139 703 3226 solidae
727 3140 986 3256 congnitioni,
1010 3169 1089 3225 non
1108 3139 1311 3227 verborum
1329 3139 1434 3226 inani
1448 3143 1642 3258 garrulita-

194 3259 225 3344 ti
254 3287 300 3343 ac
311 3258 495 3345 sermonis
527 3255 715 3344 lenociniis
745 3260 951 3364 studebat,
979 3286 1187 3371 provenere
1216 3259 1254 3343 in
1271 3287 1316 3342 ea
1342 3257 1411 3346 viri
1434 3285 1474 3346 ct
1502 3262 1642 3374 pictate

188 3377 370 3464 simulet
394 3375 571 3462 doctrinar
595 3377 915 3492 praestantissimi.
949 3381 1082 3462 Postea
1103 3405 1199 3464 vcro
1221 3405 1376 3492 quarn,
1407 3378 1556 3492 oprimis
1584 3380 1641 3465 bis

195 3495 393 3610 disciplinis
422 3493 577 3600 relictis,
622 3519 802 3609 coeptum
834 3519 890 3580 est
921 3523 944 3578 a
978 3495 1139 3584 leviculis
1169 3494 1395 3610 quibusdam
1425 3497 1640 3584 bominibus

195 3613 333 3699 Graeci
362 3613 561 3728 Latinique
590 3613 769 3698 sermonis
802 3612 1010 3730 cognitioni
1040 3642 1084 3698 ac
1116 3612 1263 3701 dicendi
1293 3610 1458 3700 facultati
1486 3643 1642 3700 accura-

195 3732 270 3818 tius
300 3731 512 3846 indulgeri3
536 3758 666 3820 exorta
697 3759 753 3820 cst
778 3761 895 3848 prava
916 3731 1115 3818 hominum
1131 3732 1387 3847 quorumdam
1409 3732 1544 3847 pestis,
1573 3732 1642 3848 qui

197 3850 468 3938 maledicorum
492 3849 773 3968 impiorumque
794 3852 976 3942 librorum
1005 3852 1233 3944 commercio
1256 3849 1361 3941 facile
1387 3877 1542 3940 omnem
1571 3850 1642 3940 irn-

190 3968 377 4088 pietatem
403 3969 655 4087 caninamque
688 3971 984 4058 maledicentiam
1011 3973 1264 4078 imbiberent,
1295 3999 1340 4054 ac
1365 3997 1487 4056 mores
1512 3972 1640 4056 omni-

197 4115 252 4173 no
267 4113 588 4205 corrumperent.
628 4095 761 4205 'ltaque
782 4119 866 4176 non
895 4089 1094 4176 hominum
1127 4114 1305 4194 tantum,
1331 4089 1397 4174 sed
1428 4088 1540 4174 etiam
1567 4089 1639 4176 Dei

194 4231 450 4294 contemtores
471 4203 627 4312 effecti,
656 4207 1044 4323 quantulamcumque
1077 4205 1224 4292 dicendi
1250 4201 1469 4292 facultatem
1480 4233 1639 4318 compa-

198 4351 375 4411 ravemnt
389 4388 402 4433 ,
418 4325 489 4409 bac
513 4325 564 4410 ad
592 4354 748 4409 omnem
776 4327 994 4440 religionem
1031 4319 1200 4408 funditus
1245 4325 1490 4412 evertendam
1538 4323 1643 4409 abuti

196 4469 408 4558 coeperunt
435 4441 573 4555 scriptis
597 4441 755 4548 libellis,
795 4442 931 4557 quibus
947 4447 1161 4542 Germanae
1192 4441 1375 4550 iuvemuti
1395 4441 1497 4524 clam
1519 4470 1643 4529 vene·

195 4589 293 4648 num
319 4561 581 4678 propinabant.
607 4559 813 4676 Quidquid
824 4562 878 4648 de
902 4562 978 4648 'hac
1002 4587 1047 4646 ¹te
1075 4561 1119 4645 sit
1134 4622 1147 4664 ,
1160 4560 1255 4646 illud
1282 4583 1527 4663 certum-est,
1560 4561 1643 4648 bre·

194 4681 238 4767 vi
273 4681 453 4798 temporis
484 4678 681 4765 intervallo
713 4704 835 4766 totam
852 4677 928 4766 fere
953 4677 1199 4764 Germa-niam
1228 4677 1430 4791 impiorum
1451 4707 1645 4794 quorum·

200 4797 285 4886 clam
313 4826 353 4887 et
391 4796 725 4885 audacissimorum
759 4796 995 4902 hominum,
1028 4795 1245 4911 praesertim
1279 4795 1435 4880 Martini
1475 4798 1645 4902 Luther'i,

196 4919 335 5008 artibus
362 4948 493 5010 veram
524 4914 741 5034 religionem
758 4940 796 5002 et
822 4913 1358 5035 sanctissimactnistianosun
1366 4912 1644 5029 instituuapto·

193 5037 370 5126 culcassc.
1581 5035 1646 5118 Se·
