<?xml version="1.0" encoding="UTF-8"?>
<!DOCTYPE html PUBLIC "-//W3C//DTD XHTML 1.0 Transitional//EN"
    "http://www.w3.org/TR/xhtml1/DTD/xhtml1-transitional.dtd">
<html xmlns="http://www.w3.org/1999/xhtml" xml:lang="en" lang="en">
 <head>
  <title>
</title>
<meta http-equiv="Content-Type" content="text/html;charset=utf-8" />
  <meta name='ocr-system' content='tesseract 3.04.00' />
  <meta name='ocr-capabilities' content='ocr_page ocr_carea ocr_par ocr_line ocrx_word'/>
</head>
<body>
  <div class='ocr_page' id='page_1' title='image "./joannisgenesiis02sepgoog_0640.png"; bbox 0 0 4326 5986; ppageno 0'>
   <div class='ocr_carea' id='block_1_1' title="bbox 555 483 1559 604">
    <p class='ocr_par' dir='ltr' id='par_1_1' title="bbox 555 483 1559 604">
     <span class='ocr_line' id='line_1_1' title="bbox 555 483 1559 604; baseline -0.006 -20"><span class='ocrx_word' id='word_1_1' title='bbox 555 483 642 604; x_wconf 84' lang='lat'>39⁶</span> <span class='ocrx_word' id='word_1_2' title='bbox 956 492 1041 574; x_wconf 78' lang='lat' dir='ltr'>DE</span> <span class='ocrx_word' id='word_1_3' title='bbox 1082 492 1291 576; x_wconf 82' lang='lat' dir='ltr'>REBUs</span> <span class='ocrx_word' id='word_1_4' title='bbox 1331 491 1559 580; x_wconf 73' lang='lat' dir='ltr'>Gnstrs</span> 
     </span>
    </p>
   </div>
   <div class='ocr_carea' id='block_1_2' title="bbox 516 645 2130 4818">
    <p class='ocr_par' dir='ltr' id='par_1_2' title="bbox 516 645 2130 4818">
     <span class='ocr_line' id='line_1_2' title="bbox 516 645 1976 802; baseline -0.004 -42"><span class='ocrx_word' id='word_1_5' title='bbox 516 689 777 802; x_wconf 83' lang='lat' dir='ltr'>oppugnare</span> <span class='ocrx_word' id='word_1_6' title='bbox 818 685 1024 796; x_wconf 90' lang='lat' dir='ltr'>pararet,</span> <span class='ocrx_word' id='word_1_7' title='bbox 1068 649 1242 753; x_wconf 88' lang='lat' dir='ltr'>tamdiu</span> <span class='ocrx_word' id='word_1_8' title='bbox 1284 645 1612 755; x_wconf 88' lang='lat' dir='ltr'>difficultatibus</span> <span class='ocrx_word' id='word_1_9' title='bbox 1669 685 1732 752; x_wconf 91' lang='lat' dir='ltr'>est</span> <span class='ocrx_word' id='word_1_10' title='bbox 1773 646 1976 774; x_wconf 87' lang='lat' dir='ltr'>affectus,</span> 
     </span>
     <span class='ocr_line' id='line_1_3' title="bbox 519 794 1981 940; baseline -0.003 -36"><span class='ocrx_word' id='word_1_11' title='bbox 519 806 663 904; x_wconf 90' lang='lat' dir='ltr'>donec</span> <span class='ocrx_word' id='word_1_12' title='bbox 701 835 819 940; x_wconf 91' lang='lat' dir='ltr'>peste</span> <span class='ocrx_word' id='word_1_13' title='bbox 855 835 930 938; x_wconf 89' lang='lat' dir='ltr'>per</span> <span class='ocrx_word' id='word_1_14' title='bbox 967 797 1203 899; x_wconf 86' lang='lat' dir='ltr'>exercitum</span> <span class='ocrx_word' id='word_1_15' title='bbox 1240 833 1454 939; x_wconf 82' lang='lat' dir='ltr'>grassante</span> <span class='ocrx_word' id='word_1_16' title='bbox 1503 797 1596 938; x_wconf 90' lang='lat' dir='ltr'>ipse</span> <span class='ocrx_word' id='word_1_17' title='bbox 1632 794 1877 933; x_wconf 84' lang='lat' dir='ltr'><strong>dysenteria</strong></span> <span class='ocrx_word' id='word_1_18' title='bbox 1914 798 1981 900; x_wconf 82' lang='lat' dir='ltr'>iis-</span> 
     </span>
     <span class='ocr_line' id='line_1_4' title="bbox 521 941 1981 1085; baseline -0.001 -37"><span class='ocrx_word' id='word_1_19' title='bbox 521 950 628 1048; x_wconf 88' lang='lat' dir='ltr'>dem</span> <span class='ocrx_word' id='word_1_20' title='bbox 663 944 750 1046; x_wconf 90' lang='lat' dir='ltr'>illis</span> <span class='ocrx_word' id='word_1_21' title='bbox 783 943 892 1044; x_wconf 89' lang='lat' dir='ltr'>locis</span> <span class='ocrx_word' id='word_1_22' title='bbox 930 941 1154 1085; x_wconf 90' lang='lat' dir='ltr'>periisset.</span> <span class='ocrx_word' id='word_1_23' title='bbox 1192 949 1292 1042; x_wconf 91' lang='lat' dir='ltr'>Nec</span> <span class='ocrx_word' id='word_1_24' title='bbox 1326 981 1431 1044; x_wconf 88' lang='lat' dir='ltr'>vero</span> <span class='ocrx_word' id='word_1_25' title='bbox 1462 943 1752 1044; x_wconf 90' lang='lat' dir='ltr'>metuendum</span> <span class='ocrx_word' id='word_1_26' title='bbox 1789 982 1907 1061; x_wconf 89' lang='lat' dir='ltr'>esse,</span> <span class='ocrx_word' id='word_1_27' title='bbox 1932 985 1981 1047; x_wconf 93' lang='lat' dir='ltr'>ne</span> 
     </span>
     <span class='ocr_line' id='line_1_5' title="bbox 522 1081 1985 1235; baseline -0.003 -43"><span class='ocrx_word' id='word_1_28' title='bbox 522 1128 678 1235; x_wconf 89' lang='lat' dir='ltr'>patum</span> <span class='ocrx_word' id='word_1_29' title='bbox 712 1089 782 1191; x_wconf 86' lang='lat' dir='ltr'>vel</span> <span class='ocrx_word' id='word_1_30' title='bbox 819 1088 874 1190; x_wconf 91' lang='lat' dir='ltr'>ad</span> <span class='ocrx_word' id='word_1_31' title='bbox 910 1081 1115 1207; x_wconf 89' lang='lat' dir='ltr'>famam,</span> <span class='ocrx_word' id='word_1_32' title='bbox 1154 1087 1226 1188; x_wconf 88' lang='lat' dir='ltr'>vel</span> <span class='ocrx_word' id='word_1_33' title='bbox 1270 1086 1329 1186; x_wconf 90' lang='lat' dir='ltr'>ad</span> <span class='ocrx_word' id='word_1_34' title='bbox 1366 1084 1539 1188; x_wconf 89' lang='lat' dir='ltr'>bonum</span> <span class='ocrx_word' id='word_1_35' title='bbox 1577 1085 1806 1228; x_wconf 91' lang='lat' dir='ltr'>publicum</span> <span class='ocrx_word' id='word_1_36' title='bbox 1849 1083 1985 1188; x_wconf 86' lang='lat' dir='ltr'>Chri-</span> 
     </span>
     <span class='ocr_line' id='line_1_6' title="bbox 521 1225 1984 1377; baseline -0.002 -40"><span class='ocrx_word' id='word_1_37' title='bbox 521 1238 764 1338; x_wconf 90' lang='lat' dir='ltr'>stianorum</span> <span class='ocrx_word' id='word_1_38' title='bbox 788 1225 1041 1377; x_wconf 90' lang='lat' dir='ltr'>profectum</span> <span class='ocrx_word' id='word_1_39' title='bbox 1066 1272 1153 1333; x_wconf 89' lang='lat' dir='ltr'>esse</span> <span class='ocrx_word' id='word_1_40' title='bbox 1182 1230 1433 1340; x_wconf 74' lang='lat' dir='ltr'>videreturs</span> <span class='ocrx_word' id='word_1_41' title='bbox 1466 1266 1765 1374; x_wconf 82' lang='lat' dir='ltr'>expugnatam</span> <span class='ocrx_word' id='word_1_42' title='bbox 1785 1271 1874 1333; x_wconf 90' lang='lat' dir='ltr'>esse</span> <span class='ocrx_word' id='word_1_43' title='bbox 1899 1243 1984 1334; x_wconf 89' lang='lat' dir='ltr'>Go-</span> 
     </span>
     <span class='ocr_line' id='line_1_7' title="bbox 522 1374 1986 1520; baseline -0.004 -37"><span class='ocrx_word' id='word_1_44' title='bbox 522 1382 685 1501; x_wconf 87' lang='lat' dir='ltr'>letam,</span> <span class='ocrx_word' id='word_1_45' title='bbox 720 1417 855 1520; x_wconf 91' lang='lat' dir='ltr'>quam</span> <span class='ocrx_word' id='word_1_46' title='bbox 889 1378 1086 1520; x_wconf 86' lang='lat' dir='ltr'>plerique</span> <span class='ocrx_word' id='word_1_47' title='bbox 1110 1374 1498 1519; x_wconf 83' lang='lat' dir='ltr'>inexpugnabilem</span> <span class='ocrx_word' id='word_1_48' title='bbox 1529 1417 1624 1480; x_wconf 69' lang='lat' dir='ltr'>¹esse</span> <span class='ocrx_word' id='word_1_49' title='bbox 1653 1413 1902 1517; x_wconf 89' lang='lat' dir='ltr'>putassent,</span> <span class='ocrx_word' id='word_1_50' title='bbox 1918 1417 1986 1479; x_wconf 89' lang='lat' dir='ltr'>ca·</span> 
     </span>
     <span class='ocr_line' id='line_1_8' title="bbox 522 1519 1985 1668; baseline -0.003 -42"><span class='ocrx_word' id='word_1_51' title='bbox 522 1562 647 1668; x_wconf 92' lang='lat' dir='ltr'>ptam</span> <span class='ocrx_word' id='word_1_52' title='bbox 682 1523 858 1625; x_wconf 79' lang='lat' dir='ltr'>classem</span> <span class='ocrx_word' id='word_1_53' title='bbox 894 1519 1161 1640; x_wconf 86' lang='lat' dir='ltr'>Charadini,</span> <span class='ocrx_word' id='word_1_54' title='bbox 1201 1561 1315 1662; x_wconf 91' lang='lat' dir='ltr'>quae</span> <span class='ocrx_word' id='word_1_55' title='bbox 1349 1519 1603 1664; x_wconf 89' lang='lat' dir='ltr'>gravissima</span> <span class='ocrx_word' id='word_1_56' title='bbox 1637 1560 1793 1640; x_wconf 90' lang='lat' dir='ltr'>causa,</span> <span class='ocrx_word' id='word_1_57' title='bbox 1818 1557 1861 1622; x_wconf 86' lang='lat' dir='ltr'>et</span> <span class='ocrx_word' id='word_1_58' title='bbox 1885 1560 1985 1661; x_wconf 85' lang='lat' dir='ltr'>pae-</span> 
     </span>
     <span class='ocr_line' id='line_1_9' title="bbox 523 1662 1985 1807; baseline -0.001 -37"><span class='ocrx_word' id='word_1_59' title='bbox 523 1707 579 1772; x_wconf 91' lang='lat' dir='ltr'>ne</span> <span class='ocrx_word' id='word_1_60' title='bbox 626 1667 717 1769; x_wconf 90' lang='lat' dir='ltr'>sola</span> <span class='ocrx_word' id='word_1_61' title='bbox 757 1662 909 1767; x_wconf 69' lang='lat' dir='ltr'>finisset</span> <span class='ocrx_word' id='word_1_62' title='bbox 936 1677 1028 1800; x_wconf 90' lang='lat' dir='ltr'>ejus</span> <span class='ocrx_word' id='word_1_63' title='bbox 1069 1665 1171 1769; x_wconf 91' lang='lat' dir='ltr'>belli</span> <span class='ocrx_word' id='word_1_64' title='bbox 1207 1665 1497 1807; x_wconf 89' lang='lat' dir='ltr'>suscipiendi:</span> <span class='ocrx_word' id='word_1_65' title='bbox 1540 1704 1709 1768; x_wconf 90' lang='lat' dir='ltr'>censere</span> <span class='ocrx_word' id='word_1_66' title='bbox 1729 1665 1913 1807; x_wconf 90' lang='lat' dir='ltr'>igitur,</span> <span class='ocrx_word' id='word_1_67' title='bbox 1935 1705 1985 1769; x_wconf 90' lang='lat' dir='ltr'>ut</span> 
     </span>
     <span class='ocr_line' id='line_1_10' title="bbox 525 1809 1985 1956; baseline -0.003 -39"><span class='ocrx_word' id='word_1_68' title='bbox 525 1809 731 1956; x_wconf 88' lang='lat' dir='ltr'>operibus</span> <span class='ocrx_word' id='word_1_69' title='bbox 780 1809 1002 1952; x_wconf 85' lang='lat' dir='ltr'>firmoque</span> <span class='ocrx_word' id='word_1_70' title='bbox 1054 1811 1272 1951; x_wconf 89' lang='lat' dir='ltr'>praesidio</span> <span class='ocrx_word' id='word_1_71' title='bbox 1332 1809 1487 1912; x_wconf 89' lang='lat' dir='ltr'>Goleta</span> <span class='ocrx_word' id='word_1_72' title='bbox 1542 1811 1768 1930; x_wconf 76' lang='lat' dir='ltr'>munita,</span> <span class='ocrx_word' id='word_1_73' title='bbox 1797 1811 1985 1950; x_wconf 90' lang='lat' dir='ltr'>reliquus</span> 
     </span>
     <span class='ocr_line' id='line_1_11' title="bbox 523 1953 1984 2098; baseline 0.001 -40"><span class='ocrx_word' id='word_1_74' title='bbox 523 1956 734 2058; x_wconf 86' lang='lat' dir='ltr'>exercitus</span> <span class='ocrx_word' id='word_1_75' title='bbox 769 1955 1010 2058; x_wconf 85' lang='lat' dir='ltr'>conscensis</span> <span class='ocrx_word' id='word_1_76' title='bbox 1046 1954 1229 2054; x_wconf 90' lang='lat' dir='ltr'>navibus</span> <span class='ocrx_word' id='word_1_77' title='bbox 1271 1954 1533 2098; x_wconf 84' lang='lat' dir='ltr'>Argeliam,</span> <span class='ocrx_word' id='word_1_78' title='bbox 1572 1953 1732 2057; x_wconf 88' lang='lat' dir='ltr'>autin</span> <span class='ocrx_word' id='word_1_79' title='bbox 1768 1953 1850 2054; x_wconf 89' lang='lat' dir='ltr'>alia</span> <span class='ocrx_word' id='word_1_80' title='bbox 1884 1955 1984 2060; x_wconf 89' lang='lat' dir='ltr'>loca</span> 
     </span>
     <span class='ocr_line' id='line_1_12' title="bbox 523 2097 1985 2241; baseline -0.001 -40"><span class='ocrx_word' id='word_1_81' title='bbox 523 2099 764 2203; x_wconf 87' lang='lat' dir='ltr'>cervicibus</span> <span class='ocrx_word' id='word_1_82' title='bbox 808 2097 1167 2200; x_wconf 88' lang='lat' dir='ltr'>Christianorum</span> <span class='ocrx_word' id='word_1_83' title='bbox 1211 2099 1351 2238; x_wconf 90' lang='lat' dir='ltr'>magis</span> <span class='ocrx_word' id='word_1_84' title='bbox 1402 2099 1724 2219; x_wconf 83' lang='lat' dir='ltr'>imminentia,</span> <span class='ocrx_word' id='word_1_85' title='bbox 1771 2132 1816 2199; x_wconf 88' lang='lat' dir='ltr'>et</span> <span class='ocrx_word' id='word_1_86' title='bbox 1872 2138 1985 2241; x_wconf 87' lang='lat' dir='ltr'>quae</span> 
     </span>
     <span class='ocr_line' id='line_1_13' title="bbox 522 2229 2130 2387; baseline -0.004 -40"><span class='ocrx_word' id='word_1_87' title='bbox 522 2245 698 2348; x_wconf 89' lang='lat' dir='ltr'>minore</span> <span class='ocrx_word' id='word_1_88' title='bbox 732 2245 918 2386; x_wconf 90' lang='lat' dir='ltr'>negotio</span> <span class='ocrx_word' id='word_1_89' title='bbox 954 2281 1129 2387; x_wconf 87' lang='lat' dir='ltr'>possent</span> <span class='ocrx_word' id='word_1_90' title='bbox 1164 2243 1400 2365; x_wconf 88' lang='lat' dir='ltr'>debellari,</span> <span class='ocrx_word' id='word_1_91' title='bbox 1431 2270 1842 2387; x_wconf 86' lang='lat' dir='ltr'>comportarentur.</span> <span class='ocrx_word' id='word_1_92' title='bbox 2129 2229 2130 2250; x_wconf 20' lang='grc' dir='ltr'><strong><em>Ν</em></strong></span> 
     </span>
     <span class='ocr_line' id='line_1_14' title="bbox 610 2385 2130 2530; baseline 0 -40"><span class='ocrx_word' id='word_1_93' title='bbox 610 2400 705 2492; x_wconf 88' lang='lat' dir='ltr'>Vll.</span> <span class='ocrx_word' id='word_1_94' title='bbox 793 2399 964 2490; x_wconf 89' lang='lat' dir='ltr'>Contra</span> <span class='ocrx_word' id='word_1_95' title='bbox 1018 2387 1125 2489; x_wconf 87' lang='lat' dir='ltr'>hacc</span> <span class='ocrx_word' id='word_1_96' title='bbox 1176 2387 1308 2528; x_wconf 90' lang='lat' dir='ltr'>pauci</span> <span class='ocrx_word' id='word_1_97' title='bbox 1350 2387 1559 2530; x_wconf 90' lang='lat' dir='ltr'>quidam·</span> <span class='ocrx_word' id='word_1_98' title='bbox 1586 2386 1738 2490; x_wconf 87' lang='lat' dir='ltr'>Caroli</span> <span class='ocrx_word' id='word_1_99' title='bbox 1786 2385 1982 2530; x_wconf 88' lang='lat' dir='ltr'>tantique</span> <span class='ocrx_word' id='word_1_100' title='bbox 2129 2421 2130 2490; x_wconf 60' lang='grc' dir='ltr'><strong>ς</strong></span> 
     </span>
     <span class='ocr_line' id='line_1_15' title="bbox 524 2529 1980 2674; baseline -0.002 -39"><span class='ocrx_word' id='word_1_101' title='bbox 524 2531 733 2636; x_wconf 86' lang='lat' dir='ltr'>exercitus</span> <span class='ocrx_word' id='word_1_102' title='bbox 767 2529 964 2652; x_wconf 86' lang='lat' dir='ltr'>fatuam,</span> <span class='ocrx_word' id='word_1_103' title='bbox 1003 2572 1093 2674; x_wconf 90' lang='lat' dir='ltr'>qua</span> <span class='ocrx_word' id='word_1_104' title='bbox 1128 2530 1241 2633; x_wconf 89' lang='lat' dir='ltr'>bella</span> <span class='ocrx_word' id='word_1_105' title='bbox 1276 2568 1555 2653; x_wconf 90' lang='lat' dir='ltr'>constarent,</span> <span class='ocrx_word' id='word_1_106' title='bbox 1589 2571 1758 2674; x_wconf 88' lang='lat' dir='ltr'>magno</span> <span class='ocrx_word' id='word_1_107' title='bbox 1793 2571 1861 2632; x_wconf 89' lang='lat' dir='ltr'>ere</span> <span class='ocrx_word' id='word_1_108' title='bbox 1895 2532 1980 2632; x_wconf 88' lang='lat' dir='ltr'>mi-</span> 
     </span>
     <span class='ocr_line' id='line_1_16' title="bbox 524 2571 1983 2797; baseline -0.002 -19"><span class='ocrx_word' id='word_1_109' title='bbox 524 2677 605 2778; x_wconf 93' lang='lat' dir='ltr'>nui</span> <span class='ocrx_word' id='word_1_110' title='bbox 641 2673 1005 2797; x_wconf 87' lang='lat' dir='ltr'>contendebant,</span> <span class='ocrx_word' id='word_1_111' title='bbox 1049 2677 1084 2778; x_wconf 90' lang='lat' dir='ltr'>si</span> <span class='ocrx_word' id='word_1_112' title='bbox 1120 2676 1279 2778; x_wconf 91' lang='lat' dir='ltr'>omissa</span> <span class='ocrx_word' id='word_1_113' title='bbox 1320 2677 1540 2797; x_wconf 90' lang='lat' dir='ltr'>Tunetis‚</span> <span class='ocrx_word' id='word_1_114' title='bbox 1584 2674 1664 2777; x_wconf 93' lang='lat' dir='ltr'>ubi</span> <span class='ocrx_word' id='word_1_115' title='bbox 1711 2571 1983 2777; x_wconf 83' lang='lat' dir='ltr'>Cliaradinus</span> 
     </span>
     <span class='ocr_line' id='line_1_17' title="bbox 527 2815 1984 2963; baseline 0.002 -44"><span class='ocrx_word' id='word_1_116' title='bbox 527 2819 865 2942; x_wconf 87' lang='lat' dir='ltr'>contineretur,</span> <span class='ocrx_word' id='word_1_117' title='bbox 899 2821 1235 2963; x_wconf 88' lang='lat' dir='ltr'>oppugnatione</span> <span class='ocrx_word' id='word_1_118' title='bbox 1290 2820 1573 2938; x_wconf 90' lang='lat' dir='ltr'>discesisset,</span> <span class='ocrx_word' id='word_1_119' title='bbox 1620 2819 1791 2920; x_wconf 88' lang='lat' dir='ltr'>timoris</span> <span class='ocrx_word' id='word_1_120' title='bbox 1826 2820 1875 2922; x_wconf 95' lang='lat' dir='ltr'>id</span> <span class='ocrx_word' id='word_1_121' title='bbox 1920 2815 1984 2921; x_wconf 81' lang='lat' dir='ltr'>fa-</span> 
     </span>
     <span class='ocr_line' id='line_1_18' title="bbox 526 2962 1985 3107; baseline 0.001 -44"><span class='ocrx_word' id='word_1_122' title='bbox 526 2997 678 3083; x_wconf 91' lang='lat' dir='ltr'>ctum,</span> <span class='ocrx_word' id='word_1_123' title='bbox 711 3003 804 3066; x_wconf 94' lang='lat' dir='ltr'>non</span> <span class='ocrx_word' id='word_1_124' title='bbox 838 2965 1064 3105; x_wconf 89' lang='lat' dir='ltr'>prudentis</span> <span class='ocrx_word' id='word_1_125' title='bbox 1100 3005 1187 3066; x_wconf 86' lang='lat' dir='ltr'>esse</span> <span class='ocrx_word' id='word_1_126' title='bbox 1223 2965 1395 3066; x_wconf 89' lang='lat' dir='ltr'>consilii</span> <span class='ocrx_word' id='word_1_127' title='bbox 1431 2965 1649 3107; x_wconf 87' lang='lat' dir='ltr'>plerisque</span> <span class='ocrx_word' id='word_1_128' title='bbox 1683 2962 1898 3066; x_wconf 86' lang='lat' dir='ltr'>omnibus</span> <span class='ocrx_word' id='word_1_129' title='bbox 1923 2964 1985 3065; x_wconf 90' lang='lat' dir='ltr'>in·-</span> 
     </span>
     <span class='ocr_line' id='line_1_19' title="bbox 527 3105 1985 3252; baseline 0.003 -46"><span class='ocrx_word' id='word_1_130' title='bbox 527 3107 820 3249; x_wconf 89' lang='lat' dir='ltr'>terpretatutis</span> <span class='ocrx_word' id='word_1_131' title='bbox 841 3148 853 3216; x_wconf 80' lang='lat'>3</span> <span class='ocrx_word' id='word_1_132' title='bbox 875 3149 989 3252; x_wconf 88' lang='lat' dir='ltr'>quae</span> <span class='ocrx_word' id='word_1_133' title='bbox 1007 3105 1247 3210; x_wconf 91' lang='lat' dir='ltr'>hominum</span> <span class='ocrx_word' id='word_1_134' title='bbox 1283 3109 1440 3250; x_wconf 88' lang='lat' dir='ltr'>opinio</span> <span class='ocrx_word' id='word_1_135' title='bbox 1476 3109 1525 3208; x_wconf 93' lang='lat' dir='ltr'>in</span> <span class='ocrx_word' id='word_1_136' title='bbox 1562 3143 1685 3210; x_wconf 89' lang='lat' dir='ltr'>tanta</span> <span class='ocrx_word' id='word_1_137' title='bbox 1718 3106 1985 3210; x_wconf 87' lang='lat' dir='ltr'>Christiano·</span> 
     </span>
     <span class='ocr_line' id='line_1_20' title="bbox 526 3251 1983 3395; baseline 0.001 -44"><span class='ocrx_word' id='word_1_138' title='bbox 526 3288 625 3351; x_wconf 89' lang='lat' dir='ltr'>rum</span> <span class='ocrx_word' id='word_1_139' title='bbox 661 3252 868 3354; x_wconf 89' lang='lat' dir='ltr'>omnium</span> <span class='ocrx_word' id='word_1_140' title='bbox 905 3253 1222 3394; x_wconf 78' lang='lat' dir='ltr'>exspectatione</span> <span class='ocrx_word' id='word_1_141' title='bbox 1258 3290 1402 3395; x_wconf 88' lang='lat' dir='ltr'>posset</span> <span class='ocrx_word' id='word_1_142' title='bbox 1437 3291 1531 3355; x_wconf 91' lang='lat' dir='ltr'>non</span> <span class='ocrx_word' id='word_1_143' title='bbox 1559 3253 1700 3352; x_wconf 93' lang='lat' dir='ltr'>modo</span> <span class='ocrx_word' id='word_1_144' title='bbox 1736 3253 1784 3352; x_wconf 91' lang='lat' dir='ltr'>in</span> <span class='ocrx_word' id='word_1_145' title='bbox 1820 3251 1983 3372; x_wconf 82' lang='lat' dir='ltr'>Africa,</span> 
     </span>
     <span class='ocr_line' id='line_1_21' title="bbox 526 3392 1987 3538; baseline 0.001 -43"><span class='ocrx_word' id='word_1_146' title='bbox 526 3397 603 3496; x_wconf 89' lang='lat' dir='ltr'>sed</span> <span class='ocrx_word' id='word_1_147' title='bbox 639 3396 771 3496; x_wconf 90' lang='lat' dir='ltr'>etiam</span> <span class='ocrx_word' id='word_1_148' title='bbox 804 3396 852 3496; x_wconf 93' lang='lat' dir='ltr'>in</span> <span class='ocrx_word' id='word_1_149' title='bbox 891 3406 1068 3538; x_wconf 89' lang='lat' dir='ltr'>Europa</span> <span class='ocrx_word' id='word_1_150' title='bbox 1103 3394 1231 3498; x_wconf 91' lang='lat' dir='ltr'>rebus</span> <span class='ocrx_word' id='word_1_151' title='bbox 1273 3397 1425 3498; x_wconf 86' lang='lat' dir='ltr'>Caroli</span> <span class='ocrx_word' id='word_1_152' title='bbox 1461 3436 1557 3498; x_wconf 90' lang='lat' dir='ltr'>non</span> <span class='ocrx_word' id='word_1_153' title='bbox 1591 3396 1875 3498; x_wconf 89' lang='lat' dir='ltr'>mediocriter</span> <span class='ocrx_word' id='word_1_154' title='bbox 1920 3392 1987 3497; x_wconf 84' lang='lat' dir='ltr'>ol·</span> 
     </span>
     <span class='ocr_line' id='line_1_22' title="bbox 526 3535 1989 3663; baseline 0.002 -24"><span class='ocrx_word' id='word_1_155' title='bbox 526 3535 682 3655; x_wconf 69' lang='lat' dir='ltr'>ficeret</span> <span class='ocrx_word' id='word_1_156' title='bbox 716 3535 944 3643; x_wconf 84' lang='lat' dir='ltr'>fabrorum</span> <span class='ocrx_word' id='word_1_157' title='bbox 989 3541 1163 3663; x_wconf 88' lang='lat' dir='ltr'>vicem,</span> <span class='ocrx_word' id='word_1_158' title='bbox 1202 3575 1252 3642; x_wconf 90' lang='lat' dir='ltr'>ut</span> <span class='ocrx_word' id='word_1_159' title='bbox 1287 3544 1342 3642; x_wconf 90' lang='lat' dir='ltr'>ad</span> <span class='ocrx_word' id='word_1_160' title='bbox 1380 3541 1585 3642; x_wconf 90' lang='lat' dir='ltr'>Goletam</span> <span class='ocrx_word' id='word_1_161' title='bbox 1600 3619 1616 3661; x_wconf 92' lang='lat'>,</span> <span class='ocrx_word' id='word_1_162' title='bbox 1653 3541 1714 3641; x_wconf 89' lang='lat' dir='ltr'>sic</span> <span class='ocrx_word' id='word_1_163' title='bbox 1747 3541 1801 3642; x_wconf 89' lang='lat' dir='ltr'>ad</span> <span class='ocrx_word' id='word_1_164' title='bbox 1838 3549 1989 3643; x_wconf 87' lang='lat' dir='ltr'>Tune·</span> 
     </span>
     <span class='ocr_line' id='line_1_23' title="bbox 525 3683 1990 3826; baseline 0.003 -45"><span class='ocrx_word' id='word_1_165' title='bbox 525 3715 619 3784; x_wconf 91' lang='lat' dir='ltr'>tem</span> <span class='ocrx_word' id='word_1_166' title='bbox 656 3683 815 3785; x_wconf 90' lang='lat' dir='ltr'>milites</span> <span class='ocrx_word' id='word_1_167' title='bbox 851 3721 934 3824; x_wconf 94' lang='lat' dir='ltr'>pro</span> <span class='ocrx_word' id='word_1_168' title='bbox 970 3683 1169 3826; x_wconf 91' lang='lat' dir='ltr'>ipsorum</span> <span class='ocrx_word' id='word_1_169' title='bbox 1205 3686 1365 3786; x_wconf 86' lang='lat' dir='ltr'>virtute</span> <span class='ocrx_word' id='word_1_170' title='bbox 1403 3687 1459 3786; x_wconf 92' lang='lat' dir='ltr'>ad</span> <span class='ocrx_word' id='word_1_171' title='bbox 1495 3683 1722 3826; x_wconf 89' lang='lat' dir='ltr'>diligentia</span> <span class='ocrx_word' id='word_1_172' title='bbox 1742 3684 1990 3804; x_wconf 89' lang='lat' dir='ltr'>subituros,</span> 
     </span>
     <span class='ocr_line' id='line_1_24' title="bbox 526 3825 1990 3973; baseline 0.008 -49"><span class='ocrx_word' id='word_1_173' title='bbox 526 3860 571 3924; x_wconf 89' lang='lat' dir='ltr'>et</span> <span class='ocrx_word' id='word_1_174' title='bbox 604 3825 756 3929; x_wconf 91' lang='lat' dir='ltr'>cibum</span> <span class='ocrx_word' id='word_1_175' title='bbox 799 3827 884 3929; x_wconf 92' lang='lat' dir='ltr'>sibi</span> <span class='ocrx_word' id='word_1_176' title='bbox 926 3867 1149 3971; x_wconf 90' lang='lat' dir='ltr'>quemque</span> <span class='ocrx_word' id='word_1_177' title='bbox 1191 3827 1240 3929; x_wconf 91' lang='lat' dir='ltr'>in</span> <span class='ocrx_word' id='word_1_178' title='bbox 1276 3829 1367 3930; x_wconf 90' lang='lat' dir='ltr'>dies</span> <span class='ocrx_word' id='word_1_179' title='bbox 1402 3829 1574 3973; x_wconf 89' lang='lat' dir='ltr'>aliquot</span> <span class='ocrx_word' id='word_1_180' title='bbox 1607 3863 1990 3970; x_wconf 80' lang='lat' dir='ltr'>comportaturos3</span> 
     </span>
     <span class='ocr_line' id='line_1_25' title="bbox 523 3971 1991 4117; baseline 0.006 -49"><span class='ocrx_word' id='word_1_181' title='bbox 523 4001 745 4074; x_wconf 89' lang='lat' dir='ltr'>tormenta</span> <span class='ocrx_word' id='word_1_182' title='bbox 778 3971 940 4112; x_wconf 89' lang='lat' dir='ltr'>partim</span> <span class='ocrx_word' id='word_1_183' title='bbox 976 3971 1032 4076; x_wconf 90' lang='lat' dir='ltr'>ab</span> <span class='ocrx_word' id='word_1_184' title='bbox 1069 3974 1232 4078; x_wconf 88' lang='lat' dir='ltr'>eisdem</span> <span class='ocrx_word' id='word_1_185' title='bbox 1267 3973 1380 4075; x_wconf 87' lang='lat' dir='ltr'>trahi</span> <span class='ocrx_word' id='word_1_186' title='bbox 1416 4014 1575 4116; x_wconf 89' lang='lat' dir='ltr'>posse,</span> <span class='ocrx_word' id='word_1_187' title='bbox 1610 3973 1775 4117; x_wconf 90' lang='lat' dir='ltr'>partim</span> <span class='ocrx_word' id='word_1_188' title='bbox 1810 4007 1837 4074; x_wconf 90' lang='lat' dir='ltr'>a</span> <span class='ocrx_word' id='word_1_189' title='bbox 1876 4013 1991 4077; x_wconf 89' lang='lat' dir='ltr'>nau-</span> 
     </span>
     <span class='ocr_line' id='line_1_26' title="bbox 523 4114 1992 4259; baseline 0.005 -45"><span class='ocrx_word' id='word_1_190' title='bbox 523 4114 613 4234; x_wconf 90' lang='lat' dir='ltr'>tis,</span> <span class='ocrx_word' id='word_1_191' title='bbox 651 4151 694 4220; x_wconf 88' lang='lat' dir='ltr'>et</span> <span class='ocrx_word' id='word_1_192' title='bbox 741 4116 1021 4259; x_wconf 77' lang='lat' dir='ltr'>remigibus3</span> <span class='ocrx_word' id='word_1_193' title='bbox 1063 4155 1204 4219; x_wconf 90' lang='lat' dir='ltr'>aestus</span> <span class='ocrx_word' id='word_1_194' title='bbox 1227 4155 1297 4218; x_wconf 91' lang='lat' dir='ltr'>ac</span> <span class='ocrx_word' id='word_1_195' title='bbox 1340 4118 1431 4220; x_wconf 90' lang='lat' dir='ltr'>sitis</span> <span class='ocrx_word' id='word_1_196' title='bbox 1475 4114 1757 4220; x_wconf 87' lang='lat' dir='ltr'>difficultates</span> <span class='ocrx_word' id='word_1_197' title='bbox 1801 4120 1992 4222; x_wconf 90' lang='lat' dir='ltr'>consilio</span> 
     </span>
     <span class='ocr_line' id='line_1_27' title="bbox 521 4257 2128 4410; baseline 0.006 -53"><span class='ocrx_word' id='word_1_198' title='bbox 521 4257 747 4397; x_wconf 87' lang='lat' dir='ltr'>provideri</span> <span class='ocrx_word' id='word_1_199' title='bbox 791 4297 957 4404; x_wconf 87' lang='lat' dir='ltr'>posse,</span> <span class='ocrx_word' id='word_1_200' title='bbox 992 4297 1042 4362; x_wconf 93' lang='lat' dir='ltr'>ut</span> <span class='ocrx_word' id='word_1_201' title='bbox 1093 4261 1333 4364; x_wconf 87' lang='lat' dir='ltr'>tolerabiles</span> <span class='ocrx_word' id='word_1_202' title='bbox 1391 4258 1699 4384; x_wconf 85' lang='lat' dir='ltr'>efficerentur,</span> <span class='ocrx_word' id='word_1_203' title='bbox 1746 4262 1990 4406; x_wconf 87' lang='lat' dir='ltr'>importata</span> <span class='ocrx_word' id='word_1_204' title='bbox 2127 4385 2128 4410; x_wconf 21' lang='grc' dir='ltr'><strong><em>Ν</em></strong></span> 
     </span>
     <span class='ocr_line' id='line_1_28' title="bbox 521 4403 2128 4552; baseline 0.006 -54"><span class='ocrx_word' id='word_1_205' title='bbox 521 4403 723 4502; x_wconf 89' lang='lat' dir='ltr'>uterculis</span> <span class='ocrx_word' id='word_1_206' title='bbox 757 4445 903 4547; x_wconf 90' lang='lat' dir='ltr'>aqua,</span> <span class='ocrx_word' id='word_1_207' title='bbox 921 4405 1164 4548; x_wconf 89' lang='lat' dir='ltr'>ligneisque</span> <span class='ocrx_word' id='word_1_208' title='bbox 1201 4405 1474 4547; x_wconf 89' lang='lat' dir='ltr'>lagunculis,</span> <span class='ocrx_word' id='word_1_209' title='bbox 1493 4449 1605 4552; x_wconf 90' lang='lat' dir='ltr'>quae</span> <span class='ocrx_word' id='word_1_210' title='bbox 1641 4406 1854 4510; x_wconf 89' lang='lat' dir='ltr'>militibus</span> <span class='ocrx_word' id='word_1_211' title='bbox 1897 4409 1985 4508; x_wconf 89' lang='lat' dir='ltr'>sin-</span> <span class='ocrx_word' id='word_1_212' title='bbox 2127 4451 2128 4466; x_wconf 49' lang='lat'>‘</span> 
     </span>
     <span class='ocr_line' id='line_1_29' title="bbox 518 4543 1980 4692; baseline 0.003 -49"><span class='ocrx_word' id='word_1_213' title='bbox 518 4543 633 4684; x_wconf 88' lang='lat' dir='ltr'>gulis</span> <span class='ocrx_word' id='word_1_214' title='bbox 658 4583 795 4648; x_wconf 91' lang='lat' dir='ltr'>essent</span> <span class='ocrx_word' id='word_1_215' title='bbox 822 4548 1075 4652; x_wconf 88' lang='lat' dir='ltr'>attributae:</span> <span class='ocrx_word' id='word_1_216' title='bbox 1096 4586 1233 4692; x_wconf 89' lang='lat' dir='ltr'>porto</span> <span class='ocrx_word' id='word_1_217' title='bbox 1260 4553 1617 4654; x_wconf 88' lang='lat' dir='ltr'>convenientium</span> <span class='ocrx_word' id='word_1_218' title='bbox 1641 4549 1841 4653; x_wconf 89' lang='lat' dir='ltr'>hostiurn</span> <span class='ocrx_word' id='word_1_219' title='bbox 1870 4551 1980 4650; x_wconf 78' lang='lat' dir='ltr'>mul·</span> 
     </span>
     <span class='ocr_line' id='line_1_30' title="bbox 517 4687 1983 4818; baseline 0.004 -32"><span class='ocrx_word' id='word_1_220' title='bbox 517 4687 751 4793; x_wconf 89' lang='lat' dir='ltr'>titudinem</span> <span class='ocrx_word' id='word_1_221' title='bbox 787 4730 880 4793; x_wconf 93' lang='lat' dir='ltr'>non</span> <span class='ocrx_word' id='word_1_222' title='bbox 917 4731 1004 4794; x_wconf 86' lang='lat' dir='ltr'>esse</span> <span class='ocrx_word' id='word_1_223' title='bbox 1040 4695 1165 4798; x_wconf 87' lang='lat' dir='ltr'>valde</span> <span class='ocrx_word' id='word_1_224' title='bbox 1189 4699 1503 4818; x_wconf 89' lang='lat' dir='ltr'>metuendam,</span> <span class='ocrx_word' id='word_1_225' title='bbox 1544 4736 1650 4801; x_wconf 89' lang='lat' dir='ltr'>nam</span> <span class='ocrx_word' id='word_1_226' title='bbox 1679 4694 1897 4800; x_wconf 88' lang='lat' dir='ltr'>collectitii</span> <span class='ocrx_word' id='word_1_227' title='bbox 1929 4731 1983 4792; x_wconf 88' lang='lat' dir='ltr'>ac</span> 
     </span>
    </p>
   </div>
   <div class='ocr_carea' id='block_1_3' title="bbox 514 4833 1984 4984">
    <p class='ocr_par' dir='ltr' id='par_1_3' title="bbox 514 4833 1984 4984">
     <span class='ocr_line' id='line_1_31' title="bbox 514 4833 1984 4984; baseline -0.002 -46"><span class='ocrx_word' id='word_1_228' title='bbox 514 4833 683 4969; x_wconf 86' lang='lat' dir='ltr'>tyronis</span> <span class='ocrx_word' id='word_1_229' title='bbox 710 4838 944 4960; x_wconf 86' lang='lat' dir='ltr'>exercitus,</span> <span class='ocrx_word' id='word_1_230' title='bbox 978 4840 1116 4984; x_wconf 87' lang='lat' dir='ltr'>qualis</span> <span class='ocrx_word' id='word_1_231' title='bbox 1139 4877 1247 4944; x_wconf 90' lang='lat' dir='ltr'>esset</span> <span class='ocrx_word' id='word_1_232' title='bbox 1272 4841 1343 4944; x_wconf 90' lang='lat' dir='ltr'>ille</span> <span class='ocrx_word' id='word_1_233' title='bbox 1355 4919 1373 4964; x_wconf 94' lang='lat'>,</span> <span class='ocrx_word' id='word_1_234' title='bbox 1411 4841 1622 4944; x_wconf 85' lang='lat' dir='ltr'>maximas</span> <span class='ocrx_word' id='word_1_235' title='bbox 1646 4839 1831 4982; x_wconf 89' lang='lat' dir='ltr'>copias,</span> <span class='ocrx_word' id='word_1_236' title='bbox 1854 4875 1984 4976; x_wconf 87' lang='lat' dir='ltr'>saepe</span> 
     </span>
    </p>
   </div>
   <div class='ocr_carea' id='block_1_4' title="bbox 1890 4977 1978 5082">
    <p class='ocr_par' dir='ltr' id='par_1_4' title="bbox 1890 4977 1978 5082">
     <span class='ocr_line' id='line_1_32' title="bbox 1890 4977 1978 5082; baseline -0.034 0"><span class='ocrx_word' id='word_1_237' title='bbox 1890 4977 1978 5082; x_wconf 92' lang='lat' dir='ltr'>for·</span> 
     </span>
    </p>
   </div>
   <div class='ocr_carea' id='block_1_5' title="bbox 0 0 2173 5986">
    <p class='ocr_par' dir='ltr' id='par_1_5' title="bbox 0 0 2173 5986">
     <span class='ocr_line' id='line_1_33' title="bbox 0 0 2173 5986; baseline 0 0"><span class='ocrx_word' id='word_1_238' title='bbox 0 0 2173 5986; x_wconf 95' lang='lat' dir='ltr'> </span> 
     </span>
    </p>
   </div>
  </div>
 </body>
</html>
