4294 5984
558 478 802 559 cauom
846 477 917 562 v.
950 481 1067 558 tiu.
1108 483 1200 558 111.
1526 482 1585 574 73

158 627 447 768 Sototnajor‚
483 630 732 774 legatontm
768 630 1119 733 Cordubensium
1155 629 1294 752 alter,
1331 625 1455 765 cujus
1491 632 1633 778 singu'

156 778 247 882 lare
278 779 476 880 studium
504 778 666 878 exstitit
697 813 844 878 terum
872 774 1099 895 omniurn,
1125 816 1239 917 quae
1265 778 1322 878 ad
1350 778 1521 882 bonun'r
1558 817 1632 923 pu*

157 921 329 1026 blitum
365 922 599 1065 pertinere·
617 921 869 1023 viderentur
884 997 900 1038 ,
938 954 981 1017 et
1017 919 1194 1061 egregia
1230 918 1278 1022 in
1314 961 1419 1046 eos,
1457 923 1538 1065 qui
1574 925 1630 1026 ad
1688 1043 1690 1048 ¹

156 1069 404 1170 concilium
448 1066 570 1166 missi
618 1060 826 1183 fuerant,
875 1059 1129 1163 liberalitas.
1177 1071 1277 1163 Nec
1323 1065 1443 1166 enim
1485 1068 1630 1172 solum

157 1195 328 1354 equites
389 1209 713 1354 quinquaginta
764 1209 1065 1348 ducentosque
1125 1207 1292 1349 pedites
1345 1211 1401 1311 ad
1454 1211 1632 1314 concilii

152 1354 427 1496 praesidium
473 1395 499 1453 a
541 1394 584 1452 se
628 1351 913 1472 conductos,
959 1353 1035 1451 sed
1080 1391 1235 1452 omnes
1283 1353 1418 1454 etiam
1465 1355 1632 1499 legatos

155 1521 279 1600 cum
303 1537 383 1599 suo
420 1535 647 1640 quemque
683 1494 902 1597 comitatu
939 1495 1025 1595 suis
1062 1497 1255 1636 expensis
1302 1495 1539 1600 liberaliter
1580 1542 1632 1602 a·

154 1641 268 1749 luit.
306 1642 477 1743 Placuit
513 1676 766 1784 praeterea,
803 1675 854 1740 ut
890 1639 1206 1740 tumultuantes
1236 1642 1446 1742 Castellae
1482 1645 1632 1746 civita·

158 1821 223 1886 tes
262 1783 330 1887 ab
375 1787 555 1928 incepto
591 1786 755 1888 cunctis
799 1782 1044 1885 rationibus
1082 1781 1437 1887 dehortarentur.
1477 1799 1632 1928 Itaque

153 1929 321 2032 litteris
356 1933 411 2031 ad
458 1966 731 2033 conventum
783 1927 1046 2067 popularem
1098 1969 1150 2026 er
1201 1931 1361 2030 eodem
1404 1933 1632 2058 Rtmblmsi

156 2074 355 2176 concilio
398 2073 569 2193 missis,
614 2106 801 2174 monent
844 2107 888 2169 et
930 2108 1011 2208 pro
1047 2105 1195 2170 vetere
1231 2072 1426 2172 amicitia
1467 2111 1512 2175 et
1548 2116 1631 2176 ne-

155 2217 423 2322 cessitudine
459 2252 649 2357 rogant,
685 2251 736 2315 ut
774 2255 799 2313 a
835 2213 1082 2355 pernicioso
1130 2215 1316 2314 consilio
1362 2217 1632 2361 inceptoque

156 2361 413 2482 desistant,
465 2399 575 2462 neve
628 2395 874 2501 paucorum
931 2356 1241 2459 seditiosorum
1292 2354 1530 2459 hominum
1589 2397 1634 2462 et

157 2540 310 2604 rerum
345 2541 567 2603 novatum
602 2502 870 2644 cupidontm
907 2541 1033 2602 suasu
1068 2499 1280 2639 impulsi,
1317 2541 1441 2600 suam
1477 2537 1521 2601 et
1555 2540 1633 2602 to·-

155 2647 250 2747 tius
285 2646 436 2787 Regni
471 2645 696 2786 publicam
733 2647 931 2787 quietem
967 2679 1010 2747 et
1044 2644 1406 2786 tranquillitatem
1449 2679 1634 2746 contur⁴

159 2787 294 2896 bentt
324 2822 495 2888 etcum
532 2789 679 2890 multis
715 2790 809 2889 aliis
844 2786 1005 2910 rebus,
1033 2827 1222 2932 quarum
1257 2799 1471 2921 jacturam
1507 2785 1635 2891 affet-

164 2971 212 3035 re
247 2932 387 3035 solent
437 2933 643 3035 intestina
688 2931 827 3054 bella,
874 2933 1051 3034 laudern
1096 2973 1278 3075 quoque
1326 2929 1544 3034 fidelitatis
1585 2933 1634 3038 in

160 3088 341 3220 Regem
377 3077 614 3200 amittant,
652 3119 741 3220 qua
776 3113 944 3179 veteres
979 3077 1205 3218 Hispanos
1241 3077 1394 3178 ceteris
1429 3069 1520 3175 fere
1555 3114 1635 3176 na·

160 3219 361 3322 tionibus
399 3224 659 3364 praestitisse
695 3257 897 3344 constet,
940 3221 1074 3322 saevis
1121 3220 1254 3321 etiam
1296 3218 1491 3363 imperiis
1531 3217 1636 3322 fidei

159 3366 308 3510 gratia
349 3366 570 3469 toleratis:
616 3407 750 3509 quarn
794 3376 1018 3500 majorum
1064 3365 1354 3469 constantiam
1398 3366 1527 3507 pium
1573 3363 1635 3463 si-

101 3513 107 3528 *
159 3509 260 3614 mul
295 3545 430 3654 atque
466 3507 700 3653 pulchrum
736 3510 791 3611 sit
828 3509 1061 3628 aemulati,
1097 3549 1178 3611 nec
1214 3509 1324 3610 velle
1366 3510 1514 3652 Regi,
1560 3503 1636 3608 cui

162 3693 315 3800 parere
361 3665 428 3787 jus
472 3648 624 3797 fasque
668 3655 752 3775 sit,
788 3655 903 3798 leges
941 3656 1207 3796 imponeret
1244 3655 1318 3756 sed
1363 3653 1511 3794 siquid
1555 3648 1635 3750 etit

161 3799 293 3942 quod
330 3797 455 3919 fieti,
492 3835 568 3899 aut
603 3799 702 3944 lege
737 3799 892 3902 sanciri
927 3799 983 3900 ad
1021 3796 1250 3938 publicum
1277 3797 1426 3933 Regni
1463 3792 1636 3895 bonum

156 3943 383 4084 pertinere
419 3944 618 4044 videatur
631 4022 646 4066 ,
689 3944 735 4046 id
770 3942 828 4044 ab
870 3943 970 4085 ipso
1014 3954 1140 4082 Rege
1183 3935 1468 4079 supplicibus.
1494 3935 1637 4040 verbis

151 4117 312 4228 petere
347 4121 389 4187 et
424 4127 528 4189 eum
565 4087 841 4191 observantia
878 4088 1006 4187 solita
1042 4082 1341 4222 comprecari.
1381 4091 1507 4182 Haec
1547 4078 1639 4221 igi-.-

165 4265 242 4330 tur
278 4228 345 4327 uti
379 4225 569 4350 faciant,
605 4232 661 4330 ad
697 4225 993 4370 officiumque
1029 4228 1237 4347 redeant,
1280 4267 1324 4326 se
1369 4225 1528 4325 iterum
1570 4253 1640 4321 at«.

155 4411 260 4514 que
297 4370 456 4473 iterum
490 4409 643 4515 rogare
678 4408 722 4472 et
759 4371 999 4492 obtestari,
1036 4411 1150 4513 quae
1186 4370 1222 4470 si
1257 4377 1317 4470 ab
1351 4368 1454 4512 ipsis
1492 4365 1639 4508 impe-

150 4515 405 4634 ·travcrint,
442 4517 740 4620 intercessores
767 4557 811 4617 se
838 4518 954 4656 apud
986 4515 1197 4618 Carolum
1223 4507 1348 4637 fore,
1373 4551 1424 4616 ut
1451 4511 1511 4613 eis
1547 4509 1641 4612 cul-

152 4695 249 4802 pas
291 4697 336 4796 et
377 4696 510 4762 errata
552 4660 782 4801 superioris
822 4661 1038 4802 temporis
1081 4661 1338 4770 condonet,
1379 4660 1447 4768 sin
1488 4653 1641 4758 homi*

159 4827 287 4908 uum
323 4773 634 4910 seditioslsun
668 4805 904 4911 temerariis
939 4803 1133 4910 consiliis
1179 4841 1361 4947 parere.
1403 4839 1454 4902 ac
1496 4801 1545 4905 in
1588 4833 1642 4898 eo
1752 4837 1756 4844 ’

248 4949 360 5060 Tum.
380 4957 419 5056 Ι.
1208 4954 1255 5057 K
1542 4979 1648 5088 petr·
