4294 5984
650 441 890 524 cauom
938 439 991 522 V.
1033 439 1150 520 LIB.
1188 439 1245 522 V.
1573 445 1659 540 147

232 602 317 714 Sed
350 597 500 708 multis
536 595 691 700 diebus
735 599 971 700 obsidione
1012 595 1273 722 sustentata,
1317 637 1606 747 posteaquam
1647 648 1699 708 o⁴

230 791 391 872 mnes,
427 745 621 850 maxime
666 745 844 864 Gallos,
886 737 1134 847 defensores
1169 784 1253 886 pro
1288 787 1365 848 sua
1400 785 1555 850 natura
1595 789 1699 852 mo-

231 935 305 1000 rae
342 893 540 996 taedium
575 925 774 1033 ceperat,
814 928 865 989 ac
908 889 1050 1031 pulvis
1086 894 1389 994 tormentarius
1430 934 1569 1031 paene
1609 933 1700 997 erat

232 1039 494 1160 exhaustus,
529 1037 630 1138 sine
658 1076 752 1178 quo
788 1069 1004 1135 tormenta
1039 1035 1277 1136 reddunurr
1312 1035 1509 1145 inutilias
1545 1043 1701 1144 condi-

232 1185 303 1286 tio
342 1185 509 1325 placere
544 1182 721 1322 coepit,
757 1179 1009 1322 praesertim
1047 1220 1123 1324 spe
1158 1179 1327 1282 sublata
1355 1181 1701 1288 Comestabilem

234 1365 281 1428 re
320 1323 484 1426 infecta
528 1327 843 1433 discessurum
886 1363 992 1424 nam
1027 1327 1083 1425 de
1118 1323 1278 1457 hujus,
1316 1363 1360 1426 et
1394 1325 1545 1426 Caroli
1581 1337 1700 1428 Cae-

232 1469 334 1570 saris
366 1469 597 1571 ·obstinato
632 1467 785 1568 animo
822 1468 1099 1607 exploratum
1134 1467 1382 1572 habebant.
1409 1481 1593 1612 Itaque,
1622 1513 1701 1574 eo-

231 1615 338 1716 dem
373 1622 503 1716 Petro
539 1647 747 1738 auctore,
782 1603 951 1712 facilius
987 1615 1121 1715 etiam
1157 1615 1319 1736 Gallis,
1356 1655 1510 1757 quam¹
1528 1625 1698 1719 Navar·
1819 1703 1822 1708 .

231 1757 291 1858 ris
328 1757 572 1898 persuasis,
609 1739 831 1899 oppidum
866 1756 998 1857 tertio
1022 1759 1238 1859 Kalendas
1275 1761 1457 1860 Martias
1493 1761 1699 1883 deditur,

229 1899 443 2002 omnibus
481 1901 785 2003 incolumitate
822 1901 952 2021 data,
979 1903 1304 2044 permissoque,
1327 1936 1381 2002 ut
1415 1904 1597 2025 armari,
1634 1947 1699 2008 ex·

229 2043 490 2186 plicarisque
527 2043 724 2160 vexillis,
761 2081 854 2182 quo
891 2043 1078 2182 quisque
1119 2047 1275 2163 vellet,
1311 2046 1605 2149 discederent.
1647 2061 1700 2156 In

229 2187 422 2329 digressu
464 2185 633 2328 equites
674 2183 938 2326 cataphracti
980 2223 1189 2305 centum,
1225 2227 1277 2285 ac
1318 2189 1510 2291 totidem
1553 2190 1700 2292 levio-
1763 2255 1765 2260 ·

228 2329 287 2431 ris
328 2365 601 2448 armaturae,
645 2369 758 2469 quos
804 2323 1171 2436 francharchieros
1213 2327 1381 2428 Gallica
1423 2335 1698 2435 consuetudo

227 2472 466 2590 nominat,
504 2473 671 2611 pedites
707 2471 826 2571 mille
863 2509 907 2571 et
924 2587 926 2594 Α
944 2471 1179 2614 quingenti
1215 2474 1458 2582 numerati3
1503 2475 1697 2614 oppido,

229 2651 282 2714 ac
325 2614 562 2753 oppidanis
608 2614 654 2714 in
699 2612 835 2715 fidem
879 2611 1099 2756 receptis,
1141 2612 1431 2717 bombardica
1474 2652 1697 2721 tormenta

233 2764 407 2888 majora
449 2757 740 2896 quadraginta
792 2793 959 2901 septem
1005 2795 1214 2901 reperta,
1257 2760 1519 2881 minorum,
1562 2797 1608 2860 at
1641 2801 1698 2863 ue

233 2900 563 3041 scloppetorum
598 2901 817 3002 maximus
852 2941 1088 3023 numerus,
1120 2901 1386 3045 globorum,
1422 2904 1583 3044 quibus
1609 2801 1698 3008 ier·

231 3042 346 3163 reis,
383 3081 460 3143 aut
502 3044 645 3145 aeneis
688 3043 955 3148 bombardae
996 3086 1076 3188 pro
1119 3048 1211 3149 telis
1257 3085 1480 3166 utuntur,
1527 3047 1697 3156 circiter

231 3186 435 3330 quinque
470 3188 639 3295 milliar
677 3190 751 3294 sed
784 3192 1062 3292 tormentarii
1098 3191 1287 3333 pulveris
1324 3194 1526 3332 quinque
1561 3193 1696 3293 dum·
1758 3229 1759 3232 ‘

231 3363 351 3431 taxat
392 3331 525 3451 cadi,
567 3332 731 3454 tritici,
773 3371 908 3476 atque
951 3335 1045 3436 vini
1081 3375 1246 3479 magna
1281 3335 1375 3446 visa
1410 3373 1544 3479 atque
1589 3334 1697 3440 haec

233 3474 419 3615 quidem
456 3477 504 3575 in
540 3475 758 3618 Hispania
793 3481 1063 3620 gerebantur.
1269 3589 1271 3594 ,

323 3631 383 3720 Χ.
471 3629 640 3721 Interea
675 3621 855 3724 Carolus
891 3633 1082 3758 Lanojus
1118 3623 1300 3765 Papiam
1341 3622 1575 3766 primum,
1615 3623 1696 3727 ubi

235 3757 326 3862 dies
368 3763 541 3904 aliquot
584 3763 808 3886 substitit,
851 3767 1041 3887 deinde,
1087 3775 1298 3908 Prospero
1338 3770 1562 3871 Columna
1602 3778 1696 3900 jam

234 3941 480 4008 extremum
519 3908 723 4050 spiritum
760 3911 966 4031 ducente,
994 3912 1305 4012 Mediolanum
1341 3950 1583 4052 progressus
1611 3947 1695 4032 est,

237 4080 283 4144 et
318 4053 439 4178 justis
476 4050 518 4150 ei
553 4048 776 4157 funeribus
812 4056 993 4175 solutis,
1030 4055 1264 4155 exercitum
1301 4095 1353 4153 ex
1395 4052 1601 4190 hybernis
1645 4095 1695 4154 e-

220 4191 431 4313 ducere,
476 4231 519 4294 et
562 4205 833 4319 Germanos,
876 4201 957 4342 qui
992 4239 1178 4300 numero
1213 4199 1270 4298 ad
1311 4237 1383 4298 sex
1430 4199 1568 4298 millia
1602 4209 1696 4331 jam

233 4333 318 4436 iter
348 4336 529 4478 ingressi
564 4340 906 4463 nuntiabantur,
929 4345 976 4442 in
1000 4345 1144 4446 castris
1174 4379 1411 4483 exspectare
1441 4345 1693 4446 constituit.

234 4477 471 4611 Adjunctis
489 4516 642 4582 autem
673 4494 949 4586 Venetorum
977 4488 1144 4628 copiis,
1174 4488 1334 4630 quibus
1371 4524 1563 4628 praeerat
1591 4505 1695 4592 Dux

233 4622 459 4744 Urbinas,
497 4663 541 4727 et
576 4630 804 4770 equitatu,
841 4632 921 4772 qui
956 4631 1198 4736 Clementis
1235 4633 1461 4734 Pontificis
1504 4634 1697 4736 Maximi

235 4805 377 4912 nuper
426 4772 475 4878 iu
524 4773 748 4878 demortui
793 4777 982 4882 Adriani
1030 4779 1178 4878 locum
1222 4777 1395 4877 suffecti
1434 4778 1695 4921 stipendiis,

1205 4927 1292 5024 Ta
1594 4959 1697 5022 curn
