4294 5972
611 462 858 546 CAROLI
903 463 957 545 V.
992 466 1110 545 LIB.
1143 469 1218 545 XI.
1527 473 1614 563 ,353

187 625 502 772 nuncupaturr
550 635 698 730 Petrus
741 640 929 744 Cueva,
977 635 1099 758 ejus,
1143 665 1257 767 quae
1310 623 1367 726 ab
1418 626 1649 730 Alcantara

186 810 354 875 nomen
391 773 584 912 accepit.
627 783 676 872 In
712 807 905 912 quorum
948 770 1202 910 principum
1247 775 1646 874 commemoratio-

182 957 263 1037 ne,
309 917 532 1060 perpaucis
567 915 785 1056 exceptis,
829 955 911 1016 nec
946 954 1126 1034 census,
1170 955 1251 1016 nec
1295 917 1516 1017 vetustatis
1551 918 1643 1018 cla-

181 1061 376 1162 ritatisve
411 1059 680 1162 familiarum
716 1055 942 1162 difficilem
979 1057 1114 1160 nobis.
1151 1060 1337 1200 quidem
1380 1061 1436 1160 ad
1476 1062 1640 1162 consti-

182 1207 395 1308 tuendum
436 1206 551 1306 inter
593 1204 832 1304 nonnullos
874 1204 1092 1304 rationem
1130 1242 1212 1305 aut
1254 1205 1459 1304 ordinem
1502 1207 1640 1308 secuti

181 1386 361 1460 summa
409 1351 485 1448 sed
527 1351 724 1490 ipsorum
758 1345 971 1468 nomina,
1004 1385 1138 1491 prout
1188 1349 1375 1490 quisque
1426 1347 1554 1450 nobis
1590 1351 1637 1453 in

181 1528 376 1594 mentem
413 1494 569 1617 venit,
610 1489 897 1635 digessimus,
933 1529 983 1592 ut
1018 1529 1236 1636 quantum
1271 1493 1322 1594 in
1354 1490 1484 1622 nobis
1519 1489 1638 1614 fuit,

178 1636 338 1737 ultimo
390 1636 492 1738 loco
540 1636 676 1778 positi
721 1634 949 1775 potuerint
999 1637 1112 1738 inter
1164 1638 1330 1778 primos
1380 1637 1634 1739 numerari.

178 1781 274 1902 Qui
308 1821 460 1884 omnes
496 1817 661 1922 magno
695 1778 850 1880 animo
888 1781 952 1878 sin
987 1781 1184 1921 ularique
1212 1782 1375 1883 ¹studio
1412 1801 1515 1882 cuni
1550 1781 1636 1881 suis

177 1923 366 2066 quisquc
413 1918 592 2023 familiis
642 1923 884 2062 gratuitum
921 1818 1126 2023 olseium
1152 1922 1248 2024 ‘hoc
1283 1924 1330 2026 in
1357 1924 1481 2026 bello
1517 1924 1634 2066 Regi

176 2065 529 2207 Imperatorique
572 2105 652 2165 suo
697 2065 1026 2205 praestiterunt.
1064 2066 1215 2166 'Multi
1258 2101 1475 2205 praeterea
1523 2077 1632 2170 Pro·

177 2247 325 2310 cerum
376 2209 710 2350 Hispanorum,
758 2206 919 2348 quibus
970 2208 1071 2349 ipsis
1124 2207 1335 2310 Carolum
1382 2209 1508 2349 sequi
1554 2250 1631 2350 per

136 2353 140 2363 ’
177 2391 393 2474 aetatem,
425 2389 501 2455 aut
536 2352 638 2456 alias
682 2353 935 2454 necessarias
983 2362 1169 2484 justasve
1215 2393 1358 2456 causas
1399 2391 1489 2450 non
1525 2352 1630 2453 lice·

176 2493 254 2598 bat
267 2575 283 2623 ,
326 2497 440 2598 filios
476 2537 614 2619 suos,
647 2534 722 2598 aut
757 2497 984 2639 proximos
1027 2535 1267 2639 quosque,
1306 2495 1377 2599 vel
1415 2533 1630 2638 cognatos

176 2681 257 2741 suo
292 2679 442 2742 sumtu
472 2682 577 2740 cum
610 2641 791 2743 militari
816 2641 1030 2742 comitatu
1068 2641 1278 2743 miserunt
1295 2665 1320 2740 '.·

247 2792 352 2889 XV.
426 2780 629 2887 Perfectis
673 2785 958 2925 deductisque
1001 2782 1246 2886 triremibus
1289 2782 1496 2886 Germani
1538 2780 1629 2884 mi*

175 2921 271 3026 lites
313 2927 481 3029 circiter
530 2966 636 3030 octo
680 2928 816 3028 millia
856 2929 904 3030 in
942 2928 1111 3030 Italiam
1166 2928 1374 3068 littusque
1416 2926 1627 3067 Ligustici

122 3157 123 3160 γ
173 3071 301 3171 maris
342 3075 398 3172 ad
441 3107 619 3212 portum
665 3082 816 3173 Lunae
862 3105 1185 3214 pervenerunt,
1220 3104 1264 3170 et
1312 3069 1359 3170 in
1395 3067 1461 3170 his
1496 3069 1628 3171 multi

174 3211 258 3313 viri
293 3213 592 3336 nobilissimi,
631 3255 828 3358 quorum
863 3215 1080 3358 principes
1111 3210 1291 3331 fuerunt
1329 3209 1628 3353 Christopho-

173 3394 244 3455 tus
285 3357 518 3478 Truches,
558 3366 755 3494 Joannes
805 3360 1137 3501 Marquardus‚
1181 3394 1226 3458 et
1268 3358 1377 3457 irem
1424 3365 1624 3494 Joannes

171 3499 549 3644 Rademburgus,
583 3500 694 3604 filius
729 3500 890 3604 nothus
927 3501 1132 3603 Bavariae
1168 3502 1345 3620 Ducis,
1386 3501 1464 3641 qui
1505 3498 1623 3600 ordi-

169 3679 245 3741 ncs
276 3643 524 3766 ducebant,
559 3682 636 3764 et,
681 3645 760 3786 qui
801 3645 939 3785 copiis
978 3643 1188 3748 omnibus
1222 3680 1447 3786 praeerat,
1485 3641 1623 3741 Maxi·

170 3786 371 3887 milianus
407 3786 761 3891 Eberestlrenius.
799 3801 1004 3932 Cumque
1028 3791 1235 3892 Italorum
1265 3822 1417 3888 coacta
1445 3821 1621 3905 manus,

169 3968 283 4069 quae
325 3971 511 4034 numero
552 3927 640 4034 fuit
675 3934 731 4034 ad
775 3934 974 4076 quinque
1009 3933 1182 4049 millia,
1225 3930 1274 4030 in
1308 3930 1513 4031 eumdem
1550 3926 1621 4028 lo-

169 4111 300 4194 cum,
336 4112 388 4175 ut
421 4111 527 4178 erat.
543 4084 687 4206 jussa,
722 4079 1022 4194 convenisset,
1059 4111 1266 4215 utrosque
1295 4067 1499 4173 Allonsus
1531 4079 1621 4172 Va·

170 4217 224 4316 sti
260 4217 493 4343 Marchio,
530 4220 911 4359 quemadmodum
949 4255 1038 4318 erar
1073 4219 1116 4317 ei
1160 4251 1443 4358 praeceptum
1474 4254 1501 4312 a
1530 4223 1643 4332 Ca-‚

168 4361 300 4484 rolo,
335 4360 383 4461 in
417 4401 546 4464 naves
582 4404 638 4463 eo
668 4399 838 4464 coactas
875 4362 1167 4503 imponendos
1198 4359 1395 4478 curavit,
1431 4395 1621 4496 namque

168 4503 314 4646 legens
343 4507 407 4606 ¹ad
442 4514 628 4611 Portum
672 4503 844 4611 Veteris
886 4506 1090 4608 Civitatis
1135 4504 1281 4648 primo
1322 4502 1504 4644 appulsu
1542 4502 1622 4601 de-

171 4641 324 4766 duxit,
342 4657 454 4790 ‘quo
492 4652 661 4756 Paulus
681 4644 882 4754 Pontifex'
917 4651 1176 4770 Maximus,
1212 4687 1316 4750 cum
1353 4684 1459 4747 esset
1492 4646 1546 4744 de
1580 4645 1623 4744 i-

171 4790 287 4930 psius
335 4829 469 4935 atque
523 4795 664 4898 classis
718 4796 910 4904 adventu
934 4796 1232 4935 cognitum,
1276 4789 1523 4933 processit3
1559 4787 1625 4888 ibi

244 4933 358 5034 Tom.
376 4947 410 5036 I.
1130 4949 1214 5073 Yy
1579 4969 1627 5028 e-
