4298 5980
560 451 799 558 cauom
848 449 903 534 V.
947 451 1063 533 ΜΒ.
1106 449 1218 536 VII.
1483 456 1570 546 223

7 683 9 698 =
143 614 378 726 nationum
427 607 586 716 habito
631 611 840 732 delectu,
884 649 974 714 non
1021 608 1230 754 Hispanis
1274 647 1481 756 parcere,
1524 603 1617 717 non

7 813 8 820 ¹
143 763 403 886 Germanis,
442 756 554 862 nihil
589 754 647 858 ab
672 753 832 858 Italicis
859 755 1201 878 Cardinalibus,
1240 758 1322 900 qui
1357 757 1484 860 rebus
1506 771 1619 862 Cae-

143 911 244 1014 saris
282 903 526 1025 favebant,
561 938 693 1044 atque
731 941 781 1002 ea
816 899 977 1002 fiducia
1012 899 1065 1001 in
1098 942 1242 1005 arcem
1279 941 1371 1003 nou
1408 899 1622 1050 confuge·

145 1092 280 1180 rant,
318 1049 568 1172 abstinere,
611 1046 807 1150 humana
851 1083 1008 1148 cuncta
1052 1083 1096 1147 ct
1140 1043 1291 1148 divina
1334 1049 1621 1190 permiscere,

149 1197 258 1301 fana'
299 1198 454 1300 omnia
501 1232 707 1333 sacraque
760 1229 863 1294 vasa
903 1227 982 1311 et,
1030 1191 1192 1334 quibus
1242 1193 1467 1296 Divorum
1522 1197 1623 1297 reli-

143 1343 282 1484 quiae
329 1335 694 1450 asservabantur,
737 1335 959 1477 diriperet
1002 1336 1187 1476 quidam
1237 1338 1372 1440 etiam
1427 1339 1622 1482 religiosi

145 1485 383 1604 homines,
412 1523 518 1585 cum
556 1521 606 1581 ea
643 1473 790 1580 verbis
826 1477 1118 1621 precibusque
1154 1477 1385 1585 defendere
1421 1523 1623 1588 conaren-

145 1663 256 1751 tur,
300 1631 358 1730 ad
405 1668 498 1730 aras
543 1624 746 1745 concisi,
788 1620 1144 1728 Lutheranorum
1191 1628 1419 1770 impietate
1468 1630 1516 1734 in
1558 1670 1620 1733 res

144 1773 433 1916 potissimum
490 1809 628 1872 sacras
688 1768 934 1873 saeviente.
999 1777 1163 1912 Neque
1214 1812 1320 1875 vero
1370 1771 1620 1916 parentibus

144 1919 429 2061 inventisque
464 1955 612 2035 auro,
648 1951 867 2053 argento,
903 1910 1135 2055 vasisque,
1172 1951 1217 2018 et
1252 1953 1394 2019 cetera
1430 1920 1619 2060 supelle-

149 2064 251 2166 ctile
296 2061 502 2164 contenti
548 2090 703 2178 eraut,
749 2058 829 2157 sed
880 2092 1032 2196 captos
1089 2059 1225 2160 etiam
1274 2064 1392 2164 cives
1435 2065 1621 2205 pecunia

112 2249 240 2352 ‘sese
275 2208 493 2308 redimere
529 2200 782 2344 cogebant.
831 2199 1034 2321 Quidam
1079 2203 1214 2304 ctiam
1256 2206 1432 2344 pessimi
1467 2204 1621 2309 homi-

147 2388 262 2470 nes,
300 2351 376 2450 sed
411 2347 544 2490 pauci
581 2347 793 2464 eosdem,
829 2380 880 2443 ut
916 2343 1152 2448 occultatas
1197 2385 1305 2488 opes
1346 2349 1592 2451 indicarent
1604 2427 1621 2472 ,

147 2493 386 2593 tormentis
436 2487 648 2593 adhibitis
695 2486 1049 2629 compellebant.
1106 2491 1359 2592 Cardinales
1416 2493 1621 2635 civesque

149 2635 387 2778 primarii,
424 2636 702 2778 inquorum
740 2634 897 2733 domos
933 2671 1098 2777 magna
1139 2631 1377 2736 hominum
1418 2637 1621 2739 multitu-

150 2783 213 2880 do
253 2773 546 2924 confugerat,
583 2777 791 2922 pactione
826 2773 941 2878 facta
977 2779 1210 2920 pretioque
1258 2780 1499 2882 constituto
1547 2782 1624 2882 mi·

149 2923 283 3052 lites,
320 2924 575 3070 praesertim
611 2922 868 3064 Hispanos,
904 2919 1223 3043 admittebant,
1262 2964 1394 3066 seque
1436 2927 1623 3028 domos-

151 3109 246 3210 que
296 3107 402 3171 cum
454 3069 583 3170 rebus
634 3065 845 3167 omnibus
893 3065 1204 3168 custodiendos
1256 3068 1316 3168 cis
1367 3069 1625 3172 committe-

150 3213 295 3325 bant3
338 3215 413 3314 sed
455 3250 730 3356 quamquam
772 3247 951 3353 accepta
992 3211 1180 3354 pecunia
1221 3213 1378 3314 milites
1424 3211 1625 3318 officium

148 3396 282 3462 suum
326 3356 448 3460 bona
490 3357 577 3460 fide
619 3353 939 3498 praestabant,
983 3390 1133 3458 tamen
1176 3392 1278 3498 post
1320 3358 1411 3460 dies
1452 3356 1623 3501 aliquot

146 3506 332 3608 eaedem
376 3505 543 3604 domus
587 3499 637 3602 vi
684 3537 955 3644 expugnatae
1005 3543 1032 3601 a
1075 3501 1306 3604 Germanis
1350 3501 1624 3646 diripieban-

150 3681 257 3770 tur,
294 3643 655 3792 indignantibus,
691 3651 818 3789 quod
858 3647 1042 3788 praedae
1069 3648 1271 3750 maxima
1306 3685 1404 3790 pars
1439 3648 1497 3746 ad
1532 3645 1624 3749 Hi.

149 3829 313 3933 spanos
344 3791 407 3896 ob
436 3794 636 3939 ipsorum
671 3802 891 3931 majorem
927 3791 1201 3938 diligentiam
1236 3827 1368 3933 atque
1403 3789 1624 3898 solertiam

146 3974 414 4078 pervenrsset
440 4019 450 4042 .

245 4093 359 4187 XIII.
453 4098 606 4226 Itaque
659 4079 872 4186 divinitus
922 4077 1093 4183 factum
1149 4121 1237 4182 esse
1293 4078 1512 4202 videtur,
1562 4076 1626 4180 ob
1771 4093 1772 4096 ‘

148 4261 329 4366 peccata
365 4265 409 4330 et
451 4229 607 4330 scelera
653 4225 930 4358 hominibus
954 4228 1162 4329 irascente
1207 4240 1308 4329 Deo
1326 4303 1352 4347 ‚-
1384 4262 1434 4327 ut
1478 4236 1628 4329 Roma

152 4367 362 4473 inusitata
398 4374 592 4516 quadarn
628 4369 799 4472 ratione
843 4409 1112 4514 caperetur,
1154 4372 1540 4516 diripereturque,
1583 4399 1628 4469 et

152 4515 284 4618 omni
310 4517 432 4618 clade
472 4517 576 4622 belli
607 4515 999 4661 calamitatumque
1026 4557 1186 4664 genere
1214 4541 1466 4622 vexaretur.
1509 4519 1629 4615 Tam

151 4659 362 4762 acerbam
409 4661 534 4763 enim
585 4659 879 4802 diteptionem
921 4705 1030 4767 mox
1073 4659 1245 4786 fames,
1287 4663 1447 4766 deinde
1491 4657 1627 4759 eriam

149 4803 286 4944 pestis
323 4805 578 4952 gravissima
613 4841 850 4910 consecuta
883 4844 984 4934 est,
1018 4843 1063 4914 et
1096 4810 1232 4952 longa
1265 4805 1462 4914 rm'litum
1496 4827 1625 5043 mpla

1533 5041 1537 5052 ,
1568 4978 1625 5044 o-
