4292 5984
455 453 458 461 ¹
514 569 517 574 ,
589 495 837 576 ennom
881 495 933 574 v.
976 494 1088 573 arn.
1129 498 1163 572 1.
1517 498 1572 586 33

145 689 227 776 ta,
276 651 356 799 qui
400 649 566 799 primus
609 694 710 798 post
755 655 924 755 cladem
967 652 1204 756 Arabicam
1246 663 1342 758 Rex
1388 661 1612 760 Navarrae

144 800 357 940 peculiari
393 800 522 902 titulo
559 794 646 902 fuit
689 797 953 940 appellatus.
997 809 1287 940 Quamquam
1328 799 1450 902 carim
1493 801 1611 941 prius

144 937 356 1082 Alfonsus
393 955 487 1046 Rex
527 941 761 1084 Legionis,
798 974 1099 1082 cognomento
1136 946 1377 1056 catholicus,
1414 983 1510 1044 eam
1545 984 1611 1048 re-

141 1086 328 1228 gionem
365 1126 391 1186 a
426 1087 640 1190 Saracenis
674 1118 917 1224 receperat,
953 1116 995 1184 et
1030 1122 1282 1186 successores
1318 1086 1607 1198 retinuerant;

141 1263 292 1330 tamen
330 1266 432 1370 post
476 1229 646 1370 aliquot
681 1267 821 1326 annos
858 1260 1082 1368 tantopere
1117 1241 1431 1329 Saracenorum
1465 1229 1611 1331 incur-

143 1373 344 1477 sionibus
380 1408 533 1473 vexata
568 1405 628 1472 est
661 1378 884 1488 Navarra,
920 1407 972 1470 ut
1007 1373 1126 1472 bona
1169 1414 1221 1472 ex
1263 1409 1387 1513 parte
1429 1374 1608 1475 amitte·-

144 1551 300 1636 retur,
336 1515 480 1616 donec
515 1510 712 1617 Enechus
749 1512 927 1628 Arista,
964 1513 1033 1612 vir
1069 1516 1222 1658 magni
1258 1515 1395 1618 animi
1430 1551 1473 1615 et
1509 1557 1608 1620 con·

146 1660 258 1780 silii,
306 1699 360 1760 ex
399 1655 668 1801 Biturigibus
718 1654 986 1798 Aquitaniae
1033 1658 1195 1762 Galliae
1241 1659 1288 1760 in
1334 1668 1607 1794 Pyrenaeum

144 1804 307 1923 venit,
360 1841 597 1945 coactaque
650 1839 787 1902 manu
841 1796 1197 1903 Christianorum
1244 1802 1293 1900 in
1339 1815 1605 1924 Saracenos,

145 1948 229 2086 qui
262 1947 312 2047 in
348 1956 551 2050 Navarra
587 1979 630 2046 et
667 1944 836 2045 circum
873 1984 940 2042 cas
976 1945 1169 2082 regiones
1206 1947 1510 2065 consederant,
1547 1948 1607 2050 in-

144 2090 363 2191 cursiones
398 2087 575 2210 facete,
610 2129 660 2188 ac
702 2086 866 2229 praelio
910 2086 1110 2186 lacessere
1146 2088 1321 2228 coepit.
1361 2088 1456 2204 Qui
1502 2130 1607 2192 cum

144 2234 321 2373 praeliis
360 2233 532 2374 aliquot
573 2232 767 2334 secundis
798 2225 919 2329 factis
958 2227 1102 2328 hostes
1143 2231 1246 2330 loco
1288 2232 1605 2353 submovisset,

143 2388 242 2480 Rex
277 2384 501 2476 Navarrae
536 2416 563 2475 a
599 2375 683 2474 suis
719 2372 957 2514 appellatus
992 2409 1078 2475 est.

247 2529 445 2620 XXXV.
538 2517 660 2618 Huic
706 2515 942 2618 demortuo
993 2515 1106 2616 filius
1159 2512 1331 2616 Garcias
1376 2517 1605 2628 successim

145 2660 330 2764 Garciae
358 2661 471 2762 filius
505 2699 687 2804 quoque
714 2661 933 2779 Sanctius,
970 2696 1275 2803 cognomento
1309 2663 1489 2781 Aberta,
1525 2662 1606 2802 qui

146 2804 401 2948 Aragoniae
437 2804 606 2908 bonam
642 2840 812 2947 partem
840 2803 1025 2945 recepit.
1062 2803 1348 2923 IsGarciam,
1385 2802 1605 2904 Tremulum

146 2985 482 3089 cognoment0,
518 2948 790 3092 procreavit.
829 2957 893 3048 Ex
928 2945 1016 3049 hoc
1052 2949 1239 3067 Garcia,
1276 2949 1356 3090 qui
1392 2983 1493 3078 post
1529 2986 1604 3087 pa-

149 3125 264 3192 trem
300 3095 531 3236 regnavit,
567 3093 824 3236 progenitus
860 3128 924 3190 est
958 3091 1187 3210 Sanctius,
1229 3090 1264 3190 is
1308 3091 1388 3231 qui
1437 3091 1616 3232 primus

146 3235 296 3378 Regio
334 3237 465 3338 titulo
501 3237 756 3338 Castellanis
793 3235 1095 3377 imperitavit,
1130 3272 1179 3336 ut
1213 3235 1465 3336 Ranimirus
1513 3243 1603 3366 ejus

91 3411 100 3434 ‘
151 3375 265 3479 lilius
301 3381 679 3524 Aragoncnsibus.
718 3379 810 3481 Hic
846 3380 967 3483 enim
1007 3379 1199 3483 Sanctius
1241 3391 1337 3482 Rex
1381 3386 1604 3482 Navarrae

150 3562 256 3624 cum
278 3524 523 3644 Geloiram,
554 3522 691 3626 filiam
719 3527 880 3626 Sanctii
906 3525 1097 3626 Comitis
1124 3524 1355 3644 Castellae,
1392 3525 1438 3623 in
1463 3520 1604 3622 matri·

149 3666 358 3770 monium
395 3670 613 3777 duxisset3
649 3668 807 3770 Garcia
835 3667 1036 3770 Geloirae
1056 3664 1205 3786 fratre,
1232 3671 1411 3771 Comitc
1440 3662 1602 3768 Castel-

149 3808 248 3931 lae,
285 3811 367 3952 qui
400 3813 575 3915 Sanctio
612 3812 727 3955 patri
762 3847 1037 3937 successerat,
1074 3855 1100 3912 a
1136 3811 1234 3912 liliis
1261 3812 1435 3951 Vigilat
1457 3805 1605 3908 Comi·

149 3953 210 4050 tis
259 3955 442 4077 occiso,
490 3958 722 4059 Castellum
772 3966 865 4092 jure
912 3958 1059 4058 uxoris
1102 3955 1365 4054 hereditario
1403 3952 1604 4092 adeptus,

150 4135 196 4194 se
234 4133 324 4197 non
359 4101 503 4200 solum
530 4109 784 4221 Navarrae,
821 4103 895 4202 sed
932 4101 1066 4200 etiam
1092 4094 1303 4196 Castellae
1328 4107 1501 4238 Regem
1536 4131 1606 4232 ap·

153 4235 304 4380 pellaci
340 4243 489 4371 jussit.
536 4244 736 4344 Moriens
778 4282 926 4344 autem
972 4280 1025 4338 ex
1072 4240 1241 4342 duobus
1276 4240 1374 4342 filiis
1416 4278 1469 4336 ex
1514 4245 1606 4336 Ge-

156 4381 291 4482 loirae
326 4385 613 4484 matrimonio
646 4384 852 4525 quaesitis
888 4382 1091 4484 Garciam
1135 4393 1349 4518 majorem
1385 4417 1490 4482 natu
1526 4392 1607 4483 Re·

157 4564 261 4668 gem
286 4531 504 4628 Navarrae
541 4563 583 4632 ct
617 4524 880 4632 Cantabriae
903 4541 1079 4629 Ducem
1113 4563 1374 4629 testamento
1409 4521 1608 4664 reliquit,

158 4669 429 4771 Fernandum
454 4672 660 4774 Castellae
684 4685 886 4812 Regem,
921 4671 1204 4772 Ranimirum
1236 4709 1384 4773 autem
1420 4665 1610 4770 nothum

157 4808 334 4931 filium,
375 4815 449 4914 sed
484 4856 537 4915 ex
581 4812 853 4918 nobilissima
898 4849 1038 4915 matre
1083 4814 1321 4957 genitum,
1357 4812 1612 4954 ¹Aragoniae
1650 4800 1656 4816 Χ

235 4960 344 5058 Tom.
374 4966 410 5060 Ι.
1167 4965 1203 5062 Ε
1489 4991 1617 5094 prae·
