4292 5984
539 431 682 507 XXXII.
1015 418 1515 497 suMMaRlum.

521 553 709 646 referunt.
746 550 969 670 Solymanus
996 547 1046 636 dc
1072 571 1226 662 receptu
1279 543 1393 634 fidem
1429 549 1581 666 recipit.

519 676 688 792 cogitat.
1337 667 1499 751 XXVII.
1559 668 1747 786 Georgius
1767 661 1989 751 Monachus

580 796 687 878 XXI.
746 792 859 876 bassa
903 783 1128 872 Nrcolizium
1187 782 1225 868 in
1277 783 1473 869 Fcrnando
1513 786 1608 901 Regi
1653 786 1693 870 in
1740 783 1988 899 suspicionem

521 941 589 997 sua
623 933 740 996 castra
771 928 911 1008 vocat,
936 928 975 989 et
1000 925 1226 1018 potestatem
1277 901 1382 987 venit
1411 930 1423 1005 3
1457 930 1574 1017 quare
1619 930 1707 988 eum
1739 964 1752 1007 ,
1783 903 1850 1018 qui
1891 899 1985 984 nibil
2137 899 2138 920 ¹

522 1028 589 1144 ipsi
619 1029 767 1140 suisque
808 1020 895 1107 facit
924 1049 1013 1104 cum
1043 1043 1146 1106 veste
1185 1041 1226 1104 et
1277 1018 1350 1104 tale
1370 1043 1600 1105 metuentem
1616 1018 1862 1124 interficiant,
1879 1018 1986 1132 quin·

521 1143 741 1350 gupeAEectile
771 1139 915 1255 oppido
954 1137 1083 1223 relicto
1117 1136 1226 1222 disce
1277 1163 1353 1249 que
1352 1135 1513 1340 Crpsrltqqgls
1548 1165 1653 1272 cum·
1666 1139 1816 1251 Joanne
1858 1135 1986 1252 bapti·

512 1292 598 1350 ·en
647 1326 658 1347 .
1277 1280 1333 1337 sta
1504 1285 1532 1340 o
1560 1279 1697 1340 mrttrt.

571 1383 694 1466 XXII.
752 1373 953 1462 NJcolizius
971 1372 1226 1459 concitionem
1337 1373 1513 1456 XXVIII.
1570 1374 1794 1486 Solymanus
1825 1370 1885 1456 illa
1931 1396 1985 1458 et·

520 1523 695 1604 recusat,
727 1519 767 1582 et
796 1492 921 1579 Ginzii
949 1492 1128 1578 ditionem
1149 1518 1227 1604 per3
1277 1487 1351 1572 iam
1391 1490 1440 1576 de
1470 1518 1581 1574 causa
1619 1491 1779 1576 domum
1820 1489 1887 1574 sbi
1933 1518 1984 1574 te·
2138 1543 2139 1594 ,

520 1641 674 1732 petuam
721 1611 787 1698 sibi
844 1610 999 1696 tandem
1044 1639 1068 1692 a
1115 1613 1227 1694 bassa
1279 1605 1474 1693 dcundum
1500 1632 1662 1714 censet,
1691 1606 1872 1722 quoniam
1905 1609 1984 1691 An·

520 1735 752 1850 propositam
776 1727 913 1836 reiicit.
1272 1722 1382 1809 dteas
1412 1724 1530 1810 Dotia
1572 1725 1610 1810 ln
1652 1724 1850 1810 Graeciam
1894 1752 1983 1811 cum

564 1854 701 1936 XXIII.
748 1846 984 1932 Abrahamus
1002 1903 1015 1948 ,
1031 1866 1076 1928 ut
1098 1841 1226 1929 omnia
1275 1839 1386 1926 classe
1414 1867 1665 1955 processerat.

518 1967 698 2052 anricitiae
742 1961 902 2048 tribune
930 1961 1127 2066 videatur,
1159 1989 1224 2074 po
1335 1959 1478 2045 XXIX
1536 1966 1570 2044 Is
1587 1961 1697 2096 igitur
1711 1963 1885 2048 Messana
1913 1958 1982 2046 sol

519 2107 658 2170 stremo
695 2082 783 2166 loco
817 2075 1040 2163 Nrcolizium
1087 2101 1222 2194 rogat,
1275 2072 1369 2182 vit,
1401 2103 1441 2163 ct
1471 2105 1654 2164 onerarias
1685 2107 1799 2165 naves
1841 2101 1982 2192 tempe·

517 2226 563 2288 ut
583 2230 714 2319 aegros
729 2196 899 2314 longiore
923 2193 1119 2282 intervallo
1128 2200 1222 2280 Tur·
1275 2213 1369 2278 state
1415 2195 1591 2311 dispersas
1647 2196 1698 2284 ud
1739 2194 1982 2310 Zacynthum

515 2345 644 2404 carum
682 2339 801 2402 castra
844 2337 1039 2428 sequentes
1071 2313 1121 2398 ab
1164 2312 1219 2398 in·
1273 2335 1484 2425 exspectat.

514 2431 610 2550 iuriis
638 2434 840 2520 incolumes
866 2453 1064 2546 protegat.
1332 2431 1461 2516 XXX
1517 2432 1612 2518 lnde
1653 2428 1843 2546 profectus
1887 2456 1975 2543 por-
2139 2503 2140 2508 ι

563 2555 705 2638 XXIV.
764 2551 851 2632 Hac
874 2545 1091 2631 conditione
1102 2546 1153 2631 ab
1173 2575 1221 2634 eo
1272 2566 1355 2629 tum
1386 2548 1620 2665 Sapimtiam
1664 2547 1714 2634 ad
1758 2547 1980 2663 Spbragiam

516 2693 694 2782 accepta,
709 2671 821 2751 bassa
842 2661 953 2748 motis
972 2664 1094 2749 castris
1109 2664 1221 2750 disce·
1272 2659 1427 2749 insulam
1459 2666 1589 2780 capit,
1619 2688 1659 2750 ct
1700 2664 1748 2751 de
1778 2665 1975 2751 communi

516 2787 573 2872 dit
601 2809 737 2869 cuncta
763 2782 837 2867 late
859 2775 957 2865 ferro
972 2841 985 2885 ,
1000 2803 1115 2896 atque
1134 2782 1221 2898 igne
1273 2777 1544 2894 praefectorum
1580 2781 1734 2868 consilio
1781 2775 1980 2870 Coroncm

514 2903 735 2990 devastans.
766 2898 1015 3011 solymanus,
1032 2921 1076 2983 ut
1109 2895 1221 3015 fugae
1275 2925 1496 3014 oppugnare
1516 2901 1728 2987 constiutit.

514 3019 706 3107 consilium
735 3015 927 3122 occultet,
948 3039 1093 3131 partem
1121 3017 1220 3131 equi·
1333 3017 1477 3103 XXXI.
1537 3017 1694 3131 Hispani
1725 3037 1764 3101 et
1793 3013 1873 3100 Itali
1915 3017 1983 3102 mi·

514 3139 663 3227 cumin
705 3133 891 3222 Acutriam
933 3133 1135 3248 procedere
1165 3135 1216 3247 ju·
1272 3128 1352 3216 lites
1380 3135 1430 3220 ad
1469 3135 1549 3220 duo
1585 3135 1694 3219 millia
1734 3133 1890 3247 expositi
1941 3134 1979 3220 si
2140 3166 2141 3184 ι

514 3257 581 3342 bct
614 3281 694 3361 ,et
723 3249 990 3338 incursionibus
1025 3279 1134 3366 agros
1165 3251 1220 3335 in·
1272 3275 1355 3334 tum
1383 3251 1530 3367 locique
1559 3277 1732 3338 nattuam
1758 3250 1979 3364 explorant.

514 3370 685 3474 forare3
716 3372 792 3485 ipse
827 3398 915 3453 cum
945 3367 1089 3482 reliquo
1120 3397 1220 3453 exer-
1273 3367 1454 3454 Oneraria
1497 3368 1662 3454 hostium
1719 3365 1824 3453 navis
1881 3367 1981 3454 intra

515 3489 595 3576 citu
645 3489 803 3574 domum
851 3484 992 3602 magnis
1033 3483 1219 3572 itineribus
1273 3509 1427 3598 portum
1454 3515 1478 3570 a
1504 3487 1644 3573 Doriae
1689 3483 1862 3572 militibus
1894 3486 1983 3574 diri·

516 3605 739 3695 contendit.
1273 3600 1392 3716 pitut.

576 3726 705 3809 XXV.
763 3719 921 3807 Carolus
951 3723 1117 3826 Caesar,
1135 3749 1220 3809 con·
1334 3722 1494 3806 XXXII.
1552 3721 1679 3808 Rebus
1702 3722 1753 3807 ad
1785 3749 1982 3840 oppugna·
2049 3727 2053 3736 '

515 3842 595 3928 ciso
625 3847 834 3926 Turcarum
859 3837 1056 3955 equitatu,
1072 3868 1136 3923 eos
1163 3835 1220 3924 fia·
1275 3836 1418 3924 tionem
1446 3840 1667 3953 comparatis
1693 3862 1859 3954 quatuor
1887 3869 1980 3954 pon·

518 3959 659 4077 gientes
689 3956 858 4074 persequi
888 3985 910 4041 e
940 3984 982 4041 re
1014 3950 1096 4040 fore
1139 3985 1219 4043 non
1275 3955 1392 4040 resin
1424 3958 1581 4044 navibus
1595 3955 1819 4044 fabricantur
1834 4018 1847 4063 ,
1863 3981 1981 4073 atque

517 4077 723 4164 existimat.
1275 4071 1315 4157 in
1361 4100 1526 4190 quatuor
1568 4076 1820 4162 onerariarum
1866 4075 1981 4161 maari-

579 4195 725 4280 XXVI.
785 4191 948 4303 Joannes
989 4192 1160 4306 Sepusius
1198 4221 1221 4279 e
1277 4218 1356 4276 mas
1386 4192 1611 4306 imponunt,
1639 4219 1683 4279 ut
1710 4190 1889 4307 pontibus
1918 4224 1978 4278 su·

519 4311 597 4400 vita
640 4305 829 4396 discedens
881 4307 998 4391 filium
1042 4307 1221 4396 infantem
1274 4337 1343 4422 pra
1373 4339 1522 4402 murum
1553 4310 1712 4397 demissis
1735 4309 1867 4395 milites
1895 4340 1976 4424 pos

519 4429 693 4542 relinquit
733 4489 745 4533 ‚
792 4425 975 4511 tutoribus
1021 4449 1140 4512 matre
1183 4452 1223 4514 et
1275 4427 1349 4513 sint
1376 4427 1497 4540 ipsum
1522 4457 1725 4541 occupare.

518 4545 690 4660 Georgio
747 4542 945 4628 Monacho
997 4565 1223 4630 testamento
1334 4545 1508 4628 XXXIII.
1568 4545 1698 4632 Nostri
1738 4545 1840 4632 scalis
1870 4543 1977 4659 appli-

520 4662 679 4776 scriptis.
710 4660 812 4744 Cum
842 4659 898 4744 his
932 4654 1084 4768 foedere
1122 4655 1222 4744 facto
1275 4659 1363 4743 catis
1392 4691 1541 4748 murum
1575 4665 1774 4750 subeuntes
1817 4661 1981 4749 celeriter

518 4781 733 4870 fernandus
759 4782 841 4866 Rex
869 4805 1027 4895 puerum
1054 4774 1223 4866 insuam
1275 4777 1406 4894 oppidi
1450 4779 1611 4897 priorem
1666 4807 1811 4902 partem
1872 4809 1979 4867 occu·

1863 4923 1976 5013 pant,
