4326 5986
607 458 852 545 cultori
894 458 948 542 V.
995 462 1110 542 LIB.
1147 461 1241 543 xl1.
1459 537 1462 546 Δ
1519 441 1601 552 381

184 662 265 768 per·
294 621 586 766 exploratores
621 616 805 762 cognito
842 615 1079 735 advolant,
1107 610 1317 758 factoque
1354 614 1532 760 impetu
1555 662 1649 726 non

185 767 454 913 pabulatores
490 763 662 882 modo,
702 762 776 861 sed
820 759 1089 900 praesidium
1130 760 1265 861 etiarn
1307 763 1571 866 conturbant
1608 802 1649 870 et

185 945 369 1056 urgent3
410 909 473 1010 ita
508 942 559 1007 ut
596 905 643 1008 in
679 904 969 1005 munitiorem
1006 907 1247 1045 quemdam
1283 905 1433 1007 locum
1453 911 1650 1013 Alarcon

187 1097 232 1157 se
267 1091 455 1196 recipere
490 1071 750 1192 cogeretur,
796 1088 890 1188 quo
919 1083 1062 1189 posset
1089 1047 1295 1150 hostilem
1319 1050 1541 1190 impetum
1574 1095 1648 1154 su‹

187 1199 369 1299 stinere.
418 1205 525 1296 Hoc
572 1193 777 1295 nuntiato
822 1192 1050 1316 Carolus,
1091 1191 1355 1332 quibusdam
1400 1207 1648 1297 Germano-

187 1379 289 1443 rum
337 1340 724 1482 Hispanorumque
769 1332 1025 1437 cohortibus
1073 1377 1117 1436 se
1160 1334 1367 1476 subsequi
1410 1339 1533 1470 jussis
1565 1419 1579 1460 ,
1614 1341 1650 1440 i-

188 1525 264 1628 pse
298 1525 402 1586 cum
439 1482 638 1624 equitatu
674 1478 931 1597 accurrit,a
969 1518 1062 1619 qno
1099 1479 1259 1621 repulsi
1292 1478 1469 1603 hostes,
1496 1483 1544 1584 in
1579 1477 1648 1586 fu-

190 1669 384 1772 gamque
427 1627 645 1761 conjecti.
696 1636 904 1726 Ceterum
947 1661 1050 1723 cum
1100 1623 1307 1725 exercitus
1358 1625 1492 1728 eriam
1534 1667 1652 1729 nunc

189 1771 476 1914 pabulatione
512 1803 809 1912 premeretur,
829 1800 988 1906 quarto
1024 1775 1177 1866 Nonas
1215 1768 1353 1902 Julias
1388 1809 1492 1871 cum
1534 1768 1652 1872 bona

191 1917 421 2059 copiarum
439 2041 441 2046 ,
458 1949 580 2057 parte
592 1991 609 2034 ,
640 1953 691 2014 ac
726 1909 931 2050 expedito
978 1909 1175 2051 equitatu
1226 1915 1464 2014 Femandus
1515 1914 1653 2014 Tole-

191 2097 258 2162 tus
295 2073 397 2162 Dux
433 2058 627 2161 Albanus
661 2056 719 2156 ad
754 2055 876 2154 vicos
912 2088 956 2153 er
991 2092 1161 2194 pagos,
1194 2059 1507 2158 Promontorio
1543 2070 1652 2160 Car·

191 2200 382 2344 rhaginis
417 2202 684 2333 adjacentes,
724 2195 935 2340 pabulum
973 2199 1149 2336 petendi
1183 2197 1324 2339 gratia
1366 2200 1519 2301 missus
1555 2237 1654 2321 est,

194 2347 276 2488 qui
323 2384 536 2487 magnum
578 2342 770 2445 hostium
810 2379 1043 2443 numerum
1086 2342 1133 2442 in
1168 2339 1441 2476 pabulatores
1483 2346 1650 2448 cunctis

192 2530 244 2592 ex
280 2491 477 2630 partibus
512 2520 839 2628 procurrentem
872 2486 1098 2626 repressit.
1135 2486 1216 2586 Sed
1252 2487 1406 2587 nostris
1434 2526 1537 2590 cum
1567 2527 1655 2588 ma·

194 2672 282 2775 gna
318 2674 413 2736 non
449 2632 601 2773 pabuli
637 2666 846 2749 tantum,
886 2631 959 2729 sed
994 2625 1206 2730 frumenri
1243 2628 1377 2730 etiam
1420 2633 1551 2772 copia
1587 2671 1655 2732 re-

196 2773 437 2876 deuntibus
495 2781 695 2894 Turcae,
736 2773 817 2912 qui
857 2773 1063 2875 Goletam
1104 2770 1372 2892 tuebantur,
1404 2773 1493 2878 sive
1535 2775 1655 2876 invi·
1731 2897 1745 2922 .

199 2953 319 3019 tante
357 2917 617 3039 occasione,
652 2917 776 3058 quod
812 2913 932 3016 bona
968 2956 1066 3057 pars
1101 2915 1332 3058 copiarum
1368 2914 1653 3058 pabulandia

197 3061 376 3180 castris,
411 3096 455 3161 et
489 3060 731 3162 triremium
767 3060 1024 3203 lignationis
1060 3059 1410 3199 munitionisque
1445 3100 1571 3160 causa
1595 3058 1654 3162 ab

196 3204 385 3305 statione
422 3205 706 3322 discesserat,
756 3204 847 3306 sive
888 3201 1063 3304 duobus
1104 3203 1275 3345 praeliis
1325 3201 1652 3345 superioribus,

196 3386 310 3489 quae
346 3350 532 3449 secunda
569 3347 651 3447 sibi
686 3342 834 3450 fecisse
869 3345 1156 3466 videbantur,
1189 3347 1289 3448 elati
1325 3387 1466 3449 rursus
1502 3387 1651 3460 erum-

194 3529 308 3634 punt
344 3493 451 3594 duce
486 3491 669 3590 Hadino
704 3490 846 3591 nobili
884 3493 1102 3628 praedone
1136 3491 1310 3634 (vulgo
1337 3495 1649 3592 Catcr'adr‘abolum

196 3631 509 3776 appellabant)
545 3635 623 3776 qui
670 3634 817 3773 paucis
863 3632 946 3732 illis
991 3633 1143 3736 diebus
1190 3677 1241 3738 ex
1283 3634 1497 3777 Hippone
1543 3671 1647 3738 cum

194 3779 353 3888 Turris
387 3779 444 3879 ad
479 3777 779 3920 quadrigentis
813 3777 1043 3880 adveniens
1078 3776 1274 3879 hostium
1309 3814 1358 3876 ut
1393 3814 1646 3899 numerum,

194 3920 351 4024 itidem
386 3921 586 4025 animum
620 3922 882 4042 adauxerat,
913 3958 958 4023 et
992 3960 1158 4063 magno
1184 3919 1357 4060 impetu
1388 3921 1647 4064 magnisque

196 4063 353 4164 animis
393 4067 443 4167 in
477 4101 699 4170 veteranas
741 4067 1048 4209 Hispanorum
1086 4063 1330 4186 cohortes,
1370 4104 1482 4208 quae
1524 4063 1647 4167 vallis

195 4208 412 4348 praesidio
446 4246 602 4330 erant,
646 4244 928 4353 procurrunt.

195 4489 199 4498 '
269 4360 392 4453 XIV.
464 4355 548 4476 Sed
593 4354 783 4496 Hispani
822 4391 919 4455 tum
954 4355 1083 4457 insita
1124 4354 1284 4457 virmre
1321 4390 1364 4456 et
1412 4390 1646 4457 consuetu«

196 4492 301 4596 dine
338 4495 517 4638 pristina
553 4498 661 4620 usi,
700 4535 795 4600 tum
831 4534 880 4598 ut
917 4499 1106 4600 delerent
1146 4538 1244 4601 eam
1279 4499 1469 4620 labem,
1514 4534 1650 4638 quam

195 4677 332 4778 nuper
367 4637 424 4742 ab
459 4639 526 4762 bis
562 4645 616 4753 de
650 4642 893 4783 improviso
935 4643 1098 4744 adortis
1133 4644 1359 4784 paululum
1394 4642 1553 4782 repulsi
1579 4679 1650 4738 ac-

197 4783 354 4921 cepisse
389 4783 650 4892 videbantur
662 4861 678 4907 ,
717 4780 959 4890 fortissime
988 4821 1329 4929 repugnarunt,
1362 4823 1442 4888 nec
1481 4782 1652 4886 hostem

1555 4961 1653 5026 mo-
