4284 5982
523 375 945 462 rrsruroumrr
978 373 1216 462 stoma·
1530 414 1577 479 ιι
1674 330 1680 346 ’

157 519 255 608 mine
275 539 313 604 et
341 511 508 612 ratione,
536 519 627 618 quin
655 515 763 596 etde
792 517 904 594 modo
933 519 1031 596 illius
1059 513 1296 611 scribendae,
1323 515 1542 606 existimavit
1571 555 1608 610 sc

159 632 350 709 veritatem
386 624 495 704 fuisse
527 641 759 713 assecutum,
786 621 919 720 reliqui
943 645 1031 699 vero
1062 622 1164 702 docti
1191 624 1287 700 inter
1312 648 1351 704 se
1380 627 1606 729 dissentiunt,

155 735 345 820 Narseus,
372 725 598 818 Resendius,
629 725 795 804 Didacus
809 724 1080 804 Covarrubias:
1110 728 1386 826 planiusautem
1409 731 1455 810 de
1482 759 1524 814 ea
1539 735 1610 814 dis-

155 858 300 916 seruere
326 830 530 932 Stephanus
561 829 773 930 Garibayus
789 881 800 920 ,
816 829 1035 906 Ambrosius
1060 831 1218 910 Motales
1233 833 1389 922 ,Caesar
1417 837 1527 918 card,
1543 843 1609 918 ΒΕ.

155 942 311 1032 tonius,
339 938 496 1038 Joannes
524 935 692 1012 Matiana
724 953 844 1010 noster
879 955 960 1030 post
990 936 1161 1012 Faustum
1188 933 1609 1037 eregiensem,1sido·

157 1067 269 1135 tum,
302 1063 340 1118 er
365 1041 606 1116 Hincmatum
633 1033 967 1136 Archiepiscopum
991 1034 1234 1118 Rhemensem
1250 1042 1278 1136 ,(
1299 1041 1408 1118 mitto
1435 1044 1610 1128 alienosa

157 1146 245 1226 fide
272 1142 494 1234 Catholica,
526 1143 593 1240 qui
619 1138 759 1220 dehoc
786 1138 1036 1237 scripserunt)
1061 1141 1145 1218 ideo
1166 1141 1361 1243 legendum
1383 1166 1475 1246 puto
1503 1153 1606 1249 quod
1695 1193 1697 1198 ·

156 1251 307 1336 ‚Garsras
330 1248 476 1346 loaysa
503 1246 541 1320 in
567 1243 787 1322 collectione
818 1243 1071 1320 Concilimum
1096 1247 1378 1344 Hispanirotum
1414 1254 1538 1330 attulit
1563 1255 1610 1334 de

156 1354 260 1432 'Aera
287 1353 445 1428 innotis
476 1349 521 1427 ad
554 1347 766 1426 Concilium
810 1346 1098 1440 Elibetitanum,
1132 1373 1227 1450 quae
1256 1372 1323 1448 pto
1352 1358 1611 1452 supputatione

160 1479 338 1534 annorum
368 1453 433 1530 diu
455 1450 529 1529 fuit
550 1450 649 1550 apud
673 1450 822 1529 Latinos
854 1470 1034 1551 usurpata.
1056 1451 1115 1530 Sic
1137 1453 1234 1529 enim
1260 1455 1353 1531 inter
1373 1457 1440 1533 alia
1462 1461 1611 1541 scribit:

161 1561 303 1638 Omnes
312 1558 532 1658 figmentum
551 1555 706 1634 Genesii
731 1559 813 1632 viri
838 1552 939 1632 doctr·
963 1555 1117 1633 rident:
1140 1557 1185 1631 de
1200 1559 1411 1658 aliisyinter
1432 1585 1473 1638 se
1494 1564 1612 1640 dissi-

163 1664 265 1740 denr.
290 1664 486 1758 Superata
503 1661 761 1734 Natiuitatis
775 1680 908 1732 aunum
933 1664 1207 1756 trigintaocto
1232 1667 1344 1738 annis
1359 1663 1508 1744 Aetam
1533 1669 1612 1750 sine

163 1767 409 1848 controversia
439 1761 650 1856 affirmant,
679 1778 834 1859 excepto
848 1765 1034 1858 Episcopo
1051 1762 1285 1842 Geruodensi
1297 1769 1395 1859 ,&c.

214 1975 318 2053 NIC.
349 1971 623 2051 ANTONIUS
647 1971 795 2068 loquens
822 1969 868 2046 de
884 1970 1028 2048 Barth.
1045 1966 1091 2045 de
1117 1969 1181 2048 las
1194 1968 1345 2066 Casas,
1360 1972 1468 2054 Bibl.
1484 1977 1611 2075 Hirp.

162 2101 282 2159 nouae
304 2093 335 2156 r.
365 2101 397 2156 1.
421 2096 461 2172 p.
490 2095 577 2174 149.

239 2182 390 2258 Summo
420 2181 653 2273 eruditione,
688 2175 853 2258 doctrim
880 2201 923 2258 ac
945 2175 1176 2280 eloquentia,
1190 2175 1271 2260 vieo
1294 2179 1356 2282 Jo.
1369 2181 1530 2272 Genesio
1544 2182 1612 2273 Sea

162 2285 341 2385 pulvedae
367 2284 612 2364 Cordubensi.

215 2491 293 2592 Jo.
328 2493 488 2570 HENR.
532 2484 827 2570 BOECLERUS
863 2493 904 2568 in
942 2487 1136 2593 Bibliogr.
1178 2493 1330 2570 critica
1367 2485 1460 2569 edit.
1491 2489 1609 2590 lips.

157 2605 387 2776 paghgrggii
414 2721 565 2800 quoque
591 2694 812 2797 Sepulvedae
839 2715 946 2777 notae
971 2697 1041 2797 (in
1054 2692 1609 2790 Aristot.voliuc.)ce1ebtio·.

161 2821 219 2878 tes
243 2799 364 2895 forte,
395 2826 507 2903 quam
530 2803 768 2881 accuratiores
796 2821 895 2878 sunt.

219 3006 465 3108 JQANNES
485 3010 555 3090 DE
585 3007 910 3088 SOLORZANO
931 3001 1150 3090 PEREIRA
1175 3019 1261 3090 rom.
1292 3031 1326 3090 1.
1352 3005 1613 3095 deiudicetur

154 3110 251 3213 jure
278 3115 347 3194 lib.
381 3138 416 3193 2.
448 3131 533 3208 cap.
571 3137 603 3190 1.
629 3139 722 3190 num.
751 3133 812 3215 23.
838 3112 898 3190 28.
921 3127 960 3190 et
987 3133 1049 3200 29.

244 3215 446 3316 Sumtaque
478 3213 567 3294 hinc
597 3219 787 3295 occasione
811 3214 1135 3315 (Bartholomaeus
1163 3211 1327 3310 Casas),
1351 3239 1388 3294 et
1415 3233 1457 3292 ut
1486 3216 1615 3316 apolo-

163 3321 239 3420 giis
269 3319 527 3420 responderet,
558 3343 649 3418 quas
680 3321 808 3396 eodem
828 3339 990 3419 tempore
1015 3321 1122 3422 Joan.
1143 3320 1276 3396 (lenes.
1292 3319 1494 3418 Sepulveda
1520 3341 1615 3398 con-r

162 3440 220 3500 tra
249 3423 389 3523 aliquas
412 3421 488 3520 ejus
503 3423 767 3522 propositiones
789 3423 1044 3524 evulgaverat,
1068 3422 1179 3499 libros
1202 3421 1379 3522 quosdam
1405 3425 1617 3522 scripsit...

160 3524 377 3605 Praedicrus
407 3527 517 3602 etiam
547 3525 653 3626 joan.
682 3527 858 3606 Genesius
893 3523 939 3604 de
964 3521 1366 3626 Sepulveda....qoi,
1396 3547 1438 3604 ut
1472 3545 1615 3624 praeter

160 3629 255 3706 alios
290 3628 402 3709 refert
426 3628 517 3706 Ant.
554 3627 769 3708 Possevinus
804 3634 844 3705 in
877 3630 1091 3725 Appararu
1121 3652 1156 3705 1.
1182 3645 1269 3706 tom.
1288 3649 1382 3728 pag.
1407 3628 1492 3708 880.
1518 3628 1617 3704 Cot-

162 3731 338 3810 dubensis
378 3731 476 3821 fuit,
503 3728 731 3832 Theologiae
756 3751 793 3811 et
826 3730 1002 3810 bonarum
1034 3733 1238 3810 litteratum
1280 3733 1439 3831 impense
1474 3729 1617 3822 doctos,

164 3859 210 3914 ac
233 3834 359 3911 Caroli
385 3836 435 3913 V.
458 3835 589 3934 Imper.
614 3837 832 3914 Hisroticus.
857 3837 931 3914 ilic
959 3859 1068 3912 annos
1096 3835 1158 3912 81.
1185 3835 1350 3926 caelebs,
1379 3853 1416 3910 et
1440 3834 1478 3906 in
1498 3831 1618 3908 diver·

106 3966 110 3972 ·
164 3939 218 4014 sis
242 3937 372 4014 studiis
401 3958 589 4029 versatus,
616 3938 808 4030 insumsit,
838 3958 875 4018 et
899 3938 994 4016 obiit
1021 3962 1114 4016 anno
1148 3959 1261 4036 1571.
1286 3936 1447 4034 sepultus
1475 3936 1514 4010 in
1541 3935 1620 4014 Pu÷

164 4039 309 4118 taibani
338 4042 535 4140 municipii
571 4039 659 4118 aede
694 4045 849 4120 maxima
881 4065 994 4142 prope
1021 4039 1268 4131 Cordubam,
1302 4058 1339 4116 et
1375 4037 1474 4116 vatia
1508 4061 1619 4137 opera

163 4143 344 4239 scripsit.
375 4167 469 4242 qvae
503 4167 591 4221 cunt
626 4148 776 4242 sparsim
819 4147 928 4226 variis
971 4142 1195 4239 temporibus
1222 4139 1370 4220 fuissent
1397 4165 1417 4216 a
1440 4159 1622 4242 typogra-

158 4241 254 4346 ¹phIs
283 4247 481 4348 evulgata,
515 4244 664 4324 demum
689 4249 735 4323 ab
756 4246 925 4324 Arnoldo
950 4246 1078 4344 Mylio
1105 4246 1338 4342 conquisita,
1365 4244 1472 4320 simul
1497 4243 1535 4318 ln
1560 4243 1636 4330 lua=

161 4371 251 4432 cern
275 4347 372 4424 edita
393 4367 478 4426 sunt
506 4348 545 4422 in
572 4345 724 4426 officina
753 4350 956 4446 Bitmanica
982 4347 1159 4426 Coloniae
1181 4371 1275 4424 anno
1302 4357 1412 4426 1602.

242 4451 290 4526 Er
321 4451 416 4526 inter
450 4449 618 4546 reliqua,
648 4470 689 4526 ut
717 4449 855 4542 audio,
884 4451 1105 4550 peculiarem
1135 4449 1271 4528 librum
1304 4447 1534 4528 elucubravit
1571 4449 1619 4528 de

154 4554 290 4654 justis
316 4555 448 4628 courir
478 4551 571 4627 belli
598 4568 732 4630 contra
764 4553 882 4630 Indos
909 4559 1107 4649 suscepti,
1136 4550 1241 4652 cujus
1269 4555 1437 4643 raticne,
1462 4578 1549 4632 cum
1579 4555 1621 4630 in

160 4655 341 4752 pluribus
367 4655 540 4754 Episcopi
566 4651 785 4753 Chiapensis
822 4657 1078 4736 assertionibus
1104 4658 1324 4748 contrairet,
1351 4674 1388 4732 et
1415 4656 1508 4734 inter
1539 4656 1621 4736 illos

160 4757 276 4840 verbo
306 4779 345 4836 et
374 4761 539 4858 scripto,
567 4759 739 4856 privatim
771 4780 809 4838 et
835 4761 982 4860 publice
1016 4761 1152 4838 multae
1186 4761 1437 4838 contentiones
1475 4757 1622 4838 habitae

158 4858 342 4952 fuissent,
372 4862 604 4960 Apologiam
634 4861 829 4960 quamdam
854 4886 922 4960 pto
948 4863 1129 4962 praedicti
1151 4861 1238 4938 libri
1260 4859 1463 4940 defensione
1495 4862 1558 4940 vul
1604 4899 1623 4920 ·

163 4963 232 5038 vlt.
263 4965 408 5038 Horum
440 4965 618 5040 librorum
650 4967 795 5062 copiam
823 4989 942 5063 usque
970 4963 1091 5044 adhuc
1120 4963 1256 5044 habere
1283 4987 1355 5042 non
1382 4966 1519 5064 potui,
1543 4885 1622 5039 (ᾗ

170 5068 424 5172 rumbquippe
447 5069 662 5150 auctoritate
685 5069 810 5174 Regia
828 5069 868 5148 iu
891 5069 1090 5174 Hispa-riae
1129 5091 1167 5154 et
1200 5066 1385 5154 ludicrum
1410 5067 1615 5190 P10V5¹J⁶fii

1090 5249 1096 5262 .
1525 5191 1586 5262 mv
