4294 5984
432 417 433 420 Ὺ
565 425 623 534 78
936 441 1057 522 -DE
1100 441 1306 520 REBUS
1360 438 1578 523 GESTIS

522 607 602 711 bus
618 640 721 706 cum
750 600 969 704 michaele
990 612 1187 715 Ferrera,
1214 593 1570 733 Pompelonensis
1598 594 1707 695 arcis
1736 597 1998 737 praefecto.'

576 762 706 852 ·V111.
779 749 863 848 His
905 743 1031 846 rebus
1073 736 1297 883 cognitis,
1332 738 1592 875 populares,
1628 739 1710 881 qui
1746 781 1799 842 ex
1840 749 1986 849 conci·

522 897 585 998 lio
608 892 858 995 Torsillano
884 927 978 989 rem
1004 919 1294 988 communem
1317 881 1711 1005 administrabant,
1748 884 1835 1026 ipsi
1865 929 1985 1031 quo-

522 1079 611 1181 que
634 1077 756 1140 novo
784 1036 953 1137 delectu
984 1067 1078 1133 suas
1107 1026 1254 1170 copias
1280 1061 1460 1164 augent,
1496 1024 1654 1169 hisque
1683 1037 1861 1131 Petrum
1894 1035 1982 1136 Gi-

522 1221 680 1283 tonem
696 1226 717 1300 ,·
745 1191 947 1322 Uregnae
983 1171 1193 1279 Comitis.
1211 1203 1319 1268 natu
1352 1171 1602 1272 maximum
1638 1171 1819 1293 filium,
1854 1195 1983 1280 su'am

522 1365 705 1469 operam
746 1325 1061 1465 pollicentem,
1109 1353 1212 1419 cum
1255 1311 1434 1452 imperii
1475 1355 1649 1419 summa
1692 1316 1982 1458 praeficiunt,

522 1503 702 1612 propter
737 1468 931 1572 hominis
967 1462 1269 1567 auctoritatem
1306 1491 1350 1556 et
1385 1457 1557 1559 virtutis
1598 1459 1892 1600 opinionem3
1928 1469 1983 1568 de

482 1661 485 1671 ¹
522 1624 645 1748 cujus
681 1613 908 1714 voluntate
952 1608 1040 1711 hoc
1081 1607 1225 1708 minus
1267 1598 1352 1702 sibi
1392 1600 1693 1705 dubitandum
1733 1605 1983 1749 putabant,

521 1760 648 1898 quod
682 1758 768 1857 isa
796 1756 960 1860 Carolo
988 1747 1178 1853 alienum
1213 1744 1415 1846 attimum
1444 1787 1592 1890 gerere
1627 1748 1883 1854 credebatur
1919 1758 1982 1860 ob

520 1901 658 2002 animi
694 1901 926 2017 dolorem,
963 1936 1098 2038 quent
1133 1932 1228 1992 non
1262 1888 1585 1995 dissimulanter
1619 1889 1813 2016 ferebat,
1840 1933 1883 1997 et
1908 1899 1981 2001 in-

515 2043 712 2174 juriam,
751 2080 887 2185 quam
921 2041 979 2140 ab
1015 2041 1138 2179 ipso,
1166 2069 1217 2138 ut
1250 2033 1558 2173 praedicabat,
1584 2075 1832 2180 acceperat,
1858 2041 1982 2175 deje-

522 2222 614 2286 ctus
649 2225 723 2327 spe
758 2199 952 2288 Ducatus
989 2180 1278 2316 Methymnae
1322 2175 1526 2280 Sidoniae
1567 2190 1660 2314 jure
1700 2182 1859 2284 uxorio
1894 2223 1984 2328 po-

522 2328 695 2430 tiundi.
731 2335 927 2464 Joannes
957 2326 1079 2425 enim
1101 2316 1394 2456 Methymnae
1420 2322 1623 2426 Sidoniae
1663 2339 1768 2429 Dux
1798 2368 1850 2427 ex
1880 2369 1984 2430 uxo

521 2509 567 2572 te
608 2469 814 2589 Isabella,
858 2469 975 2570 Petri
1016 2463 1188 2567 Velasci
1226 2464 1534 2567 Comcstabilis
1575 2467 1694 2589 filia,
1735 2469 1986 2575 Henticum

522 2649 568 2714 et
608 2612 861 2729 Menciam,
904 2648 1017 2751 quae
1059 2617 1188 2710 Petro
1232 2607 1391 2707 Gitoni
1429 2611 1614 2753 nupsit,
1661 2649 1984 2756 progenuctat.

465 2757 468 2762 '
521 2758 665 2873 Idem,
694 2753 870 2855 [sabella
899 2745 1106 2855 defintcta
1118 2831 1134 2875 ,
1163 2791 1217 2853 ex
1239 2757 1444 2854 Leonora
1474 2755 1740 2858 consobrina
1767 2797 1845 2858 sua
1872 2757 1986 2860 ami-

521 2932 591 2999 tae
627 2897 746 3018 filia,
814 2937 916 2998 uam
959 2898 1152 3000 moriens
1191 2933 1378 2997 uxorem
1418 2899 1574 3019 duxit,
1621 2897 1735 3000 filios
1777 2940 1985 3042 procrea-

522 3041 624 3162 vit,
671 3041 752 3182 qui
781 2937 1008 3142 (leneficio
1052 3041 1161 3185 legis
1205 3077 1283 3180 per
1323 3040 1601 3144 subsecutum
1644 3045 1984 3146 matrimonium

522 3185 714 3328 legitimi
743 3225 829 3286 esse
854 3185 1144 3288 videbantur.
1181 3184 1263 3287 Sed
1292 3186 1514 3324 quoniam.
1530 3185 1780 3308 Henticus,
1808 3188 1887 3330 qui
1913 3226 1984 3328 pa·

522 3329 582 3427 tri
617 3363 899 3452 successerat,
934 3364 976 3428 et
1011 3331 1204 3461 ejusdem
1241 3329 1358 3427 Petri
1394 3365 1591 3430 sororem
1635 3328 1846 3452 duxerat,
1892 3331 1986 3432 sine

522 3467 671 3572 liberis
706 3475 970 3591 decesserat,
1007 3482 1157 3573 Petrus
1192 3469 1361 3589 Giton,
1397 3473 1539 3572 uxoris
1584 3473 1789 3576 Menciae
1832 3474 1986 3576 nomi-

522 3654 578 3716 ne
613 3627 839 3716 Ducatum
875 3617 1039 3746 injussu
1081 3614 1295 3716 chandi
1334 3615 1470 3756 Regis
1513 3615 1685 3717 invadit
1728 3653 1862 3759 atque
1905 3658 1986 3720 oc·

443 3751 447 3758 ⁵
522 3794 685 3899 cupat,
715 3760 892 3860 exclusis
922 3769 1148 3860 Leonotae
1174 3757 1302 3882 filiis,
1331 3799 1443 3900 quos
1466 3799 1518 3858 ex
1541 3799 1633 3860 non
1658 3759 1863 3902 legitimo
1887 3801 1985 3862 ma-

524 3902 768 4021 trimonio,
802 3938 957 4046 utpote
991 3905 1117 4044 quod
1163 3937 1331 4044 praeter
1355 3901 1687 4006 ,Ecclesiasticus
1725 3904 1842 4047 leges
1877 3945 1989 4048 pro-

526 4078 622 4182 ptet
659 4047 1035 4187 propinquitatem
1067 4083 1110 4147 et
1137 4049 1227 4147 sine
1249 4044 1470 4148 Pontificis
1499 4047 1692 4148 Maximi
1727 4049 1988 4192 privilegio,

527 4224 663 4324 quam
687 4193 1001 4323 dispensationem
1027 4227 1220 4311 vocant,
1243 4225 1519 4297 contractum
1533 4186 1725 4312 ¹fuisset,
1747 4227 1874 4296 natos
1902 4230 1985 4296 esse

525 4326 783 4432 dictitabat.
1530 4439 1549 4455 ,‚

537 4553 541 4565 .
599 4479 677 4572 IX.
702 4525 706 4533 ·
731 4484 853 4578 ‘Erat
886 4515 1033 4584 aurem
1061 4490 1210 4584 Petrus
1246 4482 1388 4586 Gi'ron
1424 4493 1513 4611 jam
1550 4481 1726 4622 pridem
1762 4479 1869 4583 odio
1896 4489 1987 4582 Re·

532 4605 582 4748 gi
606 4616 829 4720 Femando
843 4694 860 4739 ,
876 4675 880 4687 ·
897 4657 1131 4769 propterea
1167 4623 1292 4760 quod
1323 4623 1364 4732 is
1385 4623 1581 4754 Hentico
1619 4645 1789 4767 pdeto,
1825 4621 1897 4722 cui
1927 4661 1993 4720 so·

832 4803 871 4818 ··
1918 4798 1993 4866 to·
