<?xml version="1.0" encoding="UTF-8"?>
<!DOCTYPE html PUBLIC "-//W3C//DTD XHTML 1.0 Transitional//EN"
    "http://www.w3.org/TR/xhtml1/DTD/xhtml1-transitional.dtd">
<html xmlns="http://www.w3.org/1999/xhtml" xml:lang="en" lang="en">
 <head>
  <title>
</title>
<meta http-equiv="Content-Type" content="text/html;charset=utf-8" />
  <meta name='ocr-system' content='tesseract 3.04.00' />
  <meta name='ocr-capabilities' content='ocr_page ocr_carea ocr_par ocr_line ocrx_word'/>
</head>
<body>
  <div class='ocr_page' id='page_1' title='image "./joannisgenesiis02sepgoog_0609.png"; bbox 0 0 4294 5972; ppageno 0'>
   <div class='ocr_carea' id='block_1_1' title="bbox 567 459 1605 632">
    <p class='ocr_par' dir='ltr' id='par_1_1' title="bbox 567 459 1605 632">
     <span class='ocr_line' id='line_1_1' title="bbox 567 459 1605 632; baseline 0.009 -37"><span class='ocrx_word' id='word_1_1' title='bbox 567 510 810 598; x_wconf 78' lang='lat' dir='ltr'>canori</span> <span class='ocrx_word' id='word_1_2' title='bbox 847 511 905 632; x_wconf 78' lang='lat' dir='ltr'>u.</span> <span class='ocrx_word' id='word_1_3' title='bbox 954 459 1073 596; x_wconf 82' lang='lat' dir='ltr'>tin.</span> <span class='ocrx_word' id='word_1_4' title='bbox 1111 497 1184 596; x_wconf 84' lang='lat' dir='ltr'>x&#39;r.</span> <span class='ocrx_word' id='word_1_5' title='bbox 1518 489 1605 606; x_wconf 75' lang='lat'>3⁶5</span> 
     </span>
    </p>
   </div>
   <div class='ocr_carea' id='block_1_2' title="bbox 193 661 1659 4974">
    <p class='ocr_par' dir='ltr' id='par_1_2' title="bbox 193 661 1654 1060">
     <span class='ocr_line' id='line_1_2' title="bbox 193 661 1652 811; baseline 0.001 -35"><span class='ocrx_word' id='word_1_6' title='bbox 193 705 402 776; x_wconf 90' lang='lat' dir='ltr'>ranorum</span> <span class='ocrx_word' id='word_1_7' title='bbox 438 663 662 790; x_wconf 89' lang='lat' dir='ltr'>militum,</span> <span class='ocrx_word' id='word_1_8' title='bbox 710 708 799 811; x_wconf 90' lang='lat' dir='ltr'>qua</span> <span class='ocrx_word' id='word_1_9' title='bbox 834 667 906 768; x_wconf 89' lang='lat' dir='ltr'>vel</span> <span class='ocrx_word' id='word_1_10' title='bbox 939 667 1031 769; x_wconf 88' lang='lat' dir='ltr'>sola</span> <span class='ocrx_word' id='word_1_11' title='bbox 1067 706 1201 770; x_wconf 88' lang='lat' dir='ltr'>manu</span> <span class='ocrx_word' id='word_1_12' title='bbox 1241 661 1516 773; x_wconf 87' lang='lat' dir='ltr'>Charadinus</span> <span class='ocrx_word' id='word_1_13' title='bbox 1553 715 1652 777; x_wconf 91' lang='lat' dir='ltr'>con·</span> 
     </span>
     <span class='ocr_line' id='line_1_3' title="bbox 193 809 1654 958; baseline 0.002 -42"><span class='ocrx_word' id='word_1_14' title='bbox 193 850 260 917; x_wconf 90' lang='lat' dir='ltr'>tra</span> <span class='ocrx_word' id='word_1_15' title='bbox 296 809 552 956; x_wconf 87' lang='lat' dir='ltr'>quamlibet·</span> <span class='ocrx_word' id='word_1_16' title='bbox 578 851 757 956; x_wconf 88' lang='lat' dir='ltr'>magnas</span> <span class='ocrx_word' id='word_1_17' title='bbox 800 813 912 915; x_wconf 88' lang='lat' dir='ltr'>vires</span> <span class='ocrx_word' id='word_1_18' title='bbox 948 850 1073 953; x_wconf 90' lang='lat' dir='ltr'>posse</span> <span class='ocrx_word' id='word_1_19' title='bbox 1117 820 1337 915; x_wconf 89' lang='lat' dir='ltr'>Tunetem</span> <span class='ocrx_word' id='word_1_20' title='bbox 1377 852 1511 958; x_wconf 88' lang='lat' dir='ltr'>atque</span> <span class='ocrx_word' id='word_1_21' title='bbox 1550 819 1654 920; x_wconf 90' lang='lat' dir='ltr'>cIas-</span> 
     </span>
     <span class='ocr_line' id='line_1_4' title="bbox 194 951 1160 1060; baseline -0.004 0"><span class='ocrx_word' id='word_1_22' title='bbox 194 999 287 1060; x_wconf 87' lang='lat' dir='ltr'>sem</span> <span class='ocrx_word' id='word_1_23' title='bbox 325 999 377 1058; x_wconf 88' lang='lat' dir='ltr'>ex</span> <span class='ocrx_word' id='word_1_24' title='bbox 414 958 572 1058; x_wconf 87' lang='lat' dir='ltr'>Goleta</span> <span class='ocrx_word' id='word_1_25' title='bbox 606 952 839 1058; x_wconf 87' lang='lat' dir='ltr'><strong>defendere</strong></span> <span class='ocrx_word' id='word_1_26' title='bbox 876 951 1160 1057; x_wconf 87' lang='lat' dir='ltr'>confidebat.</span> 
     </span>
    </p>

    <p class='ocr_par' dir='ltr' id='par_1_3' title="bbox 195 1095 1659 4974">
     <span class='ocr_line' id='line_1_5' title="bbox 278 1095 1656 1228; baseline 0.003 -25"><span class='ocrx_word' id='word_1_27' title='bbox 278 1111 489 1204; x_wconf 90' lang='lat' dir='ltr'><strong>XXVIII.</strong></span> <span class='ocrx_word' id='word_1_28' title='bbox 573 1109 647 1200; x_wconf 84' lang='lat' dir='ltr'>Est</span> <span class='ocrx_word' id='word_1_29' title='bbox 689 1135 837 1200; x_wconf 91' lang='lat' dir='ltr'>autem</span> <span class='ocrx_word' id='word_1_30' title='bbox 887 1099 1043 1201; x_wconf 92' lang='lat' dir='ltr'>Goleta</span> <span class='ocrx_word' id='word_1_31' title='bbox 1089 1095 1338 1201; x_wconf 88' lang='lat' dir='ltr'>aedificium</span> <span class='ocrx_word' id='word_1_32' title='bbox 1383 1100 1431 1202; x_wconf 76' lang='lat' dir='ltr'>In</span> <span class='ocrx_word' id='word_1_33' title='bbox 1478 1103 1656 1228; x_wconf 90' lang='lat' dir='ltr'>littore,</span> 
     </span>
     <span class='ocr_line' id='line_1_6' title="bbox 195 1241 1657 1390; baseline 0.002 -43"><span class='ocrx_word' id='word_1_34' title='bbox 195 1283 399 1390; x_wconf 84' lang='lat' dir='ltr'>passuum</span> <span class='ocrx_word' id='word_1_35' title='bbox 435 1287 460 1346; x_wconf 92' lang='lat' dir='ltr'>a</span> <span class='ocrx_word' id='word_1_36' title='bbox 496 1241 591 1343; x_wconf 91' lang='lat' dir='ltr'>solo</span> <span class='ocrx_word' id='word_1_37' title='bbox 632 1241 911 1384; x_wconf 86' lang='lat' dir='ltr'>Carthaginis</span> <span class='ocrx_word' id='word_1_38' title='bbox 953 1279 1177 1384; x_wconf 89' lang='lat' dir='ltr'>quatuor,</span> <span class='ocrx_word' id='word_1_39' title='bbox 1216 1284 1242 1343; x_wconf 93' lang='lat' dir='ltr'>a</span> <span class='ocrx_word' id='word_1_40' title='bbox 1283 1252 1456 1345; x_wconf 92' lang='lat' dir='ltr'>Tunete</span> <span class='ocrx_word' id='word_1_41' title='bbox 1502 1251 1657 1350; x_wconf 86' lang='lat' dir='ltr'>sexde-</span> 
     </span>
     <span class='ocr_line' id='line_1_7' title="bbox 195 1385 1656 1529; baseline 0.003 -39"><span class='ocrx_word' id='word_1_42' title='bbox 195 1390 287 1490; x_wconf 89' lang='lat' dir='ltr'>cim</span> <span class='ocrx_word' id='word_1_43' title='bbox 322 1385 552 1508; x_wconf 87' lang='lat' dir='ltr'>millibus,</span> <span class='ocrx_word' id='word_1_44' title='bbox 591 1386 723 1529; x_wconf 91' lang='lat' dir='ltr'>siquis</span> <span class='ocrx_word' id='word_1_45' title='bbox 759 1386 943 1486; x_wconf 88' lang='lat' dir='ltr'>circuitu</span> <span class='ocrx_word' id='word_1_46' title='bbox 972 1386 1179 1527; x_wconf 81' lang='lat' dir='ltr'><strong>paludem</strong></span> <span class='ocrx_word' id='word_1_47' title='bbox 1209 1387 1483 1520; x_wconf 89' lang='lat' dir='ltr'>interjectam</span> <span class='ocrx_word' id='word_1_48' title='bbox 1517 1391 1656 1496; x_wconf 85' lang='lat' dir='ltr'>vitare</span> 
     </span>
     <span class='ocr_line' id='line_1_8' title="bbox 195 1526 1658 1672; baseline 0.001 -38"><span class='ocrx_word' id='word_1_49' title='bbox 195 1532 328 1635; x_wconf 87' lang='lat' dir='ltr'>velit.</span> <span class='ocrx_word' id='word_1_50' title='bbox 370 1533 461 1633; x_wconf 92' lang='lat' dir='ltr'>Hic</span> <span class='ocrx_word' id='word_1_51' title='bbox 497 1569 661 1632; x_wconf 87' lang='lat' dir='ltr'>merces</span> <span class='ocrx_word' id='word_1_52' title='bbox 705 1526 890 1636; x_wconf 87' lang='lat' dir='ltr'>navibus</span> <span class='ocrx_word' id='word_1_53' title='bbox 933 1530 1140 1634; x_wconf 84' lang='lat' dir='ltr'><strong>advectae</strong></span> <span class='ocrx_word' id='word_1_54' title='bbox 1186 1529 1499 1672; x_wconf 87' lang='lat' dir='ltr'>excipiuntur,</span> <span class='ocrx_word' id='word_1_55' title='bbox 1535 1537 1658 1636; x_wconf 87' lang='lat' dir='ltr'>solu·</span> 
     </span>
     <span class='ocr_line' id='line_1_9' title="bbox 196 1671 1656 1818; baseline 0.002 -42"><span class='ocrx_word' id='word_1_56' title='bbox 196 1675 342 1816; x_wconf 89' lang='lat' dir='ltr'>tisque</span> <span class='ocrx_word' id='word_1_57' title='bbox 378 1673 582 1818; x_wconf 89' lang='lat' dir='ltr'>portoriis</span> <span class='ocrx_word' id='word_1_58' title='bbox 619 1671 890 1811; x_wconf 90' lang='lat' dir='ltr'>compendio</span> <span class='ocrx_word' id='word_1_59' title='bbox 938 1711 1014 1814; x_wconf 86' lang='lat' dir='ltr'>pet</span> <span class='ocrx_word' id='word_1_60' title='bbox 1056 1671 1264 1812; x_wconf 85' lang='lat' dir='ltr'><strong>paludem</strong></span> <span class='ocrx_word' id='word_1_61' title='bbox 1313 1674 1478 1818; x_wconf 90' lang='lat' dir='ltr'>scaphis</span> <span class='ocrx_word' id='word_1_62' title='bbox 1521 1680 1656 1780; x_wconf 90' lang='lat' dir='ltr'>dum-</span> 
     </span>
     <span class='ocr_line' id='line_1_10' title="bbox 197 1813 1657 1958; baseline 0.003 -39"><span class='ocrx_word' id='word_1_63' title='bbox 197 1852 316 1920; x_wconf 80' lang='lat' dir='ltr'>taxat</span> <span class='ocrx_word' id='word_1_64' title='bbox 363 1855 406 1918; x_wconf 92' lang='lat' dir='ltr'>et</span> <span class='ocrx_word' id='word_1_65' title='bbox 461 1813 703 1956; x_wconf 89' lang='lat' dir='ltr'>piscatoriis</span> <span class='ocrx_word' id='word_1_66' title='bbox 763 1813 935 1950; x_wconf 90' lang='lat' dir='ltr'>cymbis</span> <span class='ocrx_word' id='word_1_67' title='bbox 985 1815 1284 1958; x_wconf 78' lang='lat' dir='ltr'>navigabilem</span> <span class='ocrx_word' id='word_1_68' title='bbox 1335 1818 1384 1917; x_wconf 88' lang='lat' dir='ltr'>in</span> <span class='ocrx_word' id='word_1_69' title='bbox 1435 1825 1657 1923; x_wconf 88' lang='lat' dir='ltr'>Tunetem</span> 
     </span>
     <span class='ocr_line' id='line_1_11' title="bbox 197 1956 1656 2098; baseline 0.002 -36"><span class='ocrx_word' id='word_1_70' title='bbox 197 1961 324 2064; x_wconf 88' lang='lat' dir='ltr'>sitam</span> <span class='ocrx_word' id='word_1_71' title='bbox 362 1962 410 2062; x_wconf 94' lang='lat' dir='ltr'>in</span> <span class='ocrx_word' id='word_1_72' title='bbox 447 1960 608 2059; x_wconf 91' lang='lat' dir='ltr'>ultimo</span> <span class='ocrx_word' id='word_1_73' title='bbox 645 1957 815 2096; x_wconf 91' lang='lat' dir='ltr'>paludis</span> <span class='ocrx_word' id='word_1_74' title='bbox 851 1956 964 2056; x_wconf 86' lang='lat' dir='ltr'>flexu</span> <span class='ocrx_word' id='word_1_75' title='bbox 1000 1993 1375 2098; x_wconf 85' lang='lat' dir='ltr'>transportantur.</span> <span class='ocrx_word' id='word_1_76' title='bbox 1418 1971 1574 2064; x_wconf 86' lang='lat' dir='ltr'>Forma</span> <span class='ocrx_word' id='word_1_77' title='bbox 1612 2004 1656 2064; x_wconf 87' lang='lat' dir='ltr'>e-</span> 
     </span>
     <span class='ocr_line' id='line_1_12' title="bbox 197 2097 1658 2244; baseline 0.001 -39"><span class='ocrx_word' id='word_1_78' title='bbox 197 2114 264 2238; x_wconf 88' lang='lat' dir='ltr'>jus</span> <span class='ocrx_word' id='word_1_79' title='bbox 301 2104 537 2244; x_wconf 85' lang='lat' dir='ltr'>quadratae</span> <span class='ocrx_word' id='word_1_80' title='bbox 574 2101 764 2219; x_wconf 88' lang='lat' dir='ltr'>domus,</span> <span class='ocrx_word' id='word_1_81' title='bbox 801 2100 874 2198; x_wconf 93' lang='lat' dir='ltr'>sed</span> <span class='ocrx_word' id='word_1_82' title='bbox 911 2098 1015 2197; x_wconf 88' lang='lat' dir='ltr'>arcis</span> <span class='ocrx_word' id='word_1_83' title='bbox 1052 2134 1201 2200; x_wconf 88' lang='lat' dir='ltr'>tamen</span> <span class='ocrx_word' id='word_1_84' title='bbox 1238 2097 1469 2202; x_wconf 85' lang='lat' dir='ltr'>firmitudo</span> <span class='ocrx_word' id='word_1_85' title='bbox 1525 2145 1658 2207; x_wconf 86' lang='lat' dir='ltr'>cave·</span> 
     </span>
     <span class='ocr_line' id='line_1_13' title="bbox 199 2239 1659 2384; baseline 0 -36"><span class='ocrx_word' id='word_1_86' title='bbox 199 2247 326 2348; x_wconf 89' lang='lat' dir='ltr'>dium</span> <span class='ocrx_word' id='word_1_87' title='bbox 363 2254 531 2375; x_wconf 85' lang='lat' dir='ltr'>majus,</span> <span class='ocrx_word' id='word_1_88' title='bbox 568 2282 704 2384; x_wconf 92' lang='lat' dir='ltr'>quam</span> <span class='ocrx_word' id='word_1_89' title='bbox 741 2281 824 2384; x_wconf 91' lang='lat' dir='ltr'>pro</span> <span class='ocrx_word' id='word_1_90' title='bbox 862 2241 1031 2341; x_wconf 89' lang='lat' dir='ltr'>ratione</span> <span class='ocrx_word' id='word_1_91' title='bbox 1065 2239 1392 2364; x_wconf 84' lang='lat' dir='ltr'>aedificiorum,</span> <span class='ocrx_word' id='word_1_92' title='bbox 1413 2283 1516 2346; x_wconf 92' lang='lat' dir='ltr'>nam</span> <span class='ocrx_word' id='word_1_93' title='bbox 1549 2287 1659 2349; x_wconf 90' lang='lat' dir='ltr'>ctas-</span> 
     </span>
     <span class='ocr_line' id='line_1_14' title="bbox 199 2367 1657 2527; baseline 0.001 -39"><span class='ocrx_word' id='word_1_94' title='bbox 199 2387 387 2490; x_wconf 87' lang='lat' dir='ltr'>sioribus</span> <span class='ocrx_word' id='word_1_95' title='bbox 427 2388 627 2527; x_wconf 89' lang='lat' dir='ltr'>undique</span> <span class='ocrx_word' id='word_1_96' title='bbox 674 2385 946 2525; x_wconf 90' lang='lat' dir='ltr'>cingentibus</span> <span class='ocrx_word' id='word_1_97' title='bbox 982 2381 1219 2523; x_wconf 78' lang='lat' dir='ltr'>parietibus</span> <span class='ocrx_word' id='word_1_98' title='bbox 1233 2367 1376 2486; x_wconf 41' lang='lat' dir='ltr'>knihil</span> <span class='ocrx_word' id='word_1_99' title='bbox 1411 2386 1528 2487; x_wconf 91' lang='lat' dir='ltr'>intus</span> <span class='ocrx_word' id='word_1_100' title='bbox 1577 2392 1657 2491; x_wconf 89' lang='lat' dir='ltr'>ad·</span> 
     </span>
     <span class='ocr_line' id='line_1_15' title="bbox 196 2526 1654 2674; baseline 0.002 -44"><span class='ocrx_word' id='word_1_101' title='bbox 196 2533 397 2674; x_wconf 87' lang='lat' dir='ltr'>jungitur</span> <span class='ocrx_word' id='word_1_102' title='bbox 439 2565 609 2671; x_wconf 92' lang='lat' dir='ltr'>praeter</span> <span class='ocrx_word' id='word_1_103' title='bbox 655 2527 777 2630; x_wconf 85' lang='lat' dir='ltr'>cellas</span> <span class='ocrx_word' id='word_1_104' title='bbox 820 2526 947 2628; x_wconf 90' lang='lat' dir='ltr'>omni</span> <span class='ocrx_word' id='word_1_105' title='bbox 992 2565 1043 2626; x_wconf 86' lang='lat' dir='ltr'>ex</span> <span class='ocrx_word' id='word_1_106' title='bbox 1090 2561 1213 2665; x_wconf 90' lang='lat' dir='ltr'>parte</span> <span class='ocrx_word' id='word_1_107' title='bbox 1260 2565 1339 2666; x_wconf 87' lang='lat' dir='ltr'>per</span> <span class='ocrx_word' id='word_1_108' title='bbox 1381 2530 1654 2633; x_wconf 88' lang='lat' dir='ltr'>continuatas</span> 
     </span>
     <span class='ocr_line' id='line_1_16' title="bbox 198 2667 1659 2810; baseline 0.001 -36"><span class='ocrx_word' id='word_1_109' title='bbox 198 2668 389 2774; x_wconf 89' lang='lat' dir='ltr'>fornices</span> <span class='ocrx_word' id='word_1_110' title='bbox 413 2672 716 2793; x_wconf 86' lang='lat' dir='ltr'>adhaerentes,</span> <span class='ocrx_word' id='word_1_111' title='bbox 735 2669 974 2771; x_wconf 87' lang='lat' dir='ltr'>condendis</span> <span class='ocrx_word' id='word_1_112' title='bbox 1007 2667 1220 2771; x_wconf 89' lang='lat' dir='ltr'>mercibus</span> <span class='ocrx_word' id='word_1_113' title='bbox 1245 2707 1535 2810; x_wconf 87' lang='lat' dir='ltr'>comparatas.</span> <span class='ocrx_word' id='word_1_114' title='bbox 1557 2685 1659 2776; x_wconf 89' lang='lat' dir='ltr'>Una</span> 
     </span>
     <span class='ocr_line' id='line_1_17' title="bbox 199 2814 1656 2957; baseline 0.001 -41"><span class='ocrx_word' id='word_1_115' title='bbox 199 2816 426 2916; x_wconf 85' lang='lat' dir='ltr'>dumtaxat</span> <span class='ocrx_word' id='word_1_116' title='bbox 461 2853 590 2957; x_wconf 90' lang='lat' dir='ltr'>porta</span> <span class='ocrx_word' id='word_1_117' title='bbox 626 2816 682 2915; x_wconf 93' lang='lat' dir='ltr'>ad</span> <span class='ocrx_word' id='word_1_118' title='bbox 718 2814 993 2915; x_wconf 88' lang='lat' dir='ltr'>occidentem</span> <span class='ocrx_word' id='word_1_119' title='bbox 1033 2853 1153 2914; x_wconf 86' lang='lat' dir='ltr'>versa</span> <span class='ocrx_word' id='word_1_120' title='bbox 1190 2850 1307 2954; x_wconf 91' lang='lat' dir='ltr'>patet</span> <span class='ocrx_word' id='word_1_121' title='bbox 1344 2815 1485 2916; x_wconf 87' lang='lat' dir='ltr'>aditus</span> <span class='ocrx_word' id='word_1_122' title='bbox 1514 2818 1571 2916; x_wconf 91' lang='lat' dir='ltr'>ad</span> <span class='ocrx_word' id='word_1_123' title='bbox 1595 2817 1656 2918; x_wconf 93' lang='lat' dir='ltr'>in·</span> 
     </span>
     <span class='ocr_line' id='line_1_18' title="bbox 201 2955 1659 3097; baseline 0.003 -40"><span class='ocrx_word' id='word_1_124' title='bbox 201 2957 445 3077; x_wconf 84' lang='lat' dir='ltr'>teriorem,</span> <span class='ocrx_word' id='word_1_125' title='bbox 481 2995 524 3060; x_wconf 93' lang='lat' dir='ltr'>et</span> <span class='ocrx_word' id='word_1_126' title='bbox 561 2999 612 3059; x_wconf 91' lang='lat' dir='ltr'>ea</span> <span class='ocrx_word' id='word_1_127' title='bbox 652 2995 823 3097; x_wconf 86' lang='lat' dir='ltr'>parva,</span> <span class='ocrx_word' id='word_1_128' title='bbox 861 2995 905 3057; x_wconf 88' lang='lat' dir='ltr'>et</span> <span class='ocrx_word' id='word_1_129' title='bbox 939 2955 1135 3076; x_wconf 91' lang='lat' dir='ltr'>humili,</span> <span class='ocrx_word' id='word_1_130' title='bbox 1174 2957 1320 3097; x_wconf 88' lang='lat' dir='ltr'>quales</span> <span class='ocrx_word' id='word_1_131' title='bbox 1362 2959 1529 3059; x_wconf 89' lang='lat' dir='ltr'>arcium</span> <span class='ocrx_word' id='word_1_132' title='bbox 1574 2999 1659 3062; x_wconf 89' lang='lat' dir='ltr'>csse</span> 
     </span>
     <span class='ocr_line' id='line_1_19' title="bbox 201 3101 1658 3243; baseline 0.003 -45"><span class='ocrx_word' id='word_1_133' title='bbox 201 3101 364 3201; x_wconf 88' lang='lat' dir='ltr'>solent.</span> <span class='ocrx_word' id='word_1_134' title='bbox 401 3103 662 3220; x_wconf 84' lang='lat' dir='ltr'>Fornicum,</span> <span class='ocrx_word' id='word_1_135' title='bbox 702 3136 746 3200; x_wconf 93' lang='lat' dir='ltr'>et</span> <span class='ocrx_word' id='word_1_136' title='bbox 781 3101 998 3242; x_wconf 89' lang='lat' dir='ltr'>parietum</span> <span class='ocrx_word' id='word_1_137' title='bbox 1035 3137 1122 3199; x_wconf 89' lang='lat' dir='ltr'>una</span> <span class='ocrx_word' id='word_1_138' title='bbox 1158 3133 1222 3198; x_wconf 89' lang='lat' dir='ltr'>est</span> <span class='ocrx_word' id='word_1_139' title='bbox 1258 3138 1438 3241; x_wconf 89' lang='lat' dir='ltr'>superne</span> <span class='ocrx_word' id='word_1_140' title='bbox 1470 3103 1658 3243; x_wconf 90' lang='lat' dir='ltr'>aequalis</span> 
     </span>
     <span class='ocr_line' id='line_1_20' title="bbox 200 3243 1657 3384; baseline 0.003 -44"><span class='ocrx_word' id='word_1_141' title='bbox 200 3275 331 3384; x_wconf 89' lang='lat' dir='ltr'>atque</span> <span class='ocrx_word' id='word_1_142' title='bbox 367 3243 453 3343; x_wconf 90' lang='lat' dir='ltr'>lata</span> <span class='ocrx_word' id='word_1_143' title='bbox 496 3243 781 3384; x_wconf 89' lang='lat' dir='ltr'>superficies,</span> <span class='ocrx_word' id='word_1_144' title='bbox 820 3283 910 3384; x_wconf 91' lang='lat' dir='ltr'>qua</span> <span class='ocrx_word' id='word_1_145' title='bbox 945 3244 1037 3343; x_wconf 91' lang='lat' dir='ltr'>duo</span> <span class='ocrx_word' id='word_1_146' title='bbox 1082 3243 1288 3345; x_wconf 91' lang='lat' dir='ltr'>contrarii</span> <span class='ocrx_word' id='word_1_147' title='bbox 1333 3282 1479 3344; x_wconf 88' lang='lat' dir='ltr'>currus</span> <span class='ocrx_word' id='word_1_148' title='bbox 1521 3246 1657 3344; x_wconf 87' lang='lat' dir='ltr'>duce-</span> 
     </span>
     <span class='ocr_line' id='line_1_21' title="bbox 200 3381 1657 3528; baseline 0.003 -43"><span class='ocrx_word' id='word_1_149' title='bbox 200 3421 375 3505; x_wconf 87' lang='lat' dir='ltr'>rentur,</span> <span class='ocrx_word' id='word_1_150' title='bbox 415 3421 547 3486; x_wconf 88' lang='lat' dir='ltr'>strata</span> <span class='ocrx_word' id='word_1_151' title='bbox 582 3424 715 3527; x_wconf 89' lang='lat' dir='ltr'>opere</span> <span class='ocrx_word' id='word_1_152' title='bbox 749 3387 951 3528; x_wconf 92' lang='lat' dir='ltr'>signino.</span> <span class='ocrx_word' id='word_1_153' title='bbox 990 3397 1040 3484; x_wconf 94' lang='lat' dir='ltr'>In</span> <span class='ocrx_word' id='word_1_154' title='bbox 1077 3381 1207 3518; x_wconf 89' lang='lat' dir='ltr'>hujus</span> <span class='ocrx_word' id='word_1_155' title='bbox 1244 3385 1487 3528; x_wconf 89' lang='lat' dir='ltr'>superficiei</span> <span class='ocrx_word' id='word_1_156' title='bbox 1518 3425 1657 3490; x_wconf 84' lang='lat' dir='ltr'>extre·</span> 
     </span>
     <span class='ocr_line' id='line_1_22' title="bbox 200 3526 1652 3770; baseline 0.003 -144"><span class='ocrx_word' id='word_1_157' title='bbox 200 3565 276 3627; x_wconf 90' lang='lat' dir='ltr'>ma</span> <span class='ocrx_word' id='word_1_158' title='bbox 313 3564 430 3669; x_wconf 85' lang='lat' dir='ltr'>parte</span> <span class='ocrx_word' id='word_1_159' title='bbox 466 3526 610 3627; x_wconf 89' lang='lat' dir='ltr'>brevis</span> <span class='ocrx_word' id='word_1_160' title='bbox 646 3529 753 3770; x_wconf 53' lang='lat' dir='ltr'>»pter</span> <span class='ocrx_word' id='word_1_161' title='bbox 787 3566 937 3630; x_wconf 89' lang='lat' dir='ltr'>murus</span> <span class='ocrx_word' id='word_1_162' title='bbox 973 3527 1120 3670; x_wconf 90' lang='lat' dir='ltr'>pinnis</span> <span class='ocrx_word' id='word_1_163' title='bbox 1157 3527 1526 3672; x_wconf 89' lang='lat' dir='ltr'>distinguentibus</span> <span class='ocrx_word' id='word_1_164' title='bbox 1563 3567 1652 3630; x_wconf 89' lang='lat' dir='ltr'>sur-</span> 
     </span>
     <span class='ocr_line' id='line_1_23' title="bbox 200 3666 1652 3812; baseline 0.003 -44"><span class='ocrx_word' id='word_1_165' title='bbox 200 3668 270 3810; x_wconf 90' lang='lat' dir='ltr'>git</span> <span class='ocrx_word' id='word_1_166' title='bbox 282 3745 298 3788; x_wconf 87' lang='lat'><em>,</em></span> <span class='ocrx_word' id='word_1_167' title='bbox 336 3666 634 3810; x_wconf 86' lang='lat' dir='ltr'>frequentibus</span> <span class='ocrx_word' id='word_1_168' title='bbox 691 3672 864 3772; x_wconf 91' lang='lat' dir='ltr'>enestris</span> <span class='ocrx_word' id='word_1_169' title='bbox 907 3713 958 3774; x_wconf 85' lang='lat' dir='ltr'>ex</span> <span class='ocrx_word' id='word_1_170' title='bbox 1002 3671 1229 3772; x_wconf 91' lang='lat' dir='ltr'>intervallo</span> <span class='ocrx_word' id='word_1_171' title='bbox 1265 3709 1417 3812; x_wconf 90' lang='lat' dir='ltr'>patens</span> <span class='ocrx_word' id='word_1_172' title='bbox 1459 3674 1514 3772; x_wconf 93' lang='lat' dir='ltr'>ad</span> <span class='ocrx_word' id='word_1_173' title='bbox 1559 3706 1652 3772; x_wconf 91' lang='lat' dir='ltr'>tor-</span> 
     </span>
     <span class='ocr_line' id='line_1_24' title="bbox 199 3813 1652 3955; baseline 0.001 -43"><span class='ocrx_word' id='word_1_174' title='bbox 199 3849 350 3912; x_wconf 91' lang='lat' dir='ltr'>menta</span> <span class='ocrx_word' id='word_1_175' title='bbox 386 3813 683 3954; x_wconf 90' lang='lat' dir='ltr'>disponenda.</span> <span class='ocrx_word' id='word_1_176' title='bbox 729 3825 834 3930; x_wconf 88' lang='lat' dir='ltr'>Qua</span> <span class='ocrx_word' id='word_1_177' title='bbox 876 3814 1015 3916; x_wconf 89' lang='lat' dir='ltr'>solem</span> <span class='ocrx_word' id='word_1_178' title='bbox 1060 3814 1274 3919; x_wconf 90' lang='lat' dir='ltr'>orientem</span> <span class='ocrx_word' id='word_1_179' title='bbox 1312 3848 1473 3955; x_wconf 88' lang='lat' dir='ltr'>spectat</span> <span class='ocrx_word' id='word_1_180' title='bbox 1514 3813 1652 3948; x_wconf 88' lang='lat' dir='ltr'>GoIe-</span> 
     </span>
     <span class='ocr_line' id='line_1_25' title="bbox 201 3954 1652 4102; baseline 0.003 -49"><span class='ocrx_word' id='word_1_181' title='bbox 201 3987 280 4073; x_wconf 90' lang='lat' dir='ltr'>ta,</span> <span class='ocrx_word' id='word_1_182' title='bbox 312 3954 505 4097; x_wconf 90' lang='lat' dir='ltr'>passibus</span> <span class='ocrx_word' id='word_1_183' title='bbox 541 3957 710 4058; x_wconf 90' lang='lat' dir='ltr'>circiter</span> <span class='ocrx_word' id='word_1_184' title='bbox 748 3957 929 4102; x_wconf 88' lang='lat' dir='ltr'>triginta</span> <span class='ocrx_word' id='word_1_185' title='bbox 964 3957 1147 4058; x_wconf 89' lang='lat' dir='ltr'>discedit</span> <span class='ocrx_word' id='word_1_186' title='bbox 1182 3995 1207 4056; x_wconf 88' lang='lat' dir='ltr'>a</span> <span class='ocrx_word' id='word_1_187' title='bbox 1243 3957 1395 4081; x_wconf 86' lang='lat' dir='ltr'>mari,</span> <span class='ocrx_word' id='word_1_188' title='bbox 1432 3957 1652 4058; x_wconf 88' lang='lat' dir='ltr'>contraria</span> 
     </span>
     <span class='ocr_line' id='line_1_26' title="bbox 199 4097 1652 4241; baseline 0.001 -43"><span class='ocrx_word' id='word_1_189' title='bbox 199 4133 321 4238; x_wconf 91' lang='lat' dir='ltr'>parte</span> <span class='ocrx_word' id='word_1_190' title='bbox 357 4100 563 4240; x_wconf 87' lang='lat' dir='ltr'>paIudem</span> <span class='ocrx_word' id='word_1_191' title='bbox 611 4097 776 4228; x_wconf 82' lang='lat' dir='ltr'>habet,</span> <span class='ocrx_word' id='word_1_192' title='bbox 814 4104 871 4203; x_wconf 89' lang='lat' dir='ltr'>de</span> <span class='ocrx_word' id='word_1_193' title='bbox 918 4139 1006 4241; x_wconf 86' lang='lat' dir='ltr'>qua</span> <span class='ocrx_word' id='word_1_194' title='bbox 1049 4099 1188 4203; x_wconf 92' lang='lat' dir='ltr'>modo</span> <span class='ocrx_word' id='word_1_195' title='bbox 1230 4100 1622 4204; x_wconf 89' lang='lat' dir='ltr'>demonstravimus</span> <span class='ocrx_word' id='word_1_196' title='bbox 1636 4175 1652 4221; x_wconf 88' lang='lat'>,</span> 
     </span>
     <span class='ocr_line' id='line_1_27' title="bbox 198 4242 1653 4382; baseline 0.004 -45"><span class='ocrx_word' id='word_1_197' title='bbox 198 4277 404 4382; x_wconf 91' lang='lat' dir='ltr'>passuum</span> <span class='ocrx_word' id='word_1_198' title='bbox 455 4254 766 4345; x_wconf 89' lang='lat' dir='ltr'>Romanorum</span> <span class='ocrx_word' id='word_1_199' title='bbox 819 4279 1111 4345; x_wconf 86' lang='lat' dir='ltr'>trecentorum</span> <span class='ocrx_word' id='word_1_200' title='bbox 1168 4242 1339 4344; x_wconf 88' lang='lat' dir='ltr'>circiter</span> <span class='ocrx_word' id='word_1_201' title='bbox 1395 4243 1653 4364; x_wconf 87' lang='lat' dir='ltr'>intervallo,</span> 
     </span>
     <span class='ocr_line' id='line_1_28' title="bbox 199 4381 1653 4528; baseline 0.004 -46"><span class='ocrx_word' id='word_1_202' title='bbox 199 4385 326 4523; x_wconf 91' lang='lat' dir='ltr'>quod</span> <span class='ocrx_word' id='word_1_203' title='bbox 363 4385 523 4526; x_wconf 86' lang='lat' dir='ltr'>pluviis</span> <span class='ocrx_word' id='word_1_204' title='bbox 562 4423 607 4485; x_wconf 92' lang='lat' dir='ltr'>et</span> <span class='ocrx_word' id='word_1_205' title='bbox 642 4386 905 4489; x_wconf 89' lang='lat' dir='ltr'>siccitatibus</span> <span class='ocrx_word' id='word_1_206' title='bbox 941 4381 1194 4528; x_wconf 86' lang='lat' dir='ltr'>profertur,</span> <span class='ocrx_word' id='word_1_207' title='bbox 1233 4423 1277 4487; x_wconf 92' lang='lat' dir='ltr'>et</span> <span class='ocrx_word' id='word_1_208' title='bbox 1319 4384 1512 4490; x_wconf 88' lang='lat' dir='ltr'>vicissim</span> <span class='ocrx_word' id='word_1_209' title='bbox 1546 4425 1653 4488; x_wconf 89' lang='lat' dir='ltr'>con·</span> 
     </span>
     <span class='ocr_line' id='line_1_29' title="bbox 195 4524 1654 4675; baseline 0.003 -50"><span class='ocrx_word' id='word_1_210' title='bbox 195 4524 414 4629; x_wconf 87' lang='lat' dir='ltr'>trahitur.</span> <span class='ocrx_word' id='word_1_211' title='bbox 474 4535 518 4632; x_wconf 84' lang='lat' dir='ltr'>A</span> <span class='ocrx_word' id='word_1_212' title='bbox 562 4528 749 4631; x_wconf 89' lang='lat' dir='ltr'>meridie</span> <span class='ocrx_word' id='word_1_213' title='bbox 789 4529 995 4675; x_wconf 87' lang='lat' dir='ltr'>Euripus,</span> <span class='ocrx_word' id='word_1_214' title='bbox 1032 4568 1126 4671; x_wconf 90' lang='lat' dir='ltr'>quo</span> <span class='ocrx_word' id='word_1_215' title='bbox 1170 4529 1293 4671; x_wconf 89' lang='lat' dir='ltr'>quasi</span> <span class='ocrx_word' id='word_1_216' title='bbox 1338 4565 1515 4671; x_wconf 90' lang='lat' dir='ltr'>gutture</span> <span class='ocrx_word' id='word_1_217' title='bbox 1563 4530 1654 4630; x_wconf 89' lang='lat' dir='ltr'>sive</span> 
     </span>
     <span class='ocr_line' id='line_1_30' title="bbox 202 4671 1655 4813; baseline 0.001 -43.999"><span class='ocrx_word' id='word_1_218' title='bbox 202 4672 338 4808; x_wconf 85' lang='lat' dir='ltr'>gula,</span> <span class='ocrx_word' id='word_1_219' title='bbox 375 4673 493 4775; x_wconf 92' lang='lat' dir='ltr'>unde</span> <span class='ocrx_word' id='word_1_220' title='bbox 535 4714 702 4776; x_wconf 90' lang='lat' dir='ltr'>nomen</span> <span class='ocrx_word' id='word_1_221' title='bbox 744 4674 871 4792; x_wconf 89' lang='lat' dir='ltr'>arci,</span> <span class='ocrx_word' id='word_1_222' title='bbox 906 4711 1024 4776; x_wconf 88' lang='lat' dir='ltr'>mate</span> <span class='ocrx_word' id='word_1_223' title='bbox 1060 4711 1163 4773; x_wconf 85' lang='lat' dir='ltr'>curn</span> <span class='ocrx_word' id='word_1_224' title='bbox 1206 4673 1364 4813; x_wconf 89' lang='lat' dir='ltr'>palude</span> <span class='ocrx_word' id='word_1_225' title='bbox 1406 4671 1655 4773; x_wconf 88' lang='lat' dir='ltr'>committi·</span> 
     </span>
     <span class='ocr_line' id='line_1_31' title="bbox 201 4813 1656 4974; baseline 0.002 -67"><span class='ocrx_word' id='word_1_226' title='bbox 201 4841 312 4932; x_wconf 84' lang='lat' dir='ltr'>tur,</span> <span class='ocrx_word' id='word_1_227' title='bbox 361 4817 566 4923; x_wconf 86' lang='lat' dir='ltr'>GoIetam</span> <span class='ocrx_word' id='word_1_228' title='bbox 615 4818 945 4963; x_wconf 89' lang='lat' dir='ltr'>propemodum</span> <span class='ocrx_word' id='word_1_229' title='bbox 992 4815 1148 4938; x_wconf 87' lang='lat' dir='ltr'>alluit,</span> <span class='ocrx_word' id='word_1_230' title='bbox 1188 4813 1412 4958; x_wconf 90' lang='lat' dir='ltr'>pauloque</span> <span class='ocrx_word' id='word_1_231' title='bbox 1466 4814 1656 4974; x_wconf 77' lang='lat' dir='ltr'>superius</span> 
     </span>
    </p>
   </div>
   <div class='ocr_carea' id='block_1_3' title="bbox 1592 4954 1651 5056">
    <p class='ocr_par' dir='ltr' id='par_1_4' title="bbox 1592 4954 1651 5056">
     <span class='ocr_line' id='line_1_32' title="bbox 1592 4954 1651 5056; baseline 0 -24"><span class='ocrx_word' id='word_1_232' title='bbox 1592 4954 1651 5056; x_wconf 72' lang='lat'><em>11..</em></span> 
     </span>
    </p>
   </div>
   <div class='ocr_carea' id='block_1_4' title="bbox 0 0 2161 5972">
    <p class='ocr_par' dir='ltr' id='par_1_5' title="bbox 0 0 2161 5972">
     <span class='ocr_line' id='line_1_33' title="bbox 0 0 2161 5972; baseline 0 0"><span class='ocrx_word' id='word_1_233' title='bbox 0 0 2161 5972; x_wconf 95' lang='lat' dir='ltr'> </span> 
     </span>
    </p>
   </div>
  </div>
 </body>
</html>
