4292 5984
648 425 1145 502 SUMMARIUM.
1440 425 1600 500 XXXIII.

153 573 290 666 pant,
324 547 430 634 hoste
460 549 498 632 in
546 550 757 636 interiorem
788 550 865 636 alto
1148 553 1261 648 LIB,
1297 555 1383 647 XI.

153 697 267 752 muro
296 667 454 752 cinctam
484 673 656 782 repulso.
925 753 934 772 ,

213 787 397 870 XXXIV.
460 787 682 900 Equitibus,
709 787 776 900 qui
803 817 864 872 au·
962 791 990 870 I.
1038 741 1223 870 Flrmata
1241 784 1396 870 Corone
1428 811 1535 874 novo
1562 819 1623 878 va-

152 901 241 987 xilio
273 903 467 1018 oppidanis
499 929 718 1007 venerant,
752 905 858 988 inter·
917 901 1113 1015 lidiorique
1128 903 1309 1015 praesidio
1326 966 1338 1008 ,
1356 901 1515 990 Carolus
1532 911 1624 994 Cae

153 1019 261 1104 clusis
301 1020 527 1136 concisisque
560 1083 571 1124 ,
609 1019 656 1106 illi
706 1019 864 1132 deditio·
916 1049 972 1104 sar
1010 1045 1049 1104 et
1077 1019 1299 1132 Solymanus
1349 1020 1497 1107 diversis
1528 1026 1624 1110 cuns

154 1163 244 1220 nem
272 1135 438 1238 faciunt3
471 1167 515 1222 ea
546 1137 627 1254 lege
652 1200 664 1243 ,
694 1161 764 1242 ut,
796 1139 859 1248 Ju-
915 1137 1159 1222 solicitantur.
1194 1137 1256 1221 Ille
1284 1136 1504 1224 Pontificem
1537 1144 1620 1226 Ma-

155 1252 255 1338 daeis
286 1282 331 1340 ex
399 1254 443 1340 tis
459 1314 471 1355 ,
488 1255 645 1339 liberum
677 1254 749 1357 sit,
782 1283 863 1367 quo
915 1253 1054 1338 ximum
1085 1282 1152 1366 per
1167 1252 1332 1370 legatum
1361 1281 1471 1360 orat,
1494 1285 1543 1342 ne
1565 1281 1618 1344 ce·

154 1284 448 1485 cujusqueciiiat
464 1372 607 1457 aninus
624 1431 636 1475 ,
654 1371 858 1456 discedere.
914 1393 1013 1455 teros
1049 1370 1231 1482 Principes
1263 1370 1492 1458 Christianos
1533 1401 1622 1460 con·
1717 1464 1719 1475 ,

214 1491 381 1576 XXXV.
440 1489 585 1576 Relicto
612 1491 767 1572 Corone
792 1489 861 1573 Hi·
912 1485 1043 1597 junctis
1088 1488 1196 1572 armis
1236 1488 1285 1573 ad
1317 1487 1457 1574 bellum
1485 1495 1620 1578 Tutci-

155 1635 366 1810 {XXI
390 1605 571 1836 llll
596 1608 861 1834 ,opffi
912 1631 1003 1805 “ll
1027 1603 1480 1809 ‘Illfftlsffilz‘lm
1527 1723 1620 1814 nn
1675 1761 1677 1768 ι
1746 1739 1747 1743 ψ

155 1867 248 1955 gare
281 1841 420 1956 placet.
469 1846 629 1924 Tremor
670 1838 861 1925 minitatus
913 1867 978 1952 per
1009 1838 1212 1952 legationes
1244 1839 1414 1952 petenti,
1439 1840 1505 1955 qui
1535 1843 1619 1959 glo-

155 1979 196 2040 et
226 1958 466 2046 terraemotui
504 1955 701 2043 smtillimus
744 1984 858 2044 naves
911 1955 984 2040 tiae
1028 1955 1155 2041 Caroli
1182 1955 1437 2061 invidebant,
1467 1985 1505 2042 se
1547 1961 1619 2046 suis

153 2072 318 2162 invadit.
912 2070 1103 2186 impendiis
1147 2073 1287 2158 alenae
1335 2073 1437 2160 laudi
1483 2076 1618 2165 servite

212 2195 397 2279 XXXVI.
456 2191 562 2277 Urbe
590 2192 733 2304 direpta
760 2193 861 2308 oppi·
912 2191 1014 2275 nolle
1042 2190 1292 2306 respondent.

153 2307 246 2394 dani
275 2337 400 2395 arcem
431 2309 585 2395 tradunt
617 2337 751 2423 ,quos
779 2315 861 2396 Do
980 2313 1041 2393 III.
1116 2308 1292 2420 Acceptis
1333 2307 1394 2391 bis
1437 2314 1617 2424 responsis

149 2425 209 2508 ria
242 2488 255 2531 ,
285 2451 329 2513 ut
358 2427 407 2510 ab
447 2426 574 2538 injuria
617 2424 745 2510 liberet
774 2427 858 2532 ,in
909 2425 1067 2512 Carolus
1098 2425 1318 2540 praesidum
1343 2423 1448 2537 jubet
1479 2454 1504 2508 a
1540 2430 1617 2512 Co·

151 2569 271 2630 naves
326 2542 527 2656 imponit,
580 2540 858 2662 incolunesque
909 2569 1003 2630 tone
1032 2543 1191 2646 deduci.
1241 2587 1257 2600 ἰ

150 2685 283 2770 postea
312 2659 482 2745 dimittit.
982 2665 1050 2748 IV.
1091 2660 1343 2776 ·Solymanus'
1379 2685 1468 2747 suae
1515 2657 1616 2748 classi

212 2780 411 2862 XXXVII.
468 2775 582 2862 Italici
606 2775 735 2863 milites
758 2807 857 2891 prae
908 2778 1072 2891 praeficit
1127 2777 1382 2864 Charadinum
1435 2777 1615 2865 Barbam

154 2892 244 2978 darn
275 2921 299 2980 a
329 2893 447 2978 Dotia
488 2893 555 2979 sibi
601 2893 690 3009 cripi
728 2895 858 2982 dolen·
908 2924 1023 3000 xant,
1055 2896 1122 3010 qui
1149 2925 1194 2980 ex
1222 2895 1341 3011 ligulo
1370 2894 1532 3007 primum
1560 2898 1615 3011 pi·

13 3117 15 3120 ·
155 3033 254 3116 tes,
296 3005 394 3094 facta
439 3011 639 3096 secessione
689 3011 857 3100 debitum
908 3037 1016 3116 rara,
1041 3013 1177 3098 deinde
1211 3011 1381 3128 Argeliae
1408 3015 1489 3096 Rex
1519 3009 1583 3098 fit.

154 3127 376 3242 stipendium
408 3152 614 3241 exposctmt
647 3155 660 3228 3
691 3129 757 3214 sed
794 3131 858 3214 lar·
967 3129 1017 3212 V.
1075 3135 1136 3212 De
1168 3129 1270 3212 Italia
1313 3127 1424 3244 igitur
1464 3151 1504 3213 et
1540 3131 1610 3214 Hi·

154 3275 207 3360 go
237 3244 354 3330 imbre
394 3269 535 3360 septem
582 3245 857 3333 continentibus
906 3246 1033 3356 spania
1055 3245 1380 3360 adjacentibtuque
1411 3245 1532 3332 insulis
1547 3275 1614 3333 ve·

154 3362 283 3447 diebus
312 3358 527 3448 frumentari
557 3360 858 3481 prohibiti,pau·
905 3361 1037 3447 xandis
1051 3363 1219 3480 cogitans
1243 3425 1256 3466 ,
1283 3358 1454 3447 confecta
1481 3386 1520 3447 et
1543 3362 1613 3448 im-

155 3476 256 3566 Iatim
285 3479 479 3566 discedunt
505 3541 520 3585 ,
547 3503 771 3596 receptaque
801 3511 855 3568 sa-
905 3478 1026 3593 posita
1040 3480 1272 3566 delectorum
1300 3478 1456 3564 militum
1479 3507 1613 3584 manu,

154 3596 272 3684 nitate
297 3597 347 3681 ad
371 3625 485 3683 naves
516 3596 698 3681 redeunt.
906 3595 1163 3682 Charadinum
1189 3599 1228 3683 in
1257 3625 1319 3682 cas
1359 3596 1540 3712 regiones
1571 3616 1613 3678 et

196 3714 411 3798 XXXVIII
455 3713 574 3799 Doria
603 3712 701 3799 sinus
725 3717 855 3800 Corin·
904 3709 1070 3799 Africam
1097 3739 1295 3830 properare
1326 3711 1447 3822 iubet.

155 3831 267 3916 thiaci
293 3827 416 3916 fauces
437 3854 635 3947 oppugnat
650 3892 663 3936 ,
677 3855 715 3916 et
737 3833 857 3919 castel·
962 3833 1030 3916 VI.
1089 3831 1164 3916 Hic
1210 3828 1395 3942 Byzantio
1422 3823 1611 3940 profectus

154 3946 232 4033 lum
258 3977 339 4034 non
383 3948 499 4064 longe
530 3978 553 4034 a
582 3949 674 4034 mari
718 3979 855 4035 arcem-
902 3945 1112 4034 inItaliarn
1133 3945 1301 4060 pervenit
1317 4003 1329 4046 ,
1345 3966 1385 4027 ct
1410 3943 1516 4028 variis
1548 3970 1612 4028 ca·

155 4095 231 4180 quc
264 4065 403 4179 diripit.
902 4064 1010 4150 stellis
1050 4087 1089 4147 et
1126 4059 1271 4175 oppidis
1311 4058 1352 4144 in
1401 4085 1470 4145 ora
1500 4058 1605 4144 Cala-

213 4185 394 4266 XXXlX.
454 4182 525 4266 His
574 4184 683 4268 rebus
724 4186 854 4300 gestis,
902 4182 1004 4264 briae
1019 4177 1165 4265 vastatis
1191 4175 1446 4291 Incensisque,
1476 4203 1608 4262 omnes

154 4299 363 4413 affectuque
407 4299 480 4410 jam
525 4325 709 4384 aununno
759 4301 857 4385 trite·
901 4297 990 4380 Inde
1014 4293 1186 4380 mortales
1212 4292 1378 4408 captivos
1408 4292 1460 4377 ad
1493 4319 1608 4381 navet

156 4418 270 4500 mium
304 4416 581 4533 navigationem
612 4415 855 4522 excludente,
902 4411 1025 4499 ducit.

153 4531 360 4620 inItaliam
389 4533 563 4647 navigat.
960 4532 1045 4615 vn.
1101 4533 1191 4615 Hoc
1232 4532 1396 4614 Romam
1434 4529 1609 4664 nuntiato

901 4677 1060 4764 magnus
1078 4670 1190 4734 timor
1207 4677 1377 4733 ommum
1392 4673 1536 4729 ammos
1559 4673 1608 4729 tn·

905 4767 1010 4855 vadit
1019 4828 1033 4862 .·.
1063 4762 1294 4882 Hippolytus
1318 4762 1493 4960 gledices
1520 4760 1611 4962 Cai-

1169 4907 1198 4968 0
1598 4924 1615 4940 ι

207 4883 313 4972 Tum.
326 4885 358 4972 I.
429 4851 434 4856 Ι
