4294 5972
563 393 650 483 312
958 375 1043 458 uu
1091 375 1292 458 nunus
1342 368 1560 456 Gusr‘rs

515 533 780 692 Republica
811 535 1137 684 Religioneque
1192 537 1440 638 Christiana
1491 533 1663 638 nullum
1707 529 1760 636 sit
1802 573 1887 639 nec
1915 536 1983 640 la-

513 694 702 809 borem,
742 730 822 794 nec
859 721 1084 806 sumtum,
1119 724 1198 784 nec
1236 682 1483 826 periculum
1527 678 1721 822 denique
1765 721 1982 790 recusatu-

510 881 611 948 rus3
647 874 841 939 ceterum
879 831 1035 951 vereri,
1061 871 1117 930 ne
1155 828 1269 929 solus
1315 829 1407 969 ipse
1443 845 1546 928 c'um
1583 821 1716 928 fratre
1753 835 1977 936 Fernando

508 981 736 1088 immensis
785 985 1033 1078 Turcatum
1084 973 1225 1115 copiis
1276 969 1487 1072 obsistere
1525 1011 1617 1073 non
1654 973 1825 1113 possit,
1877 1019 1975 1079 cum

511 1129 661 1230 omnia
696 1123 988 1264 praestiterit,
1041 1160 1156 1262 quae
1193 1116 1306 1216 ratio
1342 1119 1544 1218 locorum
1586 1153 1721 1260 atque
1768 1123 1979 1262 temporis

509 1307 728 1416 pateretur
759 1306 851 1371 tarn
875 1268 1009 1408 longe
1048 1264 1214 1405 positus
1246 1258 1302 1361 ab
1340 1262 1557 1403 Hispania
1584 1299 1766 1362 suorum
1795 1275 1978 1407 Regno·-

511 1457 612 1518 rum
647 1415 821 1556 capite,
857 1415 971 1513 unde
1002 1448 1145 1510 serum
1173 1441 1279 1508 esset
1316 1407 1502 1524 auxilia,
1539 1405 1757 1545 stipendia
1783 1444 1828 1508 et
1854 1451 1979 1512 com·

512 1597 682 1664 meatus
725 1555 922 1660 hostibus
973 1564 1064 1687 jam
1120 1553 1201 1652 iter
1251 1552 1454 1694 ingressis
1515 1589 1791 1690 exspectare.
1840 1557 1980 1679 Quod

513 1705 683 1808 malum
720 1703 756 1802 si
793 1700 1013 1802 accidisset
1049 1698 1097 1797 in
1132 1695 1382 1797 uicinorum
1429 1694 1688 1835 Principum
1725 1696 1890 1798 desidia
1936 1737 1979 1801 et
2126 1759 2127 1766 Ν

513 1841 829 1990 negligentia,
880 1879 923 1943 et
975 1879 1184 1981 magnam
1230 1839 1423 1981 aliquam
1485 1841 1657 1942 cladem
1711 1841 1981 1982 Respublica
2126 1841 2127 1892 ¹

515 1992 865 2092 Christianorum
901 1985 1164 2127 accepisset,
1199 1983 1375 2124 culpam
1412 2017 1455 2084 et
1490 2019 1643 2085 notam
1678 1987 1797 2126 apud
1826 1999 1979 2088 Deum

517 2171 562 2237 et
599 2133 800 2234 homines
836 2169 930 2234 non
965 2167 1089 2230 suam
1115 2123 1235 2247 fore,
1273 2131 1348 2228 sed
1384 2168 1579 2249 eorum,
1619 2131 1698 2270 qui
1734 2172 1777 2230 se
1814 2129 1862 2228 in
1900 2169 1977 2271 pu-

517 2277 632 2380 blica
672 2315 798 2378 causa
833 2275 1148 2387 deseruissent:
1199 2311 1337 2414 quam
1379 2273 1618 2412 perniciem
1668 2273 1974 2416 ct·vitupera-

516 2423 685 2524 tionem
712 2461 755 2520 se
789 2461 880 2520 non
917 2415 1139 2535 dubitare,
1168 2417 1278 2556 quin
1315 2417 1399 2559 ipsi
1432 2454 1572 2517 essent
1599 2455 1872 2562 magnopere
1894 2458 1975 2560 pro

515 2605 589 2665 sua
625 2566 781 2662 virtute
818 2597 862 2660 et
900 2562 945 2669 in
981 2557 1205 2660 Christum
1236 2561 1399 2701 pietate
1430 2561 1643 2660 vitaturi.

587 2717 699 2808 VllI.
774 2713 874 2804 Hac
909 2703 1132 2845 legatione
1167 2706 1328 2805 eodem
1361 2702 1448 2805 fere
1473 2741 1673 2846 tempore
1710 2704 1830 2808 etin
1861 2744 1975 2809 earn⁵

512 2854 618 2951 dem
652 2850 980 2991 propemodum
1017 2849 1280 2953 sententiam
1322 2847 1517 2991 Regibus
1560 2851 1796 2990 exposita,
1834 2851 1977 2951 Gallus

514 2993 619 3094 haec
645 2994 693 3094 in
728 3031 902 3094 summa
938 2993 1194 3134 respondit:
1233 2993 1482 3135 Religionis
1519 3029 1563 3094 et
1593 2993 1807 3094 libertatis
1843 2993 1977 3096 Chri-

514 3137 706 3258 stianae,
731 3176 919 3278 quatum
946 3176 1123 3278 semper
1150 3132 1301 3238 fuisset
1337 3138 1576 3256 studiosus,
1612 3136 1834 3278 publicam
1868 3178 1974 3238 cau·

515 3320 607 3384 sam
642 3321 686 3381 se
721 3320 970 3422 numquam
1006 3322 1093 3382 csse
1128 3281 1457 3423 neglecturums
1493 3317 1682 3382 ceterum
1711 3323 1856 3423 neque
1881 3321 1975 3382 suas

515 3461 657 3568 partes
693 3464 781 3526 esse
818 3424 1141 3544 Germaniam,
1189 3426 1225 3524 si
1254 3423 1452 3526 bellua
1495 3427 1651 3526 Turcis
1688 3427 1978 3546 lacesseretur,

516 3565 780 3688 defendere,
818 3609 899 3670 nec
935 3582 1262 3671 Germanorum
1305 3569 1519 3672 virtutem
1556 3605 1598 3668 et
1641 3570 1754 3670 vires
1796 3571 1978 3692 animis,

516 3749 566 3814 ut
602 3753 678 3855 par
713 3749 848 3832 essct,
886 3711 1263 3814 consentientibus
1299 3750 1477 3814 externa
1518 3713 1678 3815 auxilia
1719 3718 1786 3815 ad.
1817 3712 1979 3816 bellurn

515 3857 761 4000 quamlibet
797 3897 932 3999 grave
968 3852 1297 3958 defendendum
1338 3859 1608 3959 desiderare.
1660 3872 1794 3959 Daret
1839 3859 1978 4001 igitur

514 4039 695 4143 operam
742 4009 964 4122 Carolus,
1013 4037 1064 4100 ut
1099 4002 1225 4145 quod
1261 4041 1286 4100 a
1321 4043 1364 4102 se
1401 4038 1570 4144 peteret
1601 4003 1648 4103 in
1680 4002 1853 4112 alienos
1894 4001 1979 4103 hoc

511 4143 783 4287 Principibus
831 4184 875 4246 et
927 4147 1102 4287 populis
1161 4145 1388 4248 Germanis
1440 4149 1487 4248 in
1533 4147 1730 4291 ipsorum
1782 4147 1978 4289 periculo

510 4293 817 4428 persuaderem
855 4331 916 4390 se.
935 4325 1113 4412 tamen,
1153 4293 1278 4433 quod
1303 4291 1370 4392 sui
1398 4286 1538 4392 officii
1561 4293 1704 4434 magis
1741 4333 1831 4394 esse
1862 4293 1977 4394 vide·

509 4469 656 4550 retur,
696 4436 840 4534 Italiae
878 4435 1082 4555 tutelam,
1121 4436 1157 4536 si
1196 4437 1258 4536 ita
1302 4437 1466 4539 Carolo
1509 4437 1707 4578 placeat,
1757 4434 1843 4537 sibi
1887 4473 1974 4535 nort

507 4610 681 4718 gravate
717 4611 993 4695 sumturum,
1016 4575 1222 4680 confecto
1257 4582 1486 4700 exercitu,
1507 4591 1628 4714 cujus
1665 4588 1838 4684 summa
1869 4612 1974 4679 esset

507 4723 888 4868 cataphractorum
929 4721 1134 4870 equitum
1189 4722 1326 4830 trium
1338 4803 1354 4850 ,
1401 4725 1611 4871 pediturn.
1653 4723 1979 4874 quinquaginta

1875 4865 1978 4972 mil
