4294 5984
583 495 639 586 70
934 483 1017 563 oa
1062 479 1261 560 nauus
1305 476 1536 560 casms

523 647 667 792 Igitur
697 639 931 788 vectigalia
955 635 1099 779 Regia
1136 671 1273 774 parvo
1299 632 1478 734 vendita
1514 625 1674 734 redimi
1711 627 1870 740 eodem
1908 677 1998 780 pre·

467 843 473 862 1
528 797 627 902 tio;
655 825 816 911 cetera,
854 818 1081 885 utcontra
1109 786 1222 921 leges
1251 779 1416 878 donata
1442 771 1640 898 fiterant,
1677 777 1737 881 sic
1773 782 1820 884 in
1853 787 1997 927 regios
2128 795 2129 800 ‘

526 936 689 1038 reditus
726 935 817 1032 sine
853 927 997 1071 pretio
1033 923 1229 1026 revocari
1263 959 1497 1066 oportere,
1535 924 1675 1025 aede
1718 922 1785 1024 his
1831 963 1873 1028 et
1917 971 1996 1030 ce·-

525 1081 626 1182 teris
661 1075 870 1192 decretis,
908 1112 1020 1214 quae
1056 1106 1183 1210 supra
1219 1066 1446 1187 diximus,
1482 1101 1574 1168 tam
1610 1103 1807 1171 accurate
1844 1107 1888 1172 et
1925 1075 1993 1175 di-
2129 1069 2130 1092 ³

525 1225 710 1367 ligenter
742 1215 911 1363 legibus
940 1212 1095 1316 sanciri
1121 1247 1256 1352 atque
1290 1211 1470 1332 caveri,
1508 1247 1559 1314 ut
1583 1213 1724 1315 nullus
1758 1214 1880 1317 locus
1912 1215 1992 1319 ab·

526 1363 753 1511 rogationi
789 1364 1130 1504 relinqueretur.

534 1591 538 1598 -
578 1518 727 1614 XXX.
781 1511 862 1610 Sed
884 1541 983 1606 ante
1015 1500 1170 1603 omnia
1197 1498 1408 1601 Torsillas
1440 1500 1689 1643 oppidum,
1726 1543 1820 1647 quo
1847 1512 1994 1644 Joan·
2131 1523 2132 1570 ¹

526 1695 584 1760 na
616 1653 792 1797 Regina
834 1647 1172 1766 continebatur,
1219 1645 1427 1786 occupari
1463 1647 1644 1787 placet,
1680 1687 1730 1749 ac
1777 1653 1995 1791 experiri,

527 1802 657 1941 siquo
693 1798 835 1898 modo
872 1792 980 1895 baec
1022 1789 1164 1892 sanari
1206 1823 1249 1890 et
1290 1790 1339 1890 in
1383 1829 1486 1890 eum
1530 1789 1689 1892 mentis
1730 1828 1892 1896 statum
1927 1837 1994 1896 re·
2132 1808 2133 1872 l

530 1945 635 2046 duci
669 1942 840 2061 valeat,
875 1973 926 2040 ut
962 1935 1066 2038 viris
1103 1932 1391 2076 prudentibus
1428 1931 1638 2035 adhibitis
1673 1945 1887 2080 Regnum
1923 1979 1995 2083 gu-
2132 1931 2133 1950 i

500 2085 708 2194 'bernare
742 2123 868 2227 posse
904 2082 1133 2183 videatur.
1177 2089 1303 2192 Quae
1340 2079 1377 2178 si
1418 2080 1560 2179 modo
1595 2079 1910 2204 adduceretur,
1945 2119 1994 2184 ut
2133 2161 2134 2174 l

530 2230 733 2372 ipsorum
762 2227 936 2372 publice
960 2225 1130 2327 decreta
1157 2223 1486 2365 diplomataque
1510 2219 1903 2367 subscriptionibus
1930 2224 1994 2328 fir·
2133 2219 2134 2224 Ν

529 2409 700 2494 maret,
730 2371 828 2474 satis
858 2369 1091 2472 honestam
1120 2367 1336 2470 rationem
1366 2367 1619 2470 inventuros
1655 2409 1743 2470 sese
1778 2369 1991 2511 putabant

529 2519 587 2620 ad
614 2517 851 2634 Carolum‚
879 2517 1023 2614 donec
1060 2510 1118 2610 ad
1153 2511 1442 2613 maturiorem
1476 2526 1641 2655 Regno
1677 2549 1859 2616 aetatem
1898 2551 1997 2657 per-

530 2661 745 2778 venisset,
780 2699 808 2759 a
852 2693 998 2758 retum
1035 2651 1336 2800 gubernaculis
1373 2657 1703 2795 dejiciendum,
1737 2697 1787 2760 ae
1821 2693 1873 2760 ut
1909 2658 1993 2802 ipsi

530 2801 640 2904 nihil
676 2836 845 2944 praeter
880 2799 995 2944 leges
1033 2836 1078 2900 et
1114 2838 1287 2902 morem
1323 2809 1545 2934 majorum
1572 2841 1697 2945 agere
1727 2803 1995 2906 viderentur.
2135 2829 2136 2834 '

532 2946 707 3066 Quibus
733 2944 859 3047 rebus
887 2943 975 3047 boc
1000 2984 1205 3087 quoque,
1240 2950 1365 3086 quod
1400 2947 1449 3046 in
1485 2949 1638 3087 primis
1673 2947 1994 3066 moliebantur,
2035 3025 2038 3034 .

533 3082 648 3191 effici
684 3128 806 3230 posse
842 3086 1177 3212 existimabant,
1212 3125 1262 3190 ut
1296 3092 1476 3194 Carolus
1515 3085 1845 3195 difficultatibus
1884 3089 1990 3193 affe-

532 3268 625 3334 ctus
661 3233 773 3334 boni
804 3233 1073 3353 consuleret,
1110 3234 1147 3333 si
1182 3231 1407 3375 quibusvis
1443 3233 1775 3338 conditionibus
1810 3272 1855 3336 er
1884 3233 1990 3378 legi-

533 3375 614 3479 bus
648 3376 699 3476 in
733 3377 880 3519 Regni
914 3377 1360 3502 administrationem,
1397 3414 1537 3480 matre
1583 3379 1787 3499 vivente,
1831 3379 1998 3521 recipe*

535 3555 681 3622 retur.
720 3520 918 3623 Torsillis
953 3521 1088 3666 igitur
1123 3523 1382 3666 occupatis,
1419 3533 1648 3667 ejectoque
1682 3523 1835 3626 Dianii
1872 3528 1997 3623 Mar-

535 3660 723 3784 chione,
750 3665 974 3807 Reginae,
1003 3701 1054 3767 ut
1090 3706 1215 3809 supra
1244 3668 1462 3789 diximus,
1496 3670 1736 3811 magistro,
1768 3667 1996 3810 populares

535 3807 738 3908 animum
768 3810 967 3954 Reginae
988 3851 1013 3911 a
1037 3812 1201 3913 Carolo
1234 3809 1327 3914 filio
1364 3811 1531 3913 cunctis
1560 3808 1799 3913 rationibus
1831 3809 1997 3911 aliena-

537 3985 584 4049 re
618 3951 852 4074 nituntur,
873 3954 978 4056 inde
1013 3954 1293 4098 potissimum
1328 3957 1377 4057 in
1409 3955 1622 4058 invidiam
1646 3955 1773 4096 'apud
1811 3989 1997 4055 matrem

536 4129 771 4218 vocantes,
807 4097 933 4240 quod
959 4097 1052 4240 ipsa
1075 4099 1251 4202 vivente
1281 4139 1370 4201 sese
1403 4107 1576 4244 Regem
1592 4101 1597 4108 ’
1616 4097 1822 4244 appellari
1846 4097 1993 4232 jussis·

536 4272 626 4340 set.
657 4241 738 4341 Sed
772 4280 874 4341 cum
907 4240 1015 4342 nihil
1050 4242 1340 4386 proficerent,
1380 4285 1462 4347 nec
1498 4245 1585 4346 ulla
1621 4243 1793 4346 ratione
1830 4240 1888 4344 ab
1923 4279 1994 4340 ae-

540 4418 742 4522 grotante
786 4385 960 4527 Regina
998 4386 1231 4527 impetrare
1266 4425 1470 4532 possent,
1505 4424 1557 4491 ut
1591 4387 1785 4531 cuipiam
1821 4388 1994 4487 decreto

538 4525 611 4624 vel
653 4525 887 4666 diplomati
927 4527 1234 4652 subscriberet,
1276 4573 1369 4634 non
1412 4571 1562 4634 tamen
1597 4533 1656 4636 ab
1695 4533 1871 4671 incepto
1913 4523 1998 4626 sibi

539 4666 830 4771 desistendum
867 4704 1156 4811 putaverunt3
1183 4675 1254 4778 sed
1289 4713 1342 4777 ex
1376 4675 1572 4776 Torsillis
1589 4673 1615 4798 ‚³
1640 4677 1812 4817 oppido
1849 4669 2002 4772 multi-

537 4803 697 4914 fariam
732 4849 1015 4959 opportun0‚
1059 4815 1256 4964 reliqua,
1289 4857 1339 4924 ut
1378 4817 1681 4968 instituerant,
1716 4815 1998 4922 administra·-

538 4951 677 5060 bant.

1894 5110 2001 5244 Jo.
