4326 5986
511 547 512 554 ,
571 459 663 571 464
979 473 1062 554 DE
1107 475 1304 557 REBUS
1343 473 1562 560 GESTIS
1605 548 1607 555 ,

522 637 651 742 nibus
686 634 792 737 fe're¹
812 633 1018 738 omnibus
1055 633 1284 778 naufragio
1321 638 1538 778 perieram
1583 634 1714 738 altera
1732 635 1864 740 'circa
1898 653 1969 744 Sa-

526 823 691 884 vonam
728 783 970 882 interram
1006 783 1199 910 dejecta,
1237 820 1340 880 cum
1377 782 1433 880 ad
1465 781 1614 880 brevia
1650 817 1693 882 et
1727 785 1889 886 vadosa
1912 767 1962 886 lo

523 967 574 1027 ca
610 924 802 1045 haerens]
833 919 1146 1042 afflictaretur,
1190 959 1233 1022 et
1273 924 1474 1025 fluctibus
1513 924 1722 1062 paulatim
1768 927 1969 1067 implere·

521 1107 626 1188 tur,
663 1070 851 1210 spatium
885 1068 1008 1167 dedit
1042 1064 1300 1168 mortalibus
1337 1065 1662 1184 descendendi,
1695 1107 1808 1210 quos
1843 1085 1968 1171 Savo-

522 1251 675 1312 nenses
712 1209 909 1313 officiosa
947 1210 1175 1353 diligentia
1210 1249 1313 1310 cum
1353 1203 1519 1349 scaphis
1554 1247 1819 1314 accurrentes
1864 1215 1969 1314 exei-

528 1351 731 1492 piebant.
1536 1482 1539 1492 ,

595 1507 801 1600 XXVIII.
841 1505 1027 1598 'Unam
1070 1497 1209 1597 modo
1245 1529 1425 1596 noctem
1460 1495 1643 1597 Carolus
1680 1495 1735 1594 ad
1779 1495 1967 1599 Palamo·
2009 1502 2013 1510 ’

523 1673 620 1741 sum
655 1675 987 1757 commoratus,
1025 1639 1343 1756 Valdolitum,
1382 1637 1461 1740 ubi
1496 1677 1604 1737 uxor
1639 1669 1681 1738 et
1716 1636 1837 1740 liberi
1869 1680 1966 1740 mo-

413 1845 417 1851 ·
515 1783 773 1900 -rabantur,
816 1785 870 1882 ad
913 1781 1169 1881 Concilium
1213 1780 1562 1880 Castellanorum
1606 1776 1886 1880 indicendum
1919 1823 1966 1880 a·

521 1927 804 2065 gendumque
855 1959 929 2062 per
981 1960 1118 2060 equos
1170 1919 1405 2058 dispositos
1456 1919 1602 2060 paucis
1659 1921 1966 2025 comitantibus

520 2064 837 2206 proficiscitur,
862 2063 1084 2164 Francisco
1117 2073 1279 2180 Covo,
1308 2099 1352 2162 et
1381 2061 1804 2186 Nicola'o-Percnoto
1832 2075 1968 2166 Gran-

520 2210 618 2306 vela
655 2213 736 2347 pro
781 2247 855 2305 sua
890 2205 1200 2306 consuetudine
1240 2204 1296 2303 ad
1333 2245 1418 2324 ea,
1457 2243 1569 2344 quac
1605 2201 1700 2303 lieri
1726 2201 1852 2308 'velle
1886 2210 1965 2308 do·

520 2386 699 2471 cuerat,
738 2337 1006 2488 expedienda
1041 2383 1083 2446 et
1121 2385 1203 2488 pro
1248 2385 1323 2446 sua
1359 2346 1589 2486 prudentia
1631 2345 1966 2450 administranda

366 2524 379 2618 f
520 2529 744 2591 remanere
779 2489 996 2617 jussis,ut
1032 2489 1123 2588 sine
1161 2485 1323 2589 horum
1352 2488 1562 2606 consilio,
1584 2489 1709 2628 quod
1732 2529 1856 2630 saepe
1890 2494 1965 2597 de-

376 2649 382 2654 ’
519 2667 811 2747 momtratum
839 2639 937 2748 est,
978 2629 1086 2730 nihil
1120 2625 1209 2730 fere
1244 2631 1376 2770 paulo
1412 2631 1573 2763 modo,
1596 2629 1770 2772 gravius
1806 2669 1962 2734 secreto

520 2775 783 2876 comtituere
818 2771 1024 2893 solebat,
1064 2808 1239 2913 propter
1275 2771 1536 2914 singularem
1578 2773 1804 2912 utriusque
1845 2776 1964 2876 indu-

409 2981 414 2988 ·
518 2917 697 3036 striam,
735 2953 777 3016 et
812 2914 861 3014 in
896 2915 1086 3016 consiliis
1121 2914 1320 3014 ineundis
1357 2913 1663 3054 prudentiam.
1700 2918 1793 3016 Hic
1820 2918 1876 3018 de
1898 2959 1964 3018 so·

511 3061 673 3187 ¹eierare
709 3093 752 3158 et
785 3051 1003 3174 foedere,
1033 3049 1157 3196 quod
1193 3069 1289 3159 Rex
1323 3057 1467 3157 Gallu's
1503 3069 1606 3158 cum
1641 3057 1844 3198 Principe
1860 3067 1963 3160 Tur-

519 3237 671 3300 carum
706 3198 890 3317 inierat,
927 3198 1114 3298 certiora
1143 3240 1195 3297 ex
1230 3199 1413 3339 captivis
1449 3199 1605 3298 Tu'rcis
1641 3201 1822 3340 cognita
1849 3237 1961 3320 sunt,

518 3343 687 3481 quippe
731 3355 962 3458 Bazanus,
1007 3381 1141 3481 quem
1190 3337 1246 3438 ab
1291 3338 1488 3438 Herculis
1532 3377 1661 3481 portu
1704 3343 1753 3441 in
1801 3345 1961 3482 Hispa-

518 3485 639 3585 niam
681 3483 860 3584 missum
900 3476 1029 3582 fuisse
1071 3480 1504 3602 demonstravimus,
1542 3483 1639 3584 sinu
1686 3481 1962 3586 Narbonensi

519 3627 799 3742 transmisso,
834 3661 926 3722 non
952 3625 1121 3764 'procul
1140 3620 1336 3725 ¹Veneris
1374 3659 1507 3764 portu
1542 3625 1591 3724 in
1634 3626 1847 3726 sexdecim
1884 3627 1961 3728 tri-

516 3768 708 3868 remium
747 3783 803 3866 et'
833 3761 1012 3906 septem·
1050 3765 1287 3866 biremium
1334 3768 1511 3870 classem
1553 3766 1736 3868 incidit,
1791 3779 1960 3870 Harum

518 3909 701 4010 navium
737 3907 973 4008 duodecim
1008 3909 1198 4008 triremes
1235 3943 1356 4006 erant
1392 3908 1618 4026 Gallicae,
1658 3907 1803 4010 ethis
1840 3949 1960 4049 prae-

518 4089 611 4152 erat
645 4048 1038 4166 Samblancardus,
1077 4087 1243 4151 ceterae
1284 4051 1531 4169 Turcicac,
1567 4088 1674 4189 quas
1716 4053 1958 4154 Adurama-

518 4191 654 4297 hellus
697 4193 924 4299 ducebats
965 4193 1144 4332 utrique
1189 4190 1429 4330 conspicati
1477 4193 1616 4292 modo
1675 4194 1740 4295 H·
1795 4193 1960 4297 anicam

520 4335 695 4436 classem
740 4373 825 4434 sese
859 4328 989 4474 fugae
1031 4334 1079 4436 in
1114 4335 1250 4435 alrum
1287 4334 1469 4432 dedere.
1501 4333 1707 4436 ¹Alvarus
1730 4232 1961 4477 iirgientes

517 4503 750 4616 parumper
796 4476 1045 4595 insecutus,
1085 4475 1295 4614 consequi
1348 4513 1471 4615 posse
1518 4474 1696 4616 propter
1734 4480 1959 4619 'remigum

519 4618 842 4736 lassitudinem,
875 4619 953 4756 qui
987 4619 1134 4716 sinum
1170 4613 1503 4720 Narbonensem
1521 4621 1798 4758 remigando
1835 4656 1956 4720 trans-

521 4761 767 4884 miserant,
813 4755 1047 4895 diflidens,
1086 4797 1211 4902 capta
1245 4760 1433 4864 Turcic‘a
1467 4801 1556 4866 una
1592 4761 1809 4886 'bireme,
1849 4799 1958 4901 quae

1859 4903 1957 5004 clas-
