4294 5972
567 439 651 548 278
949 447 1033 528 os
1079 439 1285 524 nasus
1326 433 1546 518 cnsrrs

516 651 707 720 extrema
745 608 940 740 ejusdem
977 599 1117 704 noctis
1155 632 1308 740 quarta
1343 593 1497 736 vigilia
1538 593 1642 691 cuni
1677 585 1987 732 Hispanorum·

515 763 654 864 tribus
691 752 883 856 millibus
922 782 1150 886 erumpens
1194 744 1243 843 in
1278 774 1414 841 castra
1450 737 1626 838 minora
1661 744 1918 869 contendit,
1937 785 1987 850 et

512 899 791 1010 intervallum
828 891 882 994 ab
920 891 1159 992 Atriarano
1197 919 1402 988 notatum
1437 915 1659 1021 occupat,
1690 883 1780 986 loci
1816 926 1983 1030 oppor-

514 1048 748 1146 tunitatem
784 1034 980 1180 agnoscit
994 1109 1009 1154 ‚
1031 1071 1074 1134 et
1109 1031 1189 1133 ubi
1225 1067 1399 1155 cetera,
1426 1065 1539 1168 quae
1576 1026 1862 1131 nuntiaverat
1895 1041 1981 1136 Ar-

507 1191 742 1305 -riaranus,
776 1221 826 1282 ex
862 1181 1048 1323 captivis
1085 1175 1343 1319 comperit,
1388 1171 1546 1274 relictis
1581 1170 1648 1273 ibi
1684 1173 1901 1278 militibus
1934 1181 1983 1282 in

516 1330 675 1433 urbem
711 1327 727 1431 i
762 1367 803 1428 se
840 1324 1045 1432 revertit3
1066 1323 1353 1424 Philibertum
1388 1318 1444 1417 dc
1480 1314 1607 1417 rebus
1645 1319 1855 1424 omnibus
1891 1357 1981 1424 cer·

517 1478 681 1578 tiorern
715 1369 845 1591 dicit,
881 1463 1299 1606 communicatoque
1336 1460 1521 1563 consilio
1565 1459 1715 1604 copias
1752 1505 1908 1569 omnes
1942 1507 1982 1570 e-

517 1624 678 1722 ducere
713 1652 757 1719 et
792 1613 1018 1716 Gallorum
1053 1609 1230 1711 minora
1265 1644 1401 1708 castra
1436 1625 1698 1750 oppugnare
1735 1611 1898 1752 placet.
1930 1614 1981 1714 Iis

510 1757 657 1867 etiam
692 1757 888 1864 deductis
923 1757 1003 1899 qui
1039 1791 1243 1857 montem
1278 1752 1388 1854 Divi
1423 1751 1609 1851 Martini
1645 1756 1981 1878 custodiebant,

519 1908 670 2051 paucis
707 1903 932 2046 pracsidio
959 1901 1063 2002 cum
1098 1939 1193 1999 uno
1231 1896 1361 2040 signo
1398 1895 1583 1996 militari
1618 1896 1795 2018 relictis,
1831 1899 1983 2000 mino-

519 2051 638 2153 ribus
682 2048 829 2150 castris
873 2044 1276 2188 appropinquantes
1313 2117 1329 2161 ,
1369 2039 1593 2184 occupatis
1636 2043 1897 2184 opportunis
1940 2083 1981 2146 et

506 2189 804 2337 aequioribus
840 2192 966 2312 locis,
996 2192 1108 2291 acies
1145 2190 1367 2291 instruunt
1397 2187 1458 2286 sic
1485 2183 1638 2287 animo
1664 2188 1825 2328 parati,
1852 2188 1981 2307 ut‚si

522 2375 681 2481 coepta
717 2338 1048 2479 oppugnatione
1102 2333 1245 2436 hostes
1289 2329 1375 2432 suis
1420 2328 1616 2431 subsidio
1652 2369 1706 2429 ex
1741 2330 1978 2468 majoribus

525 2484 668 2586 castris
705 2483 925 2592 venirent,
946 2478 1112 2578 collatis
1149 2475 1284 2618 signis
1320 2472 1607 2576 dimicarent.

594 2636 746 2727 XLIII.
821 2623 907 2724 His
941 2617 1070 2722 rebus
1106 2619 1298 2764 cognitis
1333 2618 1564 2720 Gallorum
1600 2617 1732 2720 duces
1768 2657 1870 2722 octo
1907 2617 1976 2722 cir-

433 2902 435 2904 ·
524 2766 630 2872 citer
666 2763 902 2869 hominum
936 2766 1077 2866 millia
1115 2803 1220 2867 cum
1255 2801 1422 2908 magno
1458 2798 1788 2867 tormentorum
1824 2805 1979 2868 nume·

522 2951 573 3015 to
599 2907 795 3014 subsidio
830 2909 1128 3014 laborantibus
1150 2911 1236 3011 suis
1264 2911 1476 3028 mittunt,
1501 2909 1582 3051 qui
1611 2947 1811 3052 peream
1837 2911 1953 3013 viam
1967 2985 1981 3034 ‚

524 3094 612 3200 qua
647 3055 789 3158 hiatus
825 3093 988 3176 terrae,
1026 3053 1082 3156 de
1118 3092 1210 3196 quo
1253 3092 1382 3197 supra
1424 3054 1692 3177 docuimus,
1740 3055 1981 3191 interjccnu

509 3238 644 3321 -erat,
667 3198 912 3344 progressi,
932 3233 1222 3342 posteaquam
1256 3199 1354 3299 loca
1389 3197 1613 3339 superiora
1642 3235 1670 3300 a
1699 3200 1983 3320 Caesarianis,

516 3342 687 3486 quibus
723 3384 847 3486 pares
888 3381 975 3449 esse
1020 3379 1112 3446 non
1155 3377 1330 3486 possent
1344 3417 1359 3463 ,
1402 3344 1539 3447 teneti
1594 3339 1983 3465 animadvertunt,

526 3523 857 3591 tormentorum
894 3490 987 3592 telis
1025 3488 1195 3590 eminus
1233 3487 1396 3590 emissis
1434 3525 1481 3590 re
1517 3483 1678 3590 infecta
1718 3487 1764 3592 in
1800 3529 1875 3592 sua
1913 3524 1985 3588 ca·

506 3667 611 3735 stra
647 3630 703 3734 ab
740 3631 941 3734 hostibus
977 3629 1127 3767 rejecti
1162 3669 1455 3738 reverterunt.
1508 3635 1872 3778 Hoccognito,
1912 3629 1986 3776 qui

525 3775 773 3880 minoribus
808 3776 952 3880 castris
994 3774 1371 3902 continebantur,
1417 3775 1599 3882 salutem
1642 3781 1867 3880 dumtaxat
1915 3817 1985 3920 pa·

526 3922 730 4023 ciscentes
780 3917 897 4024 facta
948 3923 1173 4026 deditione
1229 3961 1315 4025 sese
1361 3925 1410 4026 in
1452 3920 1817 4027 Caesarianorum
1854 3957 1986 4063 potc-

527 4099 684 4166 statem
719 4068 1034 4207 permiserunt.
1092 4079 1243 4184 Quam
1277 4064 1505 4171 fortunam
1535 4065 1693 4170 caeteri
1729 4101 1988 4184 metuentes,

526 4249 610 4312 nec
644 4210 745 4312 satis
780 4215 1002 4346 majorum
1038 4248 1274 4316 castrorum
1310 4213 1635 4317 munitionibus
1673 4209 1856 4314 fidentes
1887 4247 1986 4352 pro·

506 4353 648 4453 'xima
683 4394 813 4457 nocte
849 4395 1040 4460 extrema
1077 4358 1263 4461 secunda
1289 4356 1444 4502 vigilia
1477 4358 1650 4459 silentio
1679 4356 1827 4458 castris
1859 4389 1988 4496 egres-

528 4494 565 4593 si
607 4497 849 4598 Adversam
885 4503 1143 4639 proximum
1185 4501 1440 4644 oppidum,
1482 4535 1576 4643 quo
1613 4499 1798 4603 tutiores
1835 4535 1987 4597 muro-

509 4675 630 4749 ·,rum
666 4641 880 4782 praesidio
916 4638 1098 4762 forent,
1124 4647 1422 4747 contendunt.
1461 4659 1569 4748 Hoc
1604 4643 1662 4746 ab
1699 4635 1988 4787 exploratori-

510 4777 612 4886 bus
646 4789 941 4912 renuntiato,
984 4787 1202 4933 equitatus
1237 4792 1519 4894 Caesarianus
1559 4787 1608 4892 in
1643 4783 1863 4932 fugientes
1899 4783 1990 4945 'up

1894 4963 1994 5032 mrs-
