4294 5972
577 448 828 534 CAROLI
871 447 923 534 V·
963 452 1076 535 ΗΒ.
1108 460 1187 537 ΙΧ.
1493 469 1575 560 303

158 655 260 722 cunr
310 609 491 718 monitis
544 607 834 754 precibusque
870 605 1059 712 cohibiti
1108 608 1165 713 ab
1201 609 1459 722 insectandis
1503 623 1621 726 Italis

157 764 398 880 desistunt,
434 795 569 900 arque
603 756 650 859 in
683 794 822 858 castra
857 793 1134 858 revertuntur
1149 834 1164 878 ,
1192 763 1446 866 custodibus
1482 769 1619 872 etiam

156 908 274 1012 urbis
311 901 670 1047 quiescentibus,
712 901 794 1044 qui
830 902 916 1002 tela
952 943 1004 1004 ex
1048 942 1182 1005 muro
1225 917 1498 1039 conjecerant
1543 914 1619 1014 in-

156 1053 259 1156 vitis
319 1048 555 1193 oppidanis
605 1087 654 1149 ac
701 1087 864 1190 magna
907 1087 1019 1150 voce
1072 1051 1399 1176 monentibus,
1442 1096 1500 1158 ne
1539 1098 1617 1160 sua

156 1197 400 1298 temeritate
437 1233 592 1335 pacem
618 1193 666 1294 in
701 1190 893 1292 civitatis
925 1193 1106 1294 exitium
1133 1195 1460 1337 perturbarent,
1498 1203 1623 1344 quod

155 1342 342 1443 exitium
379 1341 438 1441 eis
474 1335 614 1441 fuerat
648 1337 779 1438 initio
816 1338 1113 1440 contentionis
1155 1382 1181 1441 a
1223 1341 1404 1448 ducibus
1464 1358 1623 1448 Caesa-

153 1487 316 1605 rianis,
351 1485 398 1585 ni
435 1524 534 1584 suos
570 1524 597 1583 a
627 1520 792 1726 1pugna
827 1515 871 1580 et
917 1485 1149 1625 eruptione
1191 1488 1498 1617 continerent,
1547 1495 1624 1593 de-

155 1631 441 1737 nuntiatumr
491 1668 585 1771 quo
647 1663 794 1726 actum
845 1660 942 1748 est,
983 1666 1040 1727 ne
1092 1631 1293 1733 custodes
1343 1672 1622 1777 erumperent

98 1881 100 1884 ,
154 1810 324 1914 praeter
359 1813 522 1916 paucos
557 1810 745 1876 numero
782 1769 954 1870 circiter
990 1770 1295 1917 quingentos,
1331 1781 1431 1918 qui,
1457 1817 1507 1880 ut
1533 1791 1621 1880 Ita-

155 1919 208 2018 lis
245 1915 537 2020 laborantibus
573 1956 709 2057 opem
747 1907 938 2034 ferrent,
974 1914 1140 2046 injussu
1182 1918 1302 2022 ducis
1341 1960 1619 2065 erumpentes

157 2063 488 2205 oppidanorum
534 2054 796 2162 clamoribus
844 2057 1038 2158 revocati
1081 2094 1222 2182 sunt,
1271 2065 1489 2208 simulque
1531 2069 1621 2174 Hi-

159 2245 398 2349 spanorum
436 2205 526 2306 telis
563 2201 676 2307 intra
711 2198 869 2302 urbem
904 2200 1085 2334 rejecti.

249 2360 413 2450 XXIII.
505 2347 578 2449 Ad
621 2345 739 2447 hunc
782 2347 973 2450 modum
1019 2348 1166 2449 sedata
1208 2349 1423 2451 seditione
1467 2352 1623 2454 miliri-

159 2489 329 2636 busque
373 2494 421 2594 in
464 2491 649 2634 gratiam
693 2491 907 2610 reversis,
944 2489 1180 2594 Florentini
1232 2493 1360 2595 dictis
1409 2496 1621 2638 acceptis-

160 2677 251 2778 que
302 2631 634 2738 conditionibus
686 2676 729 2734 se
773 2635 822 2734 in
866 2633 1110 2735 Clementis
1158 2636 1380 2738 Pontificis
1424 2673 1623 2778 potesta-

157 2815 251 2881 tem
287 2780 605 2923 permiserunt,
660 2788 782 2909 cujus
825 2777 1051 2877 voluntate
1086 2779 1254 2919 reliquo
1297 2783 1491 2883 exercitu
1534 2784 1621 2885 cir·
1684 2877 1685 2884 a

158 2925 269 3024 citer
305 2964 443 3025 nonas
493 2919 758 3064 Septembris
809 2920 1059 3022 discedente
1102 2931 1428 3029 Germanorum
1470 2927 1624 3066 praesi-

158 3069 285 3168 dium
328 3103 390 3168 est
432 3067 723 3208 impositum,
770 3065 1005 3207 statimque
1052 3064 1172 3169 missi
1216 3065 1273 3166 ab
1316 3070 1475 3169 eodem
1520 3071 1623 3170 cle-

158 3247 341 3331 mente,
394 3212 474 3351 qui
522 3211 689 3313 civibus
734 3209 949 3350 primariis
986 3206 1162 3309 sublatis
1215 3211 1336 3314 viam
1379 3213 1622 3348 tyrannidis

159 3355 385 3456 munitent
421 3354 673 3455 Alexandro
714 3353 887 3454 Medici
934 3352 1242 3473 adolescenti,
1288 3357 1444 3497 gentili
1490 3392 1623 3496 arque

157 3499 418 3640 propinquo
455 3537 564 3617 suo,
608 3535 745 3638 quem
782 3498 874 3637 ipse
910 3493 1147 3596 debellatae
1184 3501 1350 3640 patriae
1387 3535 1623 3637 tyrannum

156 3642 405 3785 imposuit,
440 3639 605 3743 crudeli
641 3677 685 3743 et
721 3637 973 3782 inhumano
1002 3639 1239 3782 exempIO,
1274 3643 1319 3745 in
1348 3684 1402 3744 eo
1433 3679 1622 3782 praeser-

158 3787 242 3886 tim
285 3787 366 3928 qui
415 3824 609 3886 summus
653 3818 761 3885 esset
812 3822 992 3887 morum
1034 3826 1086 3886 ac
1137 3786 1385 3927 Religionis
1428 3785 1621 3886 Antisres

158 3928 325 4031 Christi
360 3930 584 4033 Vicarius.
626 3932 708 4032 Sed
743 3930 792 4030 id
826 3929 993 4029 malurn
1029 3968 1122 4028 non
1164 3929 1226 4026 ita
1263 3929 1405 4028 multo
1442 3964 1543 4069 post
1578 3969 1623 4028 e·

159 4073 332 4206 jusdem
367 4073 640 4190 Clementis,
678 4109 720 4173 et
763 4077 955 4176 duorum
997 4069 1344 4174 adolescentium
1379 4070 1628 4214 Hyppoliti

161 4249 207 4314 et
244 4215 506 4333 Alexandri,
544 4215 592 4314 in
628 4214 787 4354 quibus
824 4254 948 4358 spem
981 4251 1164 4315 omnem
1195 4216 1462 4354 posteritatis
1488 4214 1627 4315 collo·

158 4393 366 4480 caverat,
400 4358 567 4460 casibus
603 4359 825 4498 expiatum
861 4359 1077 4460 vidimus.
1125 4367 1249 4460 Nam
1285 4360 1378 4500 ipse
1410 4399 1503 4460 non
1537 4358 1627 4459 lon·

158 4544 221 4646 go
258 4539 360 4645 post
400 4539 601 4644 tempore
649 4503 699 4604 in
741 4501 951 4603 morbum
996 4501 1153 4603 incidit
1196 4540 1378 4644 gravem
1423 4538 1467 4604 et
1504 4497 1626 4603 diffi-

160 4649 289 4749 cilem
304 4726 319 4769 ,
356 4689 450 4790 quo
483 4649 559 4746 diu
587 4644 889 4747 miserabiliter
916 4645 1192 4749 conflictatus
1245 4647 1437 4752 interiit3
1494 4654 1628 4787 Hyp-

158 4791 319 4929 politus
354 4789 596 4894 Cardinalis
632 4789 783 4929 paucis
818 4822 918 4928 post
953 4798 1044 4919 ejus
1072 4823 1262 4888 mortem
1293 4785 1448 4889 diebus
1475 4801 1627 4891 Roma

1506 4967 1615 5072 PIO·
