4298 5980
572 445 660 548 '24⁰
967 441 1050 525 ιιι
1088 435 1291 522 nunus
1338 437 1560 524 cesrrs

527 604 756 739 „veritate
792 594 919 701 armis
956 597 1125 701 viritim
1168 595 1539 739 disceptaturum,
1586 595 1631 698 et
1673 601 2003 708 controversias

528 833 560 880 ‚,
574 752 901 916 diremturum,
949 746 1006 845 ad
1051 741 1176 886 quod
1219 745 1446 845 dumtaxat
1481 779 1557 862 te,
1594 739 1697 884 qui,
1733 782 1836 846 cum
1871 786 2004 855 meus

530 895 774 1039 „captivus
810 891 897 1009 sis,
940 927 1134 1031 pugnare
1175 928 1281 990 cum
1327 887 1461 990 altero
1503 924 1681 1030 praeter
1711 926 1863 992 meam
1911 933 2001 998 vo

526 1044 792 1169 „luntatem
847 1035 1155 1137 communibus
1207 1032 1378 1179 legibus
1429 1031 1720 1177 prohiberis,
1781 1034 2001 1146 idoneum

525 1185 741 1315 „tedd0.
778 1179 919 1304 Quod
955 1221 1027 1282 me
1062 1178 1250 1322 amplius
1298 1181 1355 1280 ad
1396 1215 1443 1280 te
1483 1179 1670 1282 scribere
1715 1218 1876 1306 vetas,
1924 1189 1997 1290 sed

526 1411 556 1455 „
573 1367 766 1471 aequum
801 1365 1039 1467 tutumque
1075 1364 1250 1468 pugnae
1285 1323 1436 1424 locum
1473 1322 1705 1467 praebere,
1749 1361 1887 1482 teque
1932 1331 1996 1431 di-

527 1555 559 1598 „
575 1475 634 1576 cis
671 1513 794 1575 arma
829 1472 1005 1613 utrique
1039 1472 1397 1612 deportaturum
1426 1469 1618 1609 patiatis,
1655 1507 1855 1612 oportet,
1887 1471 1994 1576 haec

526 1623 630 1746 „ad
666 1655 708 1718 te
744 1615 895 1738 scribi,
932 1648 1094 1759 tuaque
1130 1609 1380 1736 malefacta,
1404 1615 1514 1716 dum
1551 1655 1629 1715 res
1651 1615 1872 1776 postulat,
1911 1661 1998 1720 me·

527 1843 560 1890 „
572 1801 764 1866 moran
802 1777 872 1864 De
907 1760 1008 1862 loco
1043 1759 1292 1860 certaminis
1328 1759 1635 1861 conditionem
1672 1759 1878 1922 accipio,
1917 1762 1998 1870 da-

528 1906 724 2048 „boque
761 1941 964 2047 operam,
994 1941 1216 2046 quantum
1251 1902 1336 2004 erit
1371 1904 1421 2004 in
1456 1945 1553 2024 mc,
1589 1937 1640 2003 ut
1674 1901 1819 2002 loco
1807 1905 1999 2034 tnjutia,

528 2087 817 2220 „omnesque
853 2044 997 2148 absint
1033 2047 1248 2148 insidiae.
1286 2047 1383 2148 Erit
1418 2088 1570 2150 autem
1611 2048 1792 2148 idoneus
1833 2050 1998 2168 locus,

528 2231 624 2320 „ut
659 2203 751 2328 jam
786 2229 903 2295 nunc
937 2187 1068 2294 nobis
1103 2191 1434 2313 condicatur,
1422 2229 1471 2292 ιιι
1507 2189 1708 2294 confinio
1735 2203 1994 2334 Regnorum

529 2373 827 2465 „nostrorum
863 2338 917 2437 ad
955 2375 1143 2478 parvum
1177 2335 1360 2455 sinum,
1405 2335 1486 2478 qui
1527 2375 1591 2438 est
1634 2335 1750 2438 inter
1789 2347 1992 2440 Fontera

530 2483 696 2610 „biam
737 2517 781 2580 et
824 2484 1086 2611 Andujam,
1138 2521 1228 2621 qua
1272 2515 1393 2620 parte
1435 2517 1477 2580 et
1518 2521 1610 2623 qua
1660 2480 1833 2582 ratione
1887 2482 1993 2584 inter

533 2667 658 2752 „nos
704 2624 990 2742 convenerit,
1034 2624 1169 2723 etad
1206 2661 1358 2764 parem
1393 2625 1728 2744 conditionem,
1767 2659 1994 2767 tutamque

530 2772 633 2895 „ab
668 2767 837 2870 insidiis
873 2766 1095 2870 rationem
1130 2768 1347 2909 pertinere
1383 2768 1530 2869 visum
1565 2764 1728 2876 fuerit3
1765 2808 1905 2912 quem
1935 2769 1993 2870 lo

532 2992 562 3038 „
581 2953 702 3032 cum,
738 2911 847 3012 nihil
884 2951 971 3030 est,
1003 2912 1130 3054 quod
1170 2952 1377 3032 recuses,
1415 2953 1521 3016 cum
1556 2910 1727 3014 ibidem
1763 2949 1808 3012 et
1844 2914 1997 3016 rudi

533 3057 728 3181 „missus
764 3051 920 3178 fueris,
957 3095 1000 3160 et
1037 3055 1150 3162 filios
1185 3053 1374 3159 foederis
1410 3055 1581 3161 obsides
1618 3054 1866 3166 tradiderim
1905 3099 1994 3200 quo

533 3283 563 3328 „
581 3246 633 3304 cx
676 3241 861 3344 utraque
903 3241 1024 3342 parte
1069 3202 1189 3303 viros
1234 3201 1402 3304 nobiles
1447 3240 1490 3302 et
1529 3201 1593 3302 rei
1641 3201 1838 3302 militaris
1875 3203 1995 3343 peri-

533 3383 646 3473 „tos
681 3345 855 3447 mittere
889 3345 1072 3468 licebit,
1107 3385 1301 3488 quorum
1337 3345 1507 3478 judicio
1550 3344 1741 3468 omnia,
1788 3387 1945 3509 quae
1941 3345 1997 3446 ad

518 3557 564 3618 1„
584 3528 734 3664 parem
776 3491 1005 3635 pugnandi
1046 3491 1351 3597 conditionem
1388 3487 1704 3629 pertinebunt,
1741 3525 1812 3612 et,
1864 3490 1996 3592 utrius

533 3636 636 3763 „sit
692 3646 759 3770 jus
811 3675 931 3738 arma
980 3637 1157 3778 utrique
1214 3621 1482 3780 deligendi,
1537 3636 1662 3778 quod
1720 3674 1807 3778 ego
1857 3636 1997 3777 potius

531 3861 568 3907 ‚,
585 3818 737 3882 meum
770 3821 858 3882 esse
894 3780 1028 3900 dico,
1065 3819 1200 3944 quarn
1237 3815 1389 3899 tuum,
1414 3815 1457 3880 ct
1493 3781 1681 3881 diesu
1603 3819 1684 4024 f-Pu‘
1684 3819 1821 3923 gnae,
1860 3818 1999 3881 erce

538 4005 569 4051 „
583 3960 694 4045 tera,
730 3965 844 4067 quae
880 3927 936 4026 ad
971 3925 1217 4090 negotium
1238 3923 1568 4028 conficiendum
1648 3960 1801 4044 crunt,
1839 3924 1999 4026 consri-

430 4120 431 4123 Ν
540 4104 786 4193 „tuantur
813 4070 1009 4170 Tuum
997 4071 1135 4214 agitur
1159 4069 1241 4172 erit
1272 4079 1328 4174 ad
1352 4068 1495 4174 haec
1489 4070 1636 4212 primo
1674 4109 1860 4211 quoque
1898 4103 2000 4172 tem

538 4294 570 4340 ‚,
587 4249 693 4356 porc
728 4213 1015 4356 respondere,
1052 4216 1245 4356 quod
1213 4255 1249 4317 st
1286 4214 1408 4337 ultra
1434 4216 1556 4319 diem
1594 4216 2004 4387 quadragesimtrm,

540 4435 571 4479 „
587 4398 722 4498 quam
757 4359 864 4461 tibi
878 4355 983 4464 haec
1019 4361 1204 4503 epistola
1239 4360 1413 4464 reddita
1448 4360 1612 4480 fiterit,
1639 4359 1934 4525 distuleris,
1917 4395 2003 4492 Jam

542 4539 744 4623 „omncs
785 4503 1032 4644 intelligent
1076 4546 1153 4646 per
1201 4543 1245 4609 te
1286 4543 1476 4629 state,
1498 4503 1741 4650 quominus
1802 4499 2010 4649 singulari

535 4641 759 4787 „praelio
793 4650 1069 4750 decernatur
1096 4648 1249 4759 Vale.
1288 4661 1352 4753 Ex
1388 4654 1649 4756 Montisone
1686 4651 1852 4794 pridie
1860 4651 2013 4756 Nona

542 4831 694 4920 „rum
734 4793 848 4929 Julii
879 4833 1007 4899 ann.
1023 4784 1197 4896 Christi
1229 4798 1323 4898 nati
1349 4806 1429 4898 M
1425 4805 1496 4900 D.
1507 4785 1729 4934 XXVIII.
1750 4817 1802 4860 “

524 4947 832 5046 XXXI..
853 4949 988 5044 Hanc
1023 4940 1249 5086 epistolam
1282 4942 1467 5050 Carolus
1503 4920 1787 5050 caduceatoti
1820 4981 1902 5048 uao
1938 4941 2014 5050 dt

527 5149 538 5162 ·
618 5170 626 5183 ·
1929 5085 2018 5208 dir,-
