4294 5984
564 491 815 580 canois
857 489 910 580 v.
951 494 1072 580 trs.
1106 489 1166 581 v.'
1475 469 1583 595 usp

141 655 274 764 'armis
301 694 488 775 tamen,
526 689 570 756 tt
598 656 723 798 equis
751 690 930 777 exutos,
960 692 1077 758 trans
1109 645 1320 799 Abduam
1348 645 1488 761 'abire'
1505 647 1609 804 per-

142 807 294 916 misit3
332 805 433 902 dara
476 797 564 900 fide
578 878 594 921 ,
638 835 682 899 et
722 804 1038 936 jurejurando,
1083 838 1204 902 arma
1246 844 1289 902 se
1331 839 1434 908 ante
1476 847 1617 928 mens

140 990 232 1050 sem
268 984 469 1048 exactum
488 948 707 1048 ‚adversus
743 945 1023 1046 Caesarianos
1060 983 1154 1046 non
1190 983 1433 1052 sumturos.
1618 1053 1622 1064 ,

213 1101 383 1196 XXVI.
459 1097 559 1190 Nec
594 1128 699 1193 vero
735 1089 878 1192 solum
913 1092 968 1191 ad
1015 1101 1221 1190 Sanctum
1266 1093 1489 1234 Angelum
1531 1093 1607 1198 be-

139 1277 196 1338 ne
229 1239 479 1378 pugnatum
504 1271 565 1335 est
594 1276 622 1334 a
647 1233 950 1354 Caesarianis,
978 1234 1052 1334 sed
1088 1233 1223 1333 etiam
1253 1237 1309 1334 ad
1330 1239 1481 1340 Casale
1506 1279 1608 1341 ma·-

140 1389 209 1514 jus
251 1381 497 1480 Alexander
543 1375 813 1478 Bentivollus
861 1417 966 1478 cum
1014 1377 1223 1478 Italorum
1273 1417 1412 1482 manu
1455 1385 1608 1489 missus
1732 1437 1734 1445 ⁴

140 1531 368 1661 Joannem
413 1519 694 1623 Ludovicum
740 1519 1040 1622 Palavicinum
1083 1522 1335 1663 oppressit,
1379 1529 1461 1667 qui
1504 1571 1609 1636 cum

140 1664 316 1770 duobus
366 1666 570 1810 peditum
622 1661 850 1784 millibus,
901 1701 945 1764 et
994 1667 1327 1808 quadringentis
1386 1673 1609 1813 equitibus

139 1810 264 1929 vias,
300 1847 350 1911 ut
386 1813 668 1912 Caesarianos
704 1806 1024 1909 commeatibus
1061 1807 1344 1950 prohiberet,
1374 1823 1492 1944 jussu
1527 1832 1611 1922 Re-

141 1954 209 2096 gis
245 1951 505 2073 obsidebat,
541 1991 585 2054 et
622 1950 959 2054 incursionibus.
977 1947 1234 2053 infestabat.
1271 1961 1395 2058 Nam
1438 1963 1622 2102 praelio*

143 2101 418 2217 commiss0,
464 2098 609 2238 ipsum
660 2135 778 2235 equo
821 2093 1046 2234 delapsum
1093 2098 1249 2196 vivum
1298 2102 1447 2240 cepit,
1492 2116 1610 2237 ejus.

107 2281 232 2382 ¹que
267 2243 416 2382 copias
453 2235 565 2340 fudit
601 2277 733 2382 atque
768 2231 972 2377 fugavit.
1010 2247 1177 2376 Gaspar
1213 2278 1396 2379 quoque
1428 2249 1608 2350 Mainus

143 2383 516 2503 Mediolanensis,
554 2384 634 2524 qui
669 2379 980 2482 Alexandriam
1015 2418 1133 2479 cum.
1155 2379 1369 2521 praesidio
1407 2387 1610 2510 tenebat,

147 2527 399 2626 Italicorum
436 2527 528 2626 duo
564 2525 700 2625 millia
735 2565 787 2624 ex
822 2524 875 2623 iis
911 2523 992 2664 qui
1031 2525 1249 2623 Massiliae
1294 2562 1451 2628 aestate
1487 2571 1607 2672 supe·

140 2668 254 2770 tiore
290 2668 505 2810 praesidio
541 2663 740 2788 fuerant,
776 2700 817 2770 et
853 2668 1024 2767 evocati
1064 2711 1090 2768 a
1132 2678 1255 2810 Rege
1291 2670 1339 2769 in
1387 2709 1524 2773 castra
1561 2676 1606 2776 i-

139 2813 258 2952 psius
291 2813 649 2933 contendebant,
676 2812 1090 2954 praetergredientes
1125 2811 1333 2933 adortus,
1368 2813 1417 2914 in
1452 2811 1606 2959 firgam

10 3039 15 3052 ,
143 2955 294 3078 dedit,
330 2957 457 3058 etin
496 2957 798 3061 Castellatium
841 2956 991 3059 vicum
1034 2955 1287 3097 compulsos
1330 2957 1461 3058 armis
1502 3001 1608 3066 exue

144 3135 212 3202 tos
250 3103 439 3202 dimisit.

230 3253 417 3346 XXVII.
510 3247 583 3346 Ad
619 3242 726 3347 haec
761 3244 1051 3347 incommoda
1087 3245 1194 3345 illud
1237 3283 1419 3387 quoque
1461 3249 1605 3350 multo
1733 3313 1737 3322 ·

142 3387 278 3488 ctiam
312 3385 486 3529 gravius
523 3390 654 3490 Gallis
689 3392 884 3512 accessit,
923 3391 1048 3532 quod
1083 3388 1378 3492 Rhaeriorum
1415 3431 1607 3535 quatuor

142 3531 282 3632 millia
315 3531 511 3632 finitimo
542 3528 657 3634 bello
693 3571 873 3636 evocata
911 3575 935 3634 e
979 3533 1123 3634 castris
1156 3534 1460 3636 discesserunt.
1491 3549 1606 3638 Cau⁴

143 3715 188 3773 sa
214 3677 466 3778 discedendi
495 3672 614 3796 fuit,
647 3691 883 3781 Davennae
910 3678 1110 3819 ipsorum
1143 3677 1322 3781 ditionis
1354 3679 1513 3820 oppidi
1548 3678 1605 3779 ad

144 3821 327 3922 Larium
372 3822 517 3922 lacum
559 3823 705 3921 amissi
756 3822 933 3924 nuntius
978 3823 1194 3964 perlatus,
1241 3824 1364 3964 quod
1408 3827 1604 3953 joannes

143 3962 344 4097 Jacobus
381 3967 606 4086 Medicus,
643 3968 722 4110 qui
757 3968 847 4068 arci
872 3968 1013 4068 Mussi
1056 3965 1217 4066 castelli
1259 3961 1603 4066 Mediolanensis

143 4105 324 4204 ditionis
362 4106 478 4210 haud
514 4113 668 4250 procul
703 4113 807 4212 inde
843 4143 1073 4252 praeerat,
1121 4145 1198 4248 per
1242 4107 1398 4208 dolum
1440 4107 1604 4208 scilicet

146 4288 454 4392 occupaverar3
491 4253 620 4393 pauci
655 4255 775 4355 enim
816 4253 975 4352 milites
1017 4247 1073 4350 ab
1116 4291 1172 4350 eo
1213 4250 1363 4370 missi,
1407 4289 1452 4351 ct
1493 4252 1603 4393 quid

24 4459 26 4464 -
145 4390 240 4496 fieri
275 4396 426 4513 vellet,
463 4395 639 4514 edocti,
676 4434 778 4496 curn
814 4397 916 4493 loco
953 4396 1117 4507 idoneo
1154 4395 1209 4494 ad
1246 4433 1386 4496 arcem
1422 4405 1603 4498 Dauen-¹

146 4575 226 4638 nae
261 4539 311 4640 in
347 4538 509 4640 insidiis
531 4539 871 4657 consedissent,
912 4537 1182 4680 praefectum
1225 4581 1275 4640 ex
1324 4535 1604 4642 consuetudin

146 4719 200 4778 ne
234 4693 345 4785 'arce'
370 4684 619 4825 digressum
647 4699 937 4826 exceperunt,
980 4726 1121 4825 eoque
1164 4683 1227 4782 in'
1256 4677 1602 4800 ar'cis,2ux01is-'‹

146 4863 242 4964 que·
271 4863 555 4970 conspectum
591 4830 801 4968 reducto,
835 4827 947 4931 hanc
976 4827 1219 4964 :jactatione
1255 4825 1522 4949 verborum,
1541 4821 1602 4922 'et

1509 5006 1603 5076 man
