4368 5984
1035 427 1428 521 EDITO'R'U'M

512 555 646 669 libros
673 560 832 709 priores
850 607 997 673 trano
1020 610 1285 688 voremus,
1305 583 1411 679 XV.
1433 567 1680 718 posteriores
1697 609 1875 680 temno
1899 613 1963 681 er·

502 711 618 811 rudi
646 714 890 818 curavimus
908 752 921 824 3
952 752 1150 868 utroque·
1166 718 1349 868 quidem
1365 727 1627 834 Sammarr'r's,
1649 755 1762 858 quae
1781 757 1857 861 per
1874 721 1963 824 sin·-

503 851 654 996 ·gulos›
669 852 800 960 libros
833 893 875 960 ct
890 897 893 905 ’
906 859 1047 1002 capita
1081 861 1249 1005 digesta
1285 861 1576 1006 insigniorum
1603 867 1820 963 factonsm
1860 860 1961 966 brc-

516 1033 620 1096 vem
668 1003 912 1138 quamdam
948 1003 1037 1102 ima
1069 1004 1190 1105 inem
1229 1005 1292 1108 ob
1327 1004 1476 1108 oculos
1510 1004 1704 1122 sistunt,
1740 1006 1964 1111 ei'rcmm

519 1142 878 1250 memorabilium
915 1043 1198 1288 locupietibus
1226 1157 1419 1252 lodicibus
1451 1145 1669 1252 illustrate.
1815 1161 1819 1204 ³
1866 1159 1871 1167 ’

505 1367 513 1376 .
627 1289 855 1408 Quoniam
891 1287 1002 1391 uero¹
1032 1290 1089 1390 ad
1125 1291 1290 1394 calcem
1326 1291 1466 1434 operis
1500 1291 1688 1432 superius
1728 1289 1962 1397 memorari

518 1428 805 1570 reperiebatur
834 1470 1012 1584 quoque
1043 1433 1090 1534 in
1115 1471 1302 1586 utroque
1327 1435 1495 1538 Codice
1521 1431 1871 1536 Commentarius
1907 1437 1964 1539 dt

516 1577 630 1672 rebus
662 1571 929 1712 Hispanorum
956 1577 1081 1714 gessii
1118 1581 1166 1682 ad
1180 1577 1184 1590 ’
1197 1619 1338 1682 nouam
1360 1584 1498 1681 &bem
1524 1577 1799 1708 lasexicumque
1826 1646 1842 1690 ,
1878 1578 1962 1718 qui

518 1711 664 1817 lucem
700 1715 904 1822 hactenus
944 1720 1199 1863 neutiquam
1240 1724 1433 1840 viderat,
1468 1730 1566 1825 Vll.
1601 1717 1721 1821 libris
1758 1757 1964 1867 compre-

519 1851 707 1976 hemus;
724 1896 768 1962 ct
788 1862 970 1964 auctoris
996 1863 1129 1966 etiam
1154 1865 1486 1968 correctionibus
1512 1865 1809 2004 interspersuss
1835 1901 1963 1966 eum-

512 2003 625 2104 dem
652 2041 805 2103 rruru
837 2022 1088 2108 vo'tumurs
1113 2045 1277 2150 partem
1294 2009 1548 2109 constituere
1565 2033 1866 2148 oppomtnum
1885 2045 1966 2108 no-

515 2143 585 2248 ‘bis
611 2147 753 2250 visum
779 2185 873 2266 est,
907 2157 1122 2253 Sumanara'o
1149 2157 1345 2255 etlndioe
1376 2149 1717 2291 locupletatum,
1741 2145 1961 2286 eiquead

512 2287 645 2421 jicere
670 2285 854 2428 Philippi
878 2303 930 2395 H.
972 2291 1254 2428 Hispaniarum
1298 2300 1418 2430 (Regis
1446 2301 1664 2392 Historiae
1705 2294 1850 2390 Libros
1883 2281 1956 2394 ῘΠ.

509 2468 661 2572 quam
692 2429 750 2532 ab
775 2474 895 2536 anno
922 2441 990 2534 aa
1018 2446 1076 2536 u.
1100 2445 1217 2539 avr.
1243 2437 1299 2536 ad
1326 2445 1393 2536 m.
1416 2447 1474 2535 u.
1502 2443 1664 2534 axrv.
1692 2416 1964 2573 argentul-

522 2611 621 2676 mus
651 2573 1036 2719 Historiographus
1071 2593 1264 2679 extrema·
1285 2613 1501 2679 senectute.
1530 2580 1666 2675 finnt
1693 2574 1929 2714 persecutas
1937 2581 1980 2691 .,’

510 2711 567 2818 ot
585 2726 709 2848 'cujus
741 2718 960 2860 exemplar
993 2735 1240 2821 Acaunum
1275 2718 1355 2823 sibi
1393 2751 1718 2860 comparaverat
1751 2711 1965 2833 beneficio

523 2851 808 2961 litteratissimi
850 2860 934 2962 viri
978 2869 1138 2992 'ioannis
1179 2869 1225 2965 de
1266 2866 1478 2965 Santaader
1517 2897 1559 2960 et
1583 2859 1830 2972 'Za'rrilla‚
1875 2869 1965 2959 Re-

522 3001 620 3146 giae
658 2991 917 3106 Matritensis
950 3001 1270 3122 Bibliothecae,
1298 3005 1345 3106 in
1384 3042 1472 3145 qua
1501 3003 1715 3103 ineditum
1747 2997 1963 3117 exstabat,

514 3145 736 3292 praelecti.
783 3155 923 3281 Hu'pos
962 3146 1095 3247 etiam
1140 3146 1381 3250 liberalitati
1415 3181 1607 3285 acceptas
1645 3151 1794 3244 referre
1834 3139 1965 3242 debe'·

512 3319 623 3388 mus
649 3285 879 3430 epistolas,
917 3288 1097 3390 ineditas
1123 3289 1301 3406 itidem,
1321 3277 1373 3392 ll.
1391 3287 1590 3390 videlicet
1623 3287 1850 3386 sarabia-is·
1864 3287 1960 3384 caat

514 3428 580 3531 ad
613 3433 901 3565 Septimium,
939 3465 982 3530 et
1009 3430 1187 3532 alteram
1225 3433 1414 3564 eJusdem
1440 3431 1676 3568 Sepaiuedae
1703 3428 1760 3530 ad
1796 3428 1963 3528 saturn:

521 3607 627 3710 quas
659 3571 841 3712 quidem
869 3611 974 3673 cum
1005 3573 1181 3716 epistola
1199 3587 1231 3675 1.
1254 3579 1485 3709 Sepuluedae
1509 3574 1567 3672 ad
1593 3579 1764 3683 (mant,
1792 3603 1835 3668 et
1861 3576 1966 3699 ejus-

522 3715 628 3814 dcm
648 3724 680 3814 1.
709 3715 766 3816 ad
783 3721 1033 3850 Sepuluedam
1061 3757 1112 3816 ex
1142 3716 1404 3820 Academiae
1432 3751 1598 3818 nostrae
1617 3721 1710 3814 MS.
1737 3710 1963 3811 Coddc·

513 3851 708 4010 :scriptis„
741 3851 910 3998 aliaque
940 3854 1061 3959 ‘l'auli
1079 3867 1266 3961 ’Μανιιιεὶὶ
1299 3859 1356 3958 ad
1379 3855 1679 3960 Genesiumcx·
1697 3852 1845 3954 selecta
1873 3850 1965 3952 uiri

520 4035 647 4139 supra
672 4037 857 4100 omnem
880 3999 1084 4117 laudem,
1120 4039 1255 4142 quem
1287 3999 1467 4101 honoris
1498 4037 1623 4099 causa
1655 3994 1965 4114 nominamus,

521 4145 743 4242 Emaaaela's
776 4147 942 4260 lladaa,
978 4143 1271 4260 Bibliotheca,
1303 4181 1417 4281 quae
1446 4138 1695 4283 posteritatis
1730 4135 1967 4237 memoriae

520 4282 967 4402 commendarentur,
1005 4286 1159 4428 dignas
1195 4284 1543 4387 existimavimus.

511 4458 553 4521 .’
629 4424 711 4523 Sed
754 4462 859 4527 cum
895 4425 1186 4531 haecomnia
1217 4428 1420 4530 nondum
1465 4425 1523 4526 ad
1555 4435 1708 4556 justam
1745 4421 1965 4566 magnim-

517 4563 672 4666 dinem
705 4604 875 4666 renato
892 4567 1152 4669 susumus
1183 4568 1504 4672 conciliandam
1542 4563 1785 4667 sufficerent
1815 4603 1827 4669 3
1859 4565 1964 4666 tuu'c

519 4709 705 4810 demum
747 4709 920 4854 egregia
958 4729 1137 4812 Canotr
1161 4729 1294 4814 Racrs
1335 4749 1437 4852 erga
1478 4709 1631 4811 litteras
1680 4703 1965 4810 beneficentia

514 4853 684 4958 factum
724 4889 817 4972 est,
853 4889 903 4956 ut
942 4857 1173 4990 Sepuluedae
1208 4890 1319 4993 opera
1357 4864 1447 4990 jam
1482 4853 1581 4956 alias
1624 4849 1842 4996 evulgata.
1857 4889 1964 4952 curn

509 5049 521 5060 ·
1881 5031 1962 5094 va·
