4284 5982
552 413 744 494 rxxxru.
970 418 1107 514 Joau.
1134 418 1248 490 ceu.
1275 415 1581 490 sunutvuuaa

523 543 810 662 cognitionem,
834 539 982 656 abjectis
1015 541 1227 648 erroribus,
1253 543 1557 656 perducerentur.
1591 536 1803 658 Sepulve'dt
1826 541 1968 630 bellurn

522 660 564 749 id
585 664 725 776 {ustum
742 690 786 747 ac
808 661 1037 749 utilissimum
1063 660 1250 766 ducebat,
1280 687 1412 747 contra
1438 689 1482 745 ea
1501 663 1614 744 Casas
1639 661 1815 770 injustum
1841 691 1885 746 ac
1912 662 1972 747 de·

527 782 754 867 testandum.
789 785 917 895 Atque
954 783 1046 866 baec
1075 803 1162 863 sunt
1188 806 1289 893 quae
1318 807 1455 894 magna
1485 778 1697 865 animorum
1728 782 1971 864 contentione

526 898 708 984 Valdoliti
739 899 875 1013 agitata
905 893 1018 984 fuere.
1040 898 1121 981 Res
1146 920 1273 982 tamen
1305 897 1343 981 in
1373 895 1498 982 medio
1527 896 1650 981 relicta
1678 922 1733 982 est
1751 956 1764 1003 ,
1784 896 1971 983 Catulum

525 1019 636 1102 rebus
666 1016 896 1131 gravioribus
924 1016 998 1101 alio
1026 1014 1285 1100 avocantibus.
1343 1032 1368 1070 s

614 1139 819 1250 Postquam
834 1133 1029 1219 Valdolito
1060 1132 1202 1217 secessit
1214 1131 1452 1245 Sepulveda,
1479 1131 1627 1220 videtur
1652 1132 1775 1218 statim
1800 1131 1838 1216 in
1856 1161 1968 1218 suum

526 1252 720 1367 praedium
732 1251 945 1336 Marianum
956 1253 1022 1336 otii
1035 1275 1073 1335 et
1084 1249 1290 1335 studiorum
1304 1251 1421 1368 gratia
1435 1252 1653 1364 perrexisse,
1670 1251 1756 1336 inde
1772 1252 1870 1335 enim
1883 1250 1971 1338 Kal.

527 1373 618 1455 Oct.
635 1371 722 1454 anni
740 1373 797 1453 M.
815 1371 864 1454 D.
881 1375 941 1454 Ll.
975 1370 1110 1456 litteras
1132 1369 1236 1454 dedit
1259 1369 1309 1454 ad
1325 1369 1529 1452 Olivanum
1545 1369 1641 1453 bene
1655 1367 1809 1482 quidem
1824 1367 1969 1486 longas,

526 1487 565 1572 iu
582 1488 716 1604 quibus
733 1488 781 1572 de
798 1485 935 1594 iudicio
950 1486 1245 1572 doctissimorum
1265 1485 1640 1600 gravissimorumque
1665 1487 1832 1570 virorum
1861 1487 1971 1572 disse·

528 1605 601 1709 rit,
625 1636 723 1720 quos
749 1633 795 1688 ex
823 1606 996 1690 omnibus
1021 1605 1127 1719 regiis
1152 1604 1306 1688 consiliis
1332 1602 1495 1688 delectos
1514 1631 1601 1686 cum
1624 1627 1795 1717 quatuor
1820 1603 1971 1690 theolo-

529 1723 623 1838 logis
651 1721 896 1808 eruditissimis
911 1695 1070 1806 Carolus
1086 1726 1224 1806 Cacsar
1238 1749 1386 1805 causam
1404 1722 1453 1806 de
1478 1720 1581 1806 bello
1609 1720 1799 1805 barbarico
1826 1721 1971 1808 Valdo·

528 1839 580 1926 liti
600 1841 905 1955 cognoscendam
936 1840 1137 1944 voluerat,
1167 1869 1245 1954 qua
1277 1839 1472 1924 occasione
1500 1864 1776 1924 commemorat
1807 1857 1911 1922 artes
1932 1853 1971 1923 et

527 1960 850 2064 ranchinamenta,
877 1959 1012 2073 quibus
1043 1988 1081 2043 se
1107 1958 1343 2070 deprimere,
1370 1983 1410 2042 et
1428 1965 1634 2040 verr‘mrcm
1659 1962 1970 2067 atquejustita'am

530 2076 728 2160 obscurare
751 2099 909 2160 conatus
936 2101 991 2160 est
1005 2079 1131 2160 Casas.
1166 2075 1259 2160 lllud
1283 2103 1375 2162 vero
1400 2071 1531 2179 dolet,
1553 2074 1755 2160 nonnullos
1777 2075 1969 2161 cavillatos

527 2188 635 2277 fuisse
667 2223 713 2278 se.
736 2220 816 2278 uon
846 2193 1032 2306 publicum
1065 2195 1290 2308 negotium,
1316 2221 1548 2306 quamquam
1564 2193 1603 2280 id
1619 2193 1822 2306 Principem
1841 2218 1878 2277 et
1895 2197 1969 2276 Na·

523 2309 671 2398 tionem
703 2335 867 2396 nostram
896 2309 1096 2425 plurimum
1127 2310 1349 2426 attingeret,
1379 2312 1443 2395 sed
1471 2338 1577 2394 suam
1608 2336 1756 2393 causam
1789 2310 1972 2426 agitasse,

527 2455 573 2512 ut
603 2427 759 2544 gloriam
789 2455 945 2514 assertae
982 2431 1020 2512 in
1044 2428 1166 2512 lucem
1194 2426 1382 2530 ueritatis,
1416 2425 1539 2511 multis
1565 2426 1732 2539 alioquin
1767 2427 1855 2513 uiris
1889 2457 1972 2515 non

528 2546 806 2664 animadversae
841 2571 879 2631 et
909 2547 1142 2662 ignoratae,
1178 2569 1309 2630 nostro
1337 2543 1554 2630 adimerent.
1589 2549 1713 2632 Docet
1741 2571 1810 2630 nos
1841 2570 1970 2633 tamen

529 2661 803 2748 Bernardinum
832 2662 1036 2748 Arevalum
1050 2663 1291 2748 Monachum
1313 2662 1592 2746 Franciscanum
1607 2721 1620 2767 ,
1637 2663 1758 2748 virum
1783 2688 1829 2748 ut
1853 2693 1973 2748 sacra·

530 2804 612 2884 rum
632 2778 832 2863 litterarum
851 2780 1064 2896 cognitione
1077 2777 1274 2894 solidaque
1291 2778 1464 2864 doctrina
1481 2841 1493 2884 ,
1510 2778 1559 2866 sic
1584 2780 1776 2866 sanctitate
1799 2809 1971 2895 murum,

529 2920 568 2980 et
584 2895 763 3013 religionis
780 2897 958 3009 opinione
990 2921 1265 3012 praestantem,
1284 2897 1598 3010 opportunissimo
1615 2896 1796 3010 praesidio
1814 2900 1971 3007 venisse,

423 3007 425 3019 ²
529 3013 594 3128 qui
606 3012 858 3126 Sepulvedam
876 3016 924 3099 ab
940 3013 1234 3101 adversariorum
1250 3011 1438 3099 calumniis
1454 3037 1581 3098 tutum
1597 3015 1796 3120 redderet,
1823 3045 1909 3100 nam
1927 3017 1972 3102 li·

437 3218 442 3230 ,
529 3130 667 3214 bellum
686 3131 724 3216 in
734 3132 905 3217 eamdem
923 3133 1141 3218 sententiam
1155 3193 1168 3235 ,
1184 3162 1300 3247 quam
1318 3129 1531 3244 Sepulveda
1558 3131 1778 3246 amplexus,
1805 3133 1973 3220 doctissi-

529 3279 635 3332 mum
653 3275 779 3332 coram
807 3248 986 3361 judicibus
1012 3249 1190 3335 recitavit.
1224 3249 1397 3377 Denique
1425 3273 1625 3362 postquam
1653 3248 1817 3364 pluribus
1848 3253 1973 3339 verbis

528 3365 718 3470 narravit,
749 3395 847 3481 quae
876 3368 912 3452 in
947 3367 1011 3452 illo
1041 3365 1198 3483 negotio
1214 3392 1296 3451 acta
1324 3371 1427 3450 luere
1443 3431 1454 3467 ,
1469 3365 1690 3471 concludit,
1722 3398 1855 3454 omnes
1884 3399 1972 3455 eam

530 3482 747 3568 sententiam
779 3486 981 3597 probasse,
1008 3485 1045 3569 in
1076 3515 1153 3600 qua
1185 3483 1260 3597 ipse
1288 3482 1429 3568 ruenda
1454 3482 1528 3596 jam
1561 3483 1698 3568 multos
1729 3514 1848 3570 annos
1882 3483 1970 3573 fue-

526 3627 585 3687 rat
613 3626 849 3714 occupatus,
877 3627 920 3687 ut
952 3607 1136 3690 Barbaros
1165 3601 1256 3686 novi
1272 3601 1383 3686 Orbis
1398 3660 1412 3704 ,
1427 3631 1525 3716 quos
1540 3604 1654 3686 Indos
1684 3631 1893 3710 vocamus,
1928 3605 1971 3692 iu

528 3718 823 3803 Christianorum
835 3720 1018 3804 ditionem
1040 3719 1155 3836 redigi
1185 3718 1298 3826 juset
1320 3713 1373 3802 sas
1385 3746 1466 3801 esse
1481 3743 1687 3804 censerent.

616 3838 845 3922 Versabatur
872 3837 996 3922 aduc
1011 3835 1226 3948 Sepulveda
1242 3839 1312 3919 sub
1327 3835 1469 3920 initium
1485 3837 1574 3920 anni
1600 3839 1661 3920 M.
1678 3839 1730 3920 D.
1747 3839 1824 3922 Lll.
1841 3837 1878 3923 in
1895 3870 1969 3927 suo

527 3953 680 4066 praedio
698 3954 899 4058 Mariano,
916 3953 970 4038 uti
986 3976 1138 4068 apparet
1162 3982 1208 4036 ex
1235 3969 1247 4008 ¹
1271 3952 1426 4065 epistola
1452 3952 1506 4037 ld.
1521 3955 1628 4037 Febr.
1656 3954 1706 4039 ad
1724 3955 1965 4045 Ludovicum

526 4069 756 4178 Carvajalem
772 4071 1095 4156 Franciscanorum
1128 4069 1403 4156 monachorum
1433 4069 1484 4154 ad
1517 4070 1704 4156 baeticam
1736 4069 1968 4184 praefectum

528 4190 645 4272 missa.
656 4189 802 4273 Eodem
814 4217 917 4274 anno
930 4187 1247 4273 CordubaNonis
1262 4187 1396 4300 Aprilis
1405 4187 1596 4272 Francisco
1606 4187 1740 4302 Argoti
1748 4191 1962 4300 rescribens,

527 4307 784 4420 quaestionem
813 4305 910 4390 illam
941 4306 1144 4416 dijudicat,
1171 4332 1307 4420 nempe
1335 4304 1528 4390 columbas
1560 4305 1718 4392 educare
1739 4336 1868 4419 ,quae
1885 4339 1967 4396 non

528 4425 728 4508 condititiis
748 4423 893 4508 cibariis
920 4423 1096 4526 alantur,
1124 4425 1187 4506 sed
1204 4423 1408 4538 agrestibus
1439 4421 1637 4506 seminibus
1666 4449 1742 4507 sese
1775 4424 1873 4538 ipsae
1905 4455 1968 4541 pa·

528 4566 659 4645 scant,
690 4571 770 4626 non
795 4569 872 4628 esse
894 4568 1025 4625 contra
1041 4539 1214 4650 justitiam
1232 4605 1243 4638 ,
1261 4545 1310 4622 sic
1340 4564 1383 4624 ut
1409 4538 1552 4625 domini
1570 4537 1752 4624 damnum
1781 4569 1967 4656 praestare

527 4683 724 4746 teneantur
751 4660 816 4768 id,
850 4660 958 4776 quod
987 4662 1038 4744 ab
1066 4657 1129 4742 illis
1153 4653 1264 4742 fuerit
1290 4654 1412 4742 alienis
1456 4655 1641 4772 segetibus
1684 4659 1850 4748 datum:
1886 4691 1965 4778 qua

1919 4779 1969 4870 de

568 4971 581 5011 1
624 4951 734 5013 LXIV.
752 4952 822 5014 edit.
846 4947 988 5010 Salmant.
