4298 5980
573 457 662 552 23²
977 444 1060 526 DE
1105 441 1303 524 REBUS
1344 436 1560 524 GESTIS

534 607 726 755 'spatium
761 599 845 707 sibi
881 633 1148 718 sumserunt,
1184 599 1241 698 ad
1276 597 1422 738 ipsum
1457 598 1706 720 redierunt,
1742 635 1876 746 utque
1916 645 2005 750 pax

533 755 728 874 iterum,
772 748 932 890 quibus
975 745 1114 846 modo
1156 740 1386 864 diximus,
1429 741 1763 847 conditionibus
1805 746 2003 854 firmare.

532 941 632 1018 tur,
670 892 971 1039 postularunt.
1011 899 1116 992 Hoc
1152 887 1419 1030 impetrato,
1463 887 1680 1031 dictisque
1724 894 2001 1000 conditioni-
2127 909 2128 930 ¹

533 1043 650 1160 bus,
695 1038 1037 1182 exspectandum
1089 1075 1176 1136 esse
1213 1035 1439 1154 dixerunt,
1474 1035 1584 1137 dum
1621 1047 1718 1140 Rex
1753 1039 2001 1144 Franciscus

532 1228 614 1290 suo
651 1183 798 1327 legato
844 1185 900 1284 de
944 1179 1244 1286 confirmanda
1289 1179 1348 1280 eis
1389 1177 1726 1281 conditionibus
1775 1219 1886 1321 pace
1925 1224 1999 1326 per

532 1331 695 1432 litteras
749 1327 957 1471 privatim
1017 1322 1373 1465 nominatimque
1431 1324 1694 1432 mandarerr
1752 1363 1889 1467 atque
1936 1329 1998 1430 his

535 1474 664 1577 rebus
701 1509 746 1574 et
781 1472 943 1576 artibus
986 1472 1197 1574 Carolum
1240 1467 1432 1588 eludere,
1469 1508 1561 1608 quo
1599 1469 1784 1569 senarius
1822 1510 1998 1613 ageret,

535 1653 587 1719 ut
622 1617 725 1751 jussi
760 1653 915 1739 erant,
957 1616 1188 1718 molientes
1230 1647 1403 1754 tempus
1451 1647 1704 1733 extraxere,
1747 1614 1894 1716 donec
1929 1655 1996 1716 re-

538 1761 620 1868 bus
656 1762 713 1862 ad
755 1760 920 1866 bellum
962 1758 1311 1899 Neapolitanum
1357 1754 1622 1897 comparatis
1679 1756 1768 1858 duo
1817 1769 1999 1904 Regum

537 1907 842 2007 caduceatores
893 1913 1089 2148 Burpos,
1116 1898 1196 2001 ubi
1233 1934 1339 2000 tunc
1367 1901 1550 2002 Carolus
1586 1898 1867 2022 morabatur,
1905 1943 1997 2044 per-

540 2082 783 2168 venerunt,
819 2081 869 2150 ut
905 2045 947 2147 ei

542 2478 639 2620 gari
692 2516 833 2580 mrsus
874 2477 930 2576 ad
974 2473 1186 2575 Carolum
1235 2474 1543 2576 convenientes
1594 2471 1650 2574 ab
1701 2516 1755 2576 eo
1806 2476 1995 2617 postula-

542 2656 673 2741 runt,
717 2654 766 2718 ut
807 2655 945 2758 quarn
988 2615 1186 2758 primum
1228 2616 1346 2758 Regi
1382 2617 1579 2717 Henrico
1620 2618 1833 2718 creditam
1866 2659 1995 2762 pecu-

541 2764 665 2865 niam
714 2759 1016 2903 persolveret,
1059 2797 1172 2899 quae
1215 2797 1386 2862 summa
1430 2795 1518 2862 erat
1561 2797 1862 2865 trecentorum
1900 2763 1995 2864 mil-

544 2905 654 3006 lium
690 2903 989 3029 ducatorum,
1026 2903 1212 3004 etitem
1249 2904 1479 3046 quinquies
1524 2940 1702 3008 centena
1745 2910 1996 3010 eorumdem

545 3085 830 3150 nummorum
858 3047 1025 3166 millia,
1056 3083 1167 3187 quae
1194 3085 1337 3188 poena
1366 3048 1605 3150 constituta
1637 3045 1777 3150 fuerat
1802 3050 1850 3151 in
1880 3089 1996 3170 eum,

546 3231 623 3335 per
659 3231 794 3334 quern
823 3228 952 3294 staret
982 3190 1220 3333 quominus
1250 3191 1402 3293 Caroli
1437 3232 1539 3294 cum
1561 3191 1746 3294 Henrici
1781 3192 1868 3295 filia
1900 3233 1998 3294 con·

546 3336 746 3437 stitutum
793 3334 1129 3440 matrimonium
1174 3331 1459 3436 conficeretur
1473 3331 1494 3443 ἐ
1539 3372 1759 3475 praeterea
1800 3375 1997 3480 magnam

547 3480 643 3583 vim
678 3482 992 3622 pecuniarum,
1031 3517 1168 3622 quam
1202 3490 1299 3606 Rex
1334 3478 1569 3580 Gallorum
1606 3482 1807 3582 Henrico
1843 3483 1998 3622 pende-

546 3663 593 3727 re
631 3625 958 3745 rntermisisset,
1005 3665 1057 3724 cx
1101 3664 1195 3764 quo
1238 3621 1349 3724 inita
1392 3623 1598 3724 societate
1640 3624 1753 3726 inter
1798 3623 1999 3728 Carolum
2129 3697 2130 3724 r

550 3806 595 3871 ct
632 3771 879 3874 Henricum
916 3811 966 3871 ea
1001 3768 1260 3872 conditione
1303 3764 1468 3868 bellum
1514 3766 1570 3868 ab
1615 3766 1674 3874 eis
1720 3805 1784 3872 est
1827 3768 1876 3870 in
1917 3780 1999 3870 Re-

551 3953 655 4056 gem
691 3915 917 4016 Gallorum
952 3947 1230 4056 susceptum,
1267 3946 1317 4011 ut
1351 3919 1535 4016 Carolus
1571 3948 1753 4014 centena
1789 3913 1998 4072 quinqua·

552 4097 666 4201 gena
708 4058 847 4159 millia
891 4060 1182 4177 ducatorum,
1228 4095 1342 4196 quae
1388 4068 1486 4158 Rex
1528 4057 1675 4158 Gallus
1723 4057 1923 4158 Henrico
1959 4093 1997 4154 rn
2128 4125 2130 4198 l

1016 2042 1184 2162 ellum,
1222 2045 1346 2183 quod
1382 2052 1472 2176 jam
1515 2041 1688 2183 pridem
1731 2042 1998 2186 gerebatur,
2128 2073 2129 2088 ¹

540 2230 646 2291 cum
682 2189 833 2333 legatis
870 2189 1017 2290 visum
1055 2224 1185 2308 esset,
1222 2187 1483 2288 indicerent]
1512 2196 1577 2287 Ut
1603 2223 1753 2290 autem
1784 2189 1995 2290 Henricus
2128 2261 2129 2272 ι

539 2344 637 2437 Rex
672 2374 766 2436 non
801 2332 892 2435 sine
927 2372 1054 2433 causa
1091 2327 1254 2432 bellurn
1283 2329 1475 2432 indicere
1501 2331 1740 2451 viderem,
1768 2331 1909 2435 iidem
1940 2332 1995 2431 le·
2128 2337 2129 2342 ‘

551 4242 690 4305 annos
727 4202 968 4345 pendebat,
997 4201 1167 4304 tamdiu
1193 4199 1423 4320 tribueret,
1449 4200 1590 4304 donec
1616 4202 1865 4321 Henricus,
1891 4197 1998 4342 quod
2128 4203 2130 4252 r

553 4349 665 4446 tanti
703 4383 828 4472 esset,
851 4348 901 4450 in
930 4346 1069 4449 Gallia
1101 4344 1410 4449 communibus
1440 4345 1570 4448 armis
1606 4347 1734 4448 illatis
1772 4347 2001 4487 recepisset.

644 4499 810 4594 XXIV.
903 4495 978 4598 Ad
1013 4534 1064 4592 ea
1099 4491 1281 4596 Carolus
1315 4491 1569 4634 respondit:
1607 4491 1644 4592 si
1660 4595 1665 4602 ,
1680 4493 1780 4597 data
1824 4523 2002 4636 pignora
2129 4563 2130 4572 κ

557 4668 599 4733 et
632 4633 881 4779 syngrapha
917 4635 1001 4742 sibi
1037 4639 1294 4755 reddantur,
1316 4637 1485 4737 nullam
1522 4635 1570 4739 in
1607 4677 1650 4742 se
1687 4655 1857 4744 moram
1890 4628 2005 4749 fore',

554 4777 667 4923 quin
702 4781 849 4891 statim
883 4782 1096 4891 creditam
1132 4780 1396 4928 pecuniam,
1421 4780 1478 4884 de
1514 4821 1603 4924 qua
1637 4821 1732 4885 non
1768 4777 2004 4889 dubitetur,

1913 4953 2006 5065 pes*
