4326 5986
577 447 836 536 ennom
848 447 921 534 ‘va
970 445 1104 532 ιιι.
1140 439 1234 531 ιιι.
1512 418 1602 550 ιιι

182 651 258 735 ιι,
278 611 348 714 ιιι·
353 649 462 710 eam
495 605 695 750 partem,
721 647 877 749 quaea
905 605 1109 712 fluctibus
1135 644 1225 712 erat
1261 637 1437 732 aversa,
1458 611 1647 732 deflexit,

182 797 277 900 quo
314 753 443 855 maris
475 753 693 915 impetum
729 754 962 892 longarum
987 753 1170 857 navium
1198 754 1438 856 maximam
1464 794 1647 897 pestem,

185 898 359 1063 objecta
395 933 537 1017 terra,
575 897 760 1015 vitaret,
803 933 846 996 et
880 937 1011 998 naves
1047 898 1168 1031 jactis
1206 896 1407 999 anchoris
1420 969 1456 1060 ,ι
1454 936 1548 1000 aut
1583 938 1645 1002 et-

185 1044 276 1144 iam
325 1041 381 1140 ad
425 1077 585 1141 terram
636 1040 836 1182 alligatae
881 1075 1117 1142 ventorum
1158 1040 1360 1141 flatibus
1357 1042 1646 1168 resisterent,

187 1186 353 1326 quippe
388 1184 554 1284 insulae
600 1220 779 1345 propter
822 1183 1015 1324 ipsarum
1051 1179 1353 1285 humilitatem
1387 1223 1551 1325 parum
1597 1225 1647 1286 ac

187 1327 297 1428 nihil
334 1329 478 1468 potius
514 1327 715 1428 aventis
751 1361 874 1468 parte
909 1330 1058 1491 aliqua
1095 1325 1330 1491 tegebant.

257 1479 401 1572 XVII.
477 1480 624 1604 Hujus
660 1505 753 1570 tam
790 1471 1037 1635 praecipitis
1074 1471 1276 1589 consilii,
1305 1507 1348 1571 et
1383 1467 1650 1613 periculosae

188 1608 475 1754 profectionis
510 1614 687 1776 culpam
723 1613 953 1754 quidam
941 1655 987 1716 ιιι
1024 1603 1235 1716 Catulum
1271 1628 1502 1717 Caesarem
1539 1655 1648 1716 con·

189 1751 423 1876 ferebant,
460 1758 750 1856 existimantes
796 1795 898 1856 eum
948 1759 1025 1857 in
1044 1757 1304 1900 Hispaniam
1350 1759 1416 1860 ad
1447 1791 1513 1857 res
1557 1758 1658 1920 paci·

190 1896 398 2041 belloque
441 1899 695 1996 necessarias
739 1897 1067 2056 providendum
1118 1938 1462 2040 properantem,
1507 1900 1654 2002 taedio

193 2079 377 2183 quoque
425 2079 575 2141 morae
613 2074 656 2140 et
691 2036 850 2139 Italicis
891 2037 1280 2201 Allobrogumque
1317 2041 1530 2140 molestiis
1575 2085 1655 2184 pe-

190 2184 381 2284 ticulum
416 2184 548 2283 maris
584 2181 864 2323 praetulisse.
910 2182 1043 2284 Sed
1031 2218 1323 2325 mterrogatus
1371 2183 1582 2284 Andreas
1607 2187 1656 2286 id

191 2367 298 2427 ase
334 2365 412 2468 per
449 2364 638 2428 errorem
673 2325 961 2427 commissum
998 2365 1085 2426 esse
1119 2325 1429 2448 confirmavit,
1462 2327 1541 2466 qui
1570 2338 1660 2459 jus-

191 2507 262 2569 sus
297 2511 323 2570 a
358 2470 561 2589 CaroIO‚
595 2503 645 2568 ut
680 2469 891 2609 postridie
935 2469 1245 2608 primulum,
1287 2469 1328 2569 si
1366 2507 1443 2609 per
1484 2497 1660 2635 tempe-

193 2645 349 2712 statem
384 2612 568 2732 liceret,
605 2651 739 2714 naves
784 2612 1007 2730 solveret,
1041 2548 1249 2752 deceptui
1278 2606 1439 2713 finisset
1474 2610 1603 2713 ab
1573 2653 1658 2736 ns,

195 2756 275 2896 qui
311 2789 430 2855 extra
464 2792 646 2895 portum
681 2755 935 2896 explorandi
971 2755 1258 2919 tentandique
1296 2755 1436 2896 gratia
1460 2757 1658 2895 praemis

197 2900 235 2998 si
277 2899 458 3000 mitiora
493 2898 888 3040 tranquillioraquc
936 2938 1043 3001 veto
1078 2901 1424 3002 renuntiassent.
1445 2910 1660 3058 Septem

197 3038 426 3143 diebus
390 3079 552 3143 crtcum
589 3083 656 3143 eas
692 3041 848 3142 insulas
883 3038 1010 3144 brevi
1043 3041 1273 3143 mtervallo
1311 3077 1407 3141 tum
1443 3038 1559 3141 inter
1593 3083 1660 3164 se,

197 3220 297 3286 tum
340 3227 366 3288 a
409 3221 523 3286 terta
565 3185 705 3286 Gallia
749 3185 1029 3322 disjunctas,
1069 3184 1476 3286 incommodissime
1518 3185 1661 3286 classis

200 3326 431 3430 obversata
477 3361 578 3446 est,
626 3328 830 3429 stationes
883 3328 1067 3432 subinde
1118 3365 1199 3469 pro
1246 3313 1415 3427 ratione
1460 3327 1660 3431 flantium

199 3508 435 3573 ventorum
477 3505 778 3573 commutans.
830 3479 954 3573 Nam
999 3509 1101 3572 cum
1144 3470 1287 3572 nullus
1337 3504 1442 3572 esset
1483 3495 1662 3611 portus,

202 3653 246 3717 et
281 3616 470 3718 brevitas
505 3650 639 3756 atque
680 3611 906 3715 humilitas
911 3612 1216 3756 objectarum
1263 3614 1501 3715 insularum
1537 3651 1663 3756 aegre

200 3758 357 3860 fluctus
340 3789 664 3878 saverterent,
700 3757 874 3859 flatibus
910 3788 1088 3879 autem,
1126 3793 1176 3858 ut
1212 3757 1558 3898 demonstratum
1583 3787 1662 3896 esta
1810 3807 1814 3815 ·

201 3891 325 4004 nihil
351 3893 675 4045 propemodum
713 3900 998 4022 obsisterent3
1032 3931 1199 4002 necesse
1221 3925 1353 4018 erat,
1392 3885 1663 4064 quicumque

202 4075 358 4146 ventus
394 4047 552 4186 paulo-
563 4043 889 4186 vehementius
885 4041 1096 4165 afflaret,
1134 4029 1275 4147 valide
1312 4065 1441 4144 na'v'es
1478 4044 1666 4186 agitari.
1737 4052 1740 4057 ’

202 4201 356 4329 Itaque
392 4189 530 4290 ventis
577 4177 741 4289 saeuire
778 4217 871 4289 non
916 4187 1306 4290 intermittentibus
1337 4215 1474 4289 naves
1490 4227 1662 4327 ,quae,

204 4363 256 4432 ut
290 4330 462 4454 laxius
458 4319 792 4452 consisterent,
821 4355 940 4432 n'e've
976 4357 1168 4433 mutuo
1184 4366 1396 4469 concursu
1441 4331 1664 4434 allideren-

206 4511 306 4623 tur,
343 4475 391 4575 in
430 4476 536 4577 duas
572 4510 781 4619 partes
752 4510 877 4576 erant
913 4477 1103 4597 divisae,
1142 4460 1411 4620 'continenter
1446 4515 1540 4575 non
1576 4474 1666 4578 sine

208 4607 291 4718 suo
326 4609 523 4760 periculo
547 4601 861 4782 jactabantur·
899 4602 992 4722 'Sed
1037 4619 1128 4721 illa
1145 4645 1234 4719 ιιοιι
1271 4611 1544 4760 gravissima
1538 4611 1669 4740 luit,

211 4787 316 4859 cum
352 4793 510 4864 ventus
538 4790 712 4884 ιιιιιι,
745 4762 840 4905 qui
875 4801 901 4862 a
928 4745 1150 4867 Solis
1083 4785 1273 4864 occasu--
1262 4697 1669 4865 vehementissimi

1586 4901 1670 5004 fla-
