4294 5984
556 507 611 598 9⁰
780 568 782 576 ,
860 507 863 512 ·
917 487 1002 570 DE
1045 485 1245 568 REBUS
1290 483 1524 570 GESTIS

482 643 723 800 ¹praebuit
758 642 889 782 hujus
926 681 1085 750 tractus
1126 640 1453 788 popularibus,
1500 642 1591 746 sive
1638 637 1762 785 quod
1809 636 1992 755 illorum

521 797 748 945 publicam
792 833 969 896 causam
1013 786 1265 935 probabat,
1306 790 1398 896 sive
1439 790 1616 904 studens
1663 786 1887 892 veteribus
1921 789 1992 898 fa-

522 941 778 1060 ctionibus,
812 974 863 1040 ut
897 936 926 1038 a
958 936 1142 1042 Comite
1176 946 1358 1060 Lunae,
1393 976 1530 1079 quem
1566 933 1624 1039 ab
1659 930 1770 1038 urbe
1792 939 1991 1082 Legione

519 1088 723 1230 depulit,
765 1083 1031 1188 dissentiret.
1074 1096 1224 1187 Fuerat
1266 1085 1415 1186 autern
1456 1095 1619 1186 Comes
1664 1081 1928 1186 Salvarerrae
1963 1131 1991 1191 a

522 1231 711 1337 consilio
735 1229 987 1334 Torsillano
1014 1230 1161 1332 omnis
1188 1239 1280 1366 eJus
1314 1235 1509 1352 tractus,
1546 1228 1627 1372 qui
1656 1228 1714 1331 ab
1739 1267 1849 1372 agro
1885 1244 1992 1336 Bur-

522 1379 651 1526 gensi
685 1375 920 1520 usquead
953 1389 1187 1481 Oceanum
1223 1411 1267 1480 et
1300 1373 1608 1480 Fonterabiam
1643 1374 1867 1517 pertinet,
1904 1377 1990 1482 dux

380 1521 384 1532 ’
524 1562 569 1628 et
604 1563 773 1672 praeses
808 1523 1107 1647 constitutus,
1143 1532 1265 1657 cujus
1301 1524 1494 1669 impulsu
1528 1519 1612 1623 hae
1652 1519 1853 1665 regiones
1895 1560 1991 1626 ma-

522 1711 613 1815 gna
649 1713 702 1774 ex
738 1706 863 1816 parte
898 1666 1301 1790 tumultuabantur,
1328 1673 1371 1772 et
1407 1663 1698 1815 praefecturae
1733 1665 1892 1770 vetetis
1916 1681 1992 1771 Ca·

522 1816 698 1937 stellae,
734 1857 843 1959 quas
878 1816 1123 1920 llerindades
1158 1815 1412 1960 appellant,
1447 1857 1474 1918 a
1509 1809 1833 1936 Comestabili,
1871 1824 1991 1945 cujus

523 1994 648 2086 erant
681 1961 730 2060 in
765 1961 995 2083 clientela,
1031 1955 1310 2089 defecerant,
1347 1998 1392 2064 et
1409 1961 1541 2065 ‘illius
1576 1959 1888 2064 auctoritatem
1923 1999 1990 2060 se-

523 2103 798 2249 quebantur.
826 2121 864 2210 Is
899 2146 1005 2208 curn
1037 2108 1201 2211 litteras
1244 2107 1445 2231 consilii,
1481 2109 1537 2211 de
1574 2103 1738 2251 quibus
1773 2142 1905 2250 supra
1927 2102 1992 2206 di·

522 2251 698 2367 ximus,
724 2252 988 2396 accepisset,
1019 2255 1260 2397 praemittit
1290 2297 1343 2357 tx
1377 2256 1489 2377 suis,
1520 2255 1600 2397 qui
1628 2289 1772 2355 cetera
1795 2259 1993 2353 tormen·
2096 2331 2100 2344 .

520 2431 596 2516 ta,
633 2437 748 2539 quae
785 2439 838 2499 ex
863 2397 1126 2501 Fonterabia
1163 2440 1240 2544 per
1275 2438 1433 2509 terram
1470 2395 1832 2517 devehebantur,
1868 2397 1993 2500 inter·
2133 2507 2134 2520 Ν

518 2540 750 2683 ciperent,
787 2542 880 2683 ipse
915 2543 1139 2666 celeriter,
1183 2583 1336 2647 coacta
1382 2551 1460 2690 per
1503 2545 1752 2649 Gonzalum
1791 2539 1993 2644 Baraho-

519 2721 624 2789 narn
666 2722 796 2784 suurn
838 2681 1112 2827 praefectum
1153 2689 1322 2793 circiter
1366 2693 1521 2795 decem
1563 2690 1758 2792 millium
1797 2720 1992 2786 armato-

520 2865 621 2930 rum
657 2865 830 2950 manu,
866 2831 972 2932 cum
1008 2829 1076 2935 his
1117 2833 1166 2937 in
1210 2835 1370 2940 vallem
1411 2836 1634 2941 Arratiam
1679 2862 1867 2956 movet,
1904 2867 1991 2972 qua

520 3011 689 3116 septem
716 2973 789 3075 illa
813 2974 1014 3118 graviora
1038 3012 1259 3085 tormenta
1288 2985 1344 3086 ad
1373 2981 1578 3089 Bilbaum
1606 3021 1658 3083 ex
1692 2977 1804 3080 osita
1831 3016 1857 3078 a
1888 2989 1991 3078 San·

518 3119 611 3220 ctio
648 3117 832 3222 Velasco
870 3161 973 3225 cum
1008 3125 1228 3264 praesidio
1270 3128 1459 3235 convehi
1498 3017 1839 3232 nuntiabantur.
1882 3135 1989 3225 sana

519 3263 659 3382 etius,
688 3264 875 3410 cognito
901 3269 955 3368 de
982 3271 1173 3374 Comitis
1206 3275 1254 3375 ‘et
1290 3309 1435 3380 tantae
1470 3314 1626 3375 manus
1661 3271 1884 3390 adventu,
1918 3265 1990 3402 cui

518 3444 599 3550 par
635 3449 720 3510 esse
755 3451 849 3514 non
884 3431 1088 3555 poterat,
1115 3453 1353 3526 tormenta
1394 3417 1605 3525 vehiculis
1649 3416 1845 3518 detracta
1887 3411 1991 3514 reli-

516 3551 650 3798 ppit,
687 3553 782 3696 ipsa
816 3555 1017 3663 vehicula
1052 3601 1157 3666 curn
1199 3565 1400 3671 mulabus
1443 3562 1658 3684 abduxit,
1701 3600 1816 3705 quae
1862 3597 1991 3661 causa

567 3697 621 3822 it,
651 3735 702 3801 ut
727 3712 893 3806 Comes
921 3741 1165 3833 tormenta,
1191 3749 1296 3814 eum
1324 3707 1538 3815 devehere
1560 3748 1655 3810 non
1680 3739 1862 3852 posset,
1890 3703 1991 3805 mal·

518 3839 595 3944 leis
648 3840 966 4011 ferrariarum,
1014 3893 1127 4000 quae
1176 3854 1226 3958 in
1270 3857 1527 4002 propinquo
1574 3888 1728 3974 erant,
1765 3851 1815 3953 in
1854 3845 1989 3954 fiusta

514 4024 857 4097 commmueret.
1944 4039 1948 4046 ’

592 4145 715 4238 ΧΙΧξ
804 4151 907 4244 Erat
949 4157 1114 4247 Comes
1155 4144 1421 4250 Salvatertae
1468 4138 1740 4251 Victoriensi
1787 4137 1987 4259 civitati,
2131 4195 2132 4270 y

514 4315 630 4420 quae
667 4281 835 4388 Alavae
870 4287 1163 4393 Cantabrieae
1199 4291 1395 4438 regionis
1437 4292 1558 4397 velut
1596 4325 1731 4437 caput
1773 4283 1984 4403 habetur,

514 4422 754 4568 plurimum
789 4429 1002 4573 infensus.
1041 4447 1168 4540 Haec
1205 4440 1327 4543 enim
1361 4439 1546 4560 civitat,
1582 4471 1860 4581 quamquam
1895 4426 1985 4531 ini·
2131 4571 2132 4574 Ν

510 4567 579 4669 tio
616 4573 898 4719 popularium
933 4582 1199 4685 seditionum
1234 4584 1418 4729 ancipiti
1448 4583 1639 4688 consilio
1669 4575 1876 4698 lababat,
1911 4611 1987 4718 po
2131 4577 2132 4586 '

510 4744 598 4818 stta
634 4753 781 4829 tamen
818 4723 865 4827 in
902 4723 991 4830 lide
1027 4727 1165 4874 Regis
1203 4770 1338 4876 opera
1375 4731 1658 4876 potissimum
1704 4765 1749 4830 et
1792 4719 1990 4828 auctori-
2131 4717 2132 4742 ¹

507 4893 595 4966 tate
631 4867 798 5009 Jacobi
832 4875 1022 4980 Martini
1056 4877 1222 4985 Alavae
1263 4877 1557 4999 confirmata,
1600 4911 1731 4978 suum
1783 4869 1988 4976 officium

1875 5053 1987 5160 PIO·
