4294 5972
560 408 660 524 με·
814 457 826 474 «
968 421 1051 508 ou
1098 397 1308 502 nunus
1356 407 1574 498 onsrrs

529 621 629 682 rum
664 573 842 672 nemine
881 569 1123 712 suspicante
1158 571 1447 704 Solymanum'
1463 585 1488 687 ,'
1513 562 1595 707 qui
1618 560 1734 671 fama
1760 562 1866 668 belli
1896 569 1991 674 ‘hu-

428 775 430 780 '
526 725 594 848 jus
631 752 778 818 toturn
815 713 973 816 orbem
1008 711 1279 855 replevisset,
1315 710 1437 810 nullo
1474 708 1640 851 praelio
1672 701 1851 810 fortuna
1882 749 1985 818 ten-

525 891 642 976 tata,
675 898 781 958 curn
818 857 947 957 tantis
995 892 1174 996 tamque
1209 853 1428 994 instructis
1464 852 1601 994 copiis
1648 850 1827 952 infinito
1868 895 1984 964 sum-

523 1035 570 1099 tu
610 1037 653 1100 et
687 1003 877 1100 duorum
913 1035 988 1098 aut
1025 996 1160 1100 trium
1195 1035 1412 1098 annorum
1448 1033 1550 1096 cura
1587 1031 1630 1095 et
1666 994 1813 1095 labore
1858 1039 1978 1106 com·

519 1143 696 1279 paratis,
719 1138 871 1282 fugam
907 1140 1085 1251 moliri3
1128 1141 1202 1240 sed
1238 1141 1335 1260 alii,
1371 1181 1427 1242 ne
1452 1137 1625 1238 Italiam
1660 1177 1687 1236 a
1720 1137 1865 1240 'milite
1903 1182 1979 1246 va-

520 1321 652 1384 cuam
693 1283 1044 1425 imparatamque
1085 1284 1292 1384 invadere
1336 1315 1531 1421 pararet,
1573 1277 1869 1402 metuebant,
1905 1286 1979 1389 alii

519 1465 622 1526 eum
657 1426 817 1528 idonea
852 1429 950 1528 loca
987 1429 1041 1526 ad
1076 1425 1242 1526 bellum
1277 1426 1528 1526 ducendum
1575 1461 1749 1566 captare
1790 1425 1980 1568 suspica·

439 1577 441 1580 ’
518 1565 704 1688 bantur,
751 1607 802 1671 ut
845 1570 1012 1712 praelio
1050 1568 1190 1669 vitato
1233 1567 1480 1686 Carolum,
1525 1603 1658 1706 quern
1702 1602 1808 1666 tunc
1843 1571 1976 1672 dimi-

422 1729 425 1738 ’
521 1713 664 1811 cando
702 1711 818 1812 vinci
854 1753 976 1853 posse
1012 1707 1257 1832 diffideret,
1297 1748 1420 1810 mora
1455 1743 1496 1810 et
1528 1708 1811 1810 cunctatione
1853 1707 1978 1816 fran-

516 1889 668 1992 geret,
704 1856 814 1953 dum
851 1856 1058 1979 eumdem
1095 1889 1265 1994 putaret
1302 1852 1431 1954 tantis
1469 1851 1612 1996 copiis
1650 1850 1807 1950 diutius
1852 1855 1982 1956 alen-1

516 1995 583 2090 dis
619 2032 711 2092 non
748 2035 834 2092 esse
870 1993 1314 2138 suffecturum.'lpse
1350 2034 1477 2118 ver0,
1498 2030 1548 2095 ut
1579 1990 1709 2136 firgae
1743 1996 1979 2125 consilium

515 2136 779 2254 occultaret,
818 2172 983 2276 partem
1020 2139 1254 2280 equitum,
1294 2177 1487 2279 quorum
1522 2133 1607 2239 fuit
1643 2137 1701 2236 ad
1736 2139 1975 2246 duodecim

430 2339 433 2345 ·
510 2278 703 2380 millium
737 2317 975 2399 numerus,
1013 2281 1305 2382 industriam
1336 2284 1570 2422 procedere
1600 2279 1724 2412 jubet
1751 2317 1795 2382 et
1821 2281 1974 2383 incur-

512 2421 709 2526 sionibus
745 2461 1082 2564 quoquoversus
1119 2420 1326 2526 faciendis
1368 2462 1496 2565 agros
1539 2417 1744 2524 infestare
1777 2463 1790 2534 ς
1846 2426 1973 2530 sinrul

510 2599 562 2665 ut
596 2567 649 2666 de
684 2561 792 2704 fuga
817 2565 978 2666 tardius
1010 2569 1145 2669 nostri
1172 2602 1518 2686 coonoscerent,
1545 2566 1725 2668 nemine
1751 2568 1966 2688 omnium,

511 2741 563 2804 ut
599 2707 833 2826 credebat,
883 2708 1180 2812 existimaturo
1227 2655 1383 2852 fugere
1429 2749 1566 2828 eum,
1620 2709 1702 2848 qui
1752 2713 1869 2810 ultro
1905 2747 1974 2810 et-

515 2846 606 2946 iam
645 2843 762 2948 bello
796 2849 1056 2968 lacessisset,
1091 2852 1222 2955 simul
1267 2890 1317 2952 ut
1353 2851 1560 2993 occupati
1602 2853 1743 2952 nostri
1793 2853 1841 2953 in
1877 2854 1976 2955 illo-

509 3027 608 3088 tum
653 2993 869 3132 equitum
909 2994 1078 3125 injuriis
1131 3031 1176 3096 et
1229 2993 1447 3098 maleficiis
1501 2993 1762 3135 repellendis
1826 2997 1968 3102 minus

509 3130 763 3273 tardiusque
799 3173 975 3274 possent
1011 3178 1055 3237 se
1089 3134 1339 3279 fugientem
1365 3139 1592 3240 insectari.
1631 3144 1755 3236 Nam
1780 3177 1872 3277 quo
1900 3139 1970 3246 die

508 3275 756 3415 equitatum
791 3277 974 3378 immisit
1009 3279 1303 3418 Solymanus‚
1353 3282 1513 3380 eodem
1549 3279 1642 3418 ipse
1694 3280 1858 3382 deflexa
1896 3281 1971 3386 via

509 3456 613 3518 curn
648 3419 818 3560 reliquo
862 3420 1048 3528 exercitu
1088 3425 1276 3528 domum
1318 3423 1466 3567 coepit
1510 3420 1684 3565 magnis
1733 3421 1969 3528 itineribus

509 3563 803 3664 contendere.
1026 3683 1027 3688 Ν

569 3711 734 3808 XXV.
806 3708 993 3808 Carolus
1030 3744 1178 3812 autem
1214 3709 1447 3818 intercluso
1484 3711 1753 3854 concisoque
1774 3711 1897 3815 bona
1926 3754 1977 3816 ex

510 3883 632 3984 parte
667 3843 755 3948 hoc
769 3921 785 3967 ,
819 3850 874 3950 de
911 3891 1004 3991 quo
1041 3854 1252 3975 diximus,
1289 3859 1516 3998 equitata,
1538 3897 1629 3958 non
1660 3857 1832 3997 putavit
1869 3899 1895 3958 e
1933 3896 1977 3958 re

449 4105 452 4110 Ι
510 3985 607 4088 fore
642 3993 843 4131 persequi
878 3987 1122 4134 fugientem
1160 3998 1365 4129 hostem3
1403 4001 1616 4144 quoniam
1654 3999 1732 4099 ubi
1768 4002 1822 4100 de
1868 3997 1978 4143 lisga

340 4139 346 4152 '
510 4129 645 4270 ipsius
680 4133 808 4272 plane
843 4138 1076 4278 cognitum
1113 4177 1204 4266 est,
1232 4143 1404 4290 longius
1442 4177 1735 4287 processerat,
1764 4183 1907 4284 quarn
1928 4181 1975 4244 ut

380 4291 389 4299 “
509 4277 723 4414 cons-equi
760 4312 865 4378 esset
901 4281 1049 4386 multis
1085 4283 1270 4412 diebus,
1315 4325 1623 4431 praeterquam
1665 4289 1878 4427 expeditis
1928 4309 1975 4386 e-

510 4415 738 4554 quitibus,
773 4419 934 4558 quibus
970 4464 1115 4530 noster
1153 4429 1361 4532 exercitus
1400 4434 1558 4535 multo
1595 4430 1738 4542 minus
1775 4471 1858 4571 pto
1903 4469 1972 4528 rad

512 4556 636 4658 tione
673 4594 716 4662 et
750 4569 1061 4670 cousuetudine
1096 4572 1158 4690 rei
1194 4573 1424 4696 militaris,
1460 4615 1598 4717 quarn
1635 4575 1864 4716 peditatu,
1895 4607 1972 4670 aut

509 4702 729 4842 equitibus
764 4704 1051 4851 cataphractis
1090 4711 1288 4840 valebat.
1329 4719 1503 4824 Deinde
1540 4719 1646 4862 quia
1684 4718 1851 4836 nostri,
1893 4711 1978 4856 qui

1901 4895 1978 4960 vix
