4294 5972
575 446 817 531 canotr
859 444 913 530 v.
962 449 1075 527 atu.
1132 453 1209 530 nt.
1517 437 1607 546 287

184 607 457 736 „feruntur,
506 600 843 705 conditionibus
905 640 1007 702 cum
1057 602 1281 705 Francisco
1330 601 1525 728 Sfortia,
1579 612 1649 714 vel

185 795 339 879 „cum
391 747 575 853 Venetis
624 741 832 847 facienda
870 743 1118 848 consultare
1179 749 1379 852 animum
1420 751 1649 858 iuducere-

184 941 364 1025 „mus,
399 933 493 997 non
530 893 671 995 modo
703 929 810 1033 post
846 925 916 992 tot
952 890 1000 990 in
1036 891 1159 992 Italia
1197 929 1240 994 ct
1283 892 1534 999 Insubribus
1578 901 1650 1032 ui-n.¹

74 1089 79 1098 ·
181 1045 423 1168 „ctorias,
460 1039 607 1140 ceteris
635 1034 835 1138 hostibus
868 1036 1069 1177 pervictis
1115 1072 1159 1136 et
1201 1038 1317 1138 inito
1344 1033 1521 1144 foedere
1547 1083 1651 1149 cum

128 1209 131 1214 ’
184 1184 449 1314 „Pontifice
485 1184 715 1300 Maximo,
753 1184 827 1284 sed
864 1220 919 1281 ne
956 1217 1061 1283 tunc
1087 1182 1303 1323 quidem,
1339 1221 1441 1284 cum
1485 1189 1652 1288 exerci-

186 1413 220 1456 „
237 1371 305 1435 tus
364 1367 461 1431 tuus
515 1326 760 1430 Mediolani
812 1326 929 1425 intra
992 1364 1198 1466 extraque
1248 1324 1567 1452 obsidebatur,
1605 1368 1650 1433 et

186 1477 414 1600 „1taliae,
451 1471 707 1613 Galliaeque
760 1505 805 1572 et
844 1468 1096 1575 Britanniae
1138 1469 1304 1572 viribus
1339 1509 1383 1572 et
1423 1477 1652 1618 conspira-

187 1623 364 1748 „tione
409 1612 792 1758 oppugnabatur,
831 1650 907 1714 aut
948 1655 1050 1718 cum
1091 1617 1286 1756 Neapoli
1330 1619 1436 1719 dura
1491 1622 1651 1727 itidem

191 1762 472 1888 „obsidione
516 1759 654 1860 nostri
694 1760 751 1864 ab
785 1759 940 1862 iisdem
985 1760 1323 1901 premebantur,
1375 1761 1489 1888 Quis
1531 1769 1652 1872 enim

193 1989 225 2032 „
240 1910 383 2010 victor
435 1907 485 2008 in
543 1943 613 2003 eas
658 1905 775 2043 pacis
836 1905 1112 2005 conditiones
1154 1906 1411 2008 descendere
1453 1947 1653 2054 unquam

187 2131 221 2177 „
240 2049 492 2193 cogitavit,
532 2086 641 2186 quas
668 2047 808 2147 victus
834 2081 960 2187 turpe
987 2049 1159 2149 duceret
1183 2049 1407 2189 accipere?
1444 2059 1506 2154 At
1534 2097 1651 2162 nunc

187 2197 369 2322 „video
406 2191 620 2333 prosperis
657 2189 869 2332 laetisque
904 2189 1030 2293 rebus
1085 2231 1178 2291 non
1221 2192 1365 2294 solum
1407 2197 1461 2297 de
1501 2196 1652 2330 hujus-

187 2338 363 2464 „modi
398 2374 534 2479 pace,
571 2369 725 2435 coacto
761 2375 787 2435 a
829 2370 873 2436 te
917 2334 1139 2445 concilio,
1174 2336 1431 2458 consultari,
1468 2343 1544 2440 sed
1580 2381 1650 2444 er-

189 2484 368 2607 ‚,iam,
422 2480 544 2620 quod
592 2479 785 2580 maxime
826 2478 995 2598 doleo,
1035 2478 1236 2579 animum
1280 2516 1427 2606 tuum,
1460 2482 1509 2582 in
1550 2525 1651 2592 eam

185 2703 220 2750 „
236 2625 341 2727 ferri
376 2621 660 2766 praecipitem
698 2625 995 2764 quorumdam
1031 2621 1222 2724 serentiis
1258 2622 1532 2764 impulsum,
1569 2631 1652 2770 qui

108 2891 114 2900 .
188 2771 275 2894 „si
309 2766 515 2869 laborum
559 2804 604 2868 et
646 2767 953 2869 discriminum
993 2761 1178 2870 fuissent
1215 2769 1446 2911 participes
1490 2809 1533 2874 et
1569 2814 1652 2874 oc-

187 2911 431 3039 „casiones
465 2909 569 3012 belli
605 2911 739 3055 longa
775 2912 938 3013 militia
974 2911 1260 3031 didicissent,
1297 2950 1363 3013 sat
1399 2915 1490 3015 scio
1532 2915 1650 3056 ipsos

186 3057 368 3200 „longe
404 3054 525 3155 aliter
560 3049 689 3156 fitisse
713 3095 940 3158 censuros.
979 3065 1116 3157 Nunc
1160 3095 1265 3156 cum
1298 3053 1471 3159 hostem
1507 3098 1651 3162 arma-

186 3235 331 3325 ‚,tum
367 3198 538 3301 nullum
574 3199 801 3320 viderint,
845 3240 989 3342 neque
1035 3239 1234 3342 unquam
1270 3198 1317 3298 in
1358 3201 1503 3303 castris
1544 3245 1652 3345 pera

188 3425 222 3468 „
239 3343 547 3461 noctaverint,
583 3345 658 3444 sed
693 3386 773 3445 nec
809 3345 910 3445 talia
945 3381 1128 3446 munera
1164 3340 1288 3444 obire
1323 3343 1377 3445 iis
1412 3347 1537 3450 cordi
1572 3349 1662 3461 sits,

186 3568 221 3614 „
238 3488 349 3591 nihil
387 3487 553 3588 mirum
589 3524 692 3608 est,
735 3483 939 3590 homines
982 3495 1185 3631 Togatos
1244 3521 1288 3587 et
1336 3489 1397 3590 rei
1454 3491 1652 3592 militaris

190 3635 471 3759 „insolentes
525 3669 682 3773 pamm
736 3668 904 3735 strenue
955 3633 1145 3734 aliorum
1193 3632 1391 3772 periculo
1427 3634 1483 3733 de
1526 3632 1652 3734 rebus

189 3775 404 3900 „bellicis
442 3809 655 3879 statuere.
703 3789 851 3917 Capto
887 3816 914 3875 a
957 3778 1038 3878 tuis
1082 3789 1206 3916 Rege
1242 3776 1499 3893 Francisco,
1541 3786 1685 3908 ejus-.

190 3995 225 4046 „
242 3961 329 4061 que
366 3920 551 4024 exercitu
588 3920 732 4022 deleto
768 3921 1042 4023 Franciscum
1066 3915 1273 4020 Sfortiam
1308 3918 1652 4022 Mediolanensi-

191 4142 223 4186 „
241 4061 321 4165 bus
356 4079 530 4168 Ducem
565 4065 655 4202 ipse
689 4105 768 4205 per
804 4102 1024 4194 summam
1057 4058 1361 4160 liberalitatem
1392 4057 1653 4200 praefecisti,

195 4285 226 4330 „
243 4244 399 4347 putans
434 4207 561 4308 illum
603 4209 716 4306 tanti
760 4203 965 4309 beneficii
1007 4241 1253 4304 memorem
1290 4195 1428 4319 fore,
1469 4240 1513 4306 et
1556 4241 1650 4306 tuas

190 4387 381 4491 „partes
431 4350 560 4450 omni
608 4350 757 4448 studio
800 4384 935 4487 atque
980 4346 1141 4488 opibus
1183 4345 1471 4476 adjuturum3
1517 4389 1652 4452 nemo
1705 4389 1707 4394 ’

189 4572 222 4619 ,,
238 4530 388 4593 tamen
422 4487 508 4592 fuit
542 4489 749 4592 Italorum
784 4491 917 4632 paulo
954 4492 1094 4592 modo
1129 4487 1380 4610 cordatior,
1418 4491 1529 4632 quin
1565 4534 1653 4594 sus·

192 4674 409 4778 „pectam
444 4634 625 4737 haberet
661 4672 783 4738 tuam
821 4631 1167 4755 liberalitatem,
1204 4672 1247 4737 et
1291 4637 1383 4776 ipse
1418 4636 1467 4734 in
1501 4636 1651 4774 primis
1715 4709 1717 4712 -

193 4854 225 4902 „
239 4777 435 4900 Sfortia,
488 4781 536 4886 in
578 4820 716 4923 quem
765 4811 936 4880 tantum
988 4777 1254 4882 beneficium
1308 4770 1650 4895 conferebatur,
1725 4841 1732 4856 ·

1508 4957 1652 5062 „qua-
