4326 5986
594 423 836 505 cruotr
879 423 932 504 v.
979 424 1094 506 tm.
1134 427 1224 508 xv.
1257 445 1261 452 ·
1440 429 1445 440 ·
1556 409 1644 518 465

215 556 392 663 classem
422 557 474 655 e‘x
510 552 742 656 intervallo
779 549 1067 693 sequebatur,
1089 595 1144 655 eo
1181 590 1343 654 conatu
1373 556 1557 658 destitit.
1581 571 1688 663 Hac·

217 702 385 806 bireme
428 697 596 842 legatus
641 738 668 799 a
711 697 952 831 Solymano
984 699 1041 798 ad
1076 709 1250 840 Regem
1279 698 1554 802 Franciscum
1580 705 1685 806 mis-

213 885 287 948 sus
332 840 622 950 vehebaturs
664 879 717 942 ex
771 879 865 984 quo
910 842 1059 983 legato
1118 843 1349 984 cognitum
1392 881 1455 945 est
1505 841 1682 950 foedere

199 989 347 1106 inter·
364 987 463 1088 illos
515 1023 716 1127 percusso
763 986 1045 1105 convenisse,
1081 1020 1131 1088 ut
1153 1025 1286 1086 ¹anno
1323 987 1530 1127 proximo
1557 1002 1679 1094 Fran·

218 1132 356 1234 circus
403 1131 642 1232 exercitum
688 1129 736 1230 in
788 1127 1017 1250 Insubres,
1064 1163 1106 1230 et
1156 1129 1371 1270 reliquam
1419 1130 1683 1238 Citeriorem

214 1275 406 1378 Galliam
442 1276 698 1383 inducerets
743 1274 1001 1410 Solymanus
1036 1274 1188 1376 eadem
1230 1305 1388 1372 aestate
1431 1282 1682 1384 Turcarum

212 1455 396 1521 manum
432 1419 480 1520 in
516 1417 728 1560 Apuliam
777 1417 1122 1537 transmitteret,
1163 1450 1207 1516 et
1250 1414 1380 1516 classe
1422 1455 1549 1519 oram
1572 1431 1683 1522 ¹Ita-

213 1561 296 1666 liae
331 1562 602 1664 maritimam
639 1555 889 1670 infestarets
930 1603 981 1663 ea
1016 1561 1142 1702 lege,
1183 1594 1234 1660 ut
1269 1560 1490 1702 quidquid
1534 1564 1680 1668 Italiae

212 1699 365 1807 firisset
401 1707 449 1806 in
475 1707 675 1848 ipsorum
711 1721 975 1844 potestatem
1006 1706 1261 1823 redactum,
1295 1705 1413 1844 Regi
1439 1705 1569 1807 Gallo
1593 1738 1681 1810 tra-⁴

209 1849 412 1959 dereturs
450 1886 588 1990 porro
623 1845 748 1946 Italia
783 1849 1001 1965 devicta,
1040 1847 1207 1946 bellum
1251 1847 1564 1952 communibus
1606 1887 1681 1950 at-

210 1991 297 2092 mis
331 1992 381 2091 in
402 1987 623 2111 ‘Africam
658 1984 994 2096 transferretuts
1038 2025 1178 2129 eaque
1220 1984 1464 2104 debellata,
1509 1992 1558 2094 in
1602 1994 1678 2096 di·

210 2133 384 2235 tionem
419 2141 669 2236 Turcarum
704 2133 904 2235 cederet.

295 2284 464 2378 XXIX.
552 2273 703 2379 Rebus
745 2275 930 2376 nauticis
979 2275 1036 2378 ad
1077 2273 1358 2378 Palamosum
1398 2276 1677 2402 constitutis,

211 2456 257 2521 et
292 2407 513 2563 stipendio
548 2459 599 2520 ac
634 2420 783 2521 ceteris
818 2418 1002 2522 navibus
1037 2420 1182 2564 longis
1203 2421 1406 2521 Andreae
1435 2423 1600 2526 Doriae
1625 2423 1675 2528 in

208 2562 379 2664 Italiam
415 2564 648 2666 revertenti
684 2563 894 2684 traditis,
934 2562 1118 2666 Alvarus
1159 2599 1263 2665 cum
1310 2565 1548 2668 duodecim
1589 2568 1676 2666 tri·

209 2702 429 2828 semibus,
462 2741 513 2807 ut
547 2708 604 2807 ad
639 2706 862 2849 Calpem,
928 2746 1011 2808 uae
1046 2745 1164 2810 nunc
1198 2707 1441 2848 Hispanica
1484 2747 1674 2809 consue-

211 2849 366 2951 tudine
408 2853 627 2953 Gr'braltare
673 2850 869 2970 dicitur,
895 2745 1203 2988 bybermtet,
1251 2847 1581 2988 proficiscitut3
1629 2889 1673 2954 et

210 2993 485 3114 Barcinone',
522 3025 703 3135 propter
729 2993 1122 3134 quinqueremem,
1157 3030 1295 3134 quam
1322 2991 1414 3094 illic
1449 3033 1530 3096 suo
1555 3032 1671 3094 sum·

209 3166 256 3236 tu
293 3135 569 3237 aedificatam
605 3137 883 3239 armamentis
920 3137 1103 3258 instrui,
1138 3171 1195 3255 et¹
1225 3172 1329 3238 cum
1360 3137 1573 3275 ‘primum
1612 3135 1672 3236 li·-

209 3311 368 3402 ceret,
403 3276 562 3378 deduci
597 3278 819 3399 volebat,
858 3280 1073 3422 paulisper
1115 3315 1449 3394 commoratus,
1489 3319 1562 3378 sex
1605 3276 1672 3380 ibi

210 3417 462 3525 triremibus
496 3419 687 3542 relictis,
722 3461 772 3524 ac
808 3423 939 3564 paulo
984 3459 1090 3563 post·
1117 3463 1161 3522 se
1209 3420 1335 3564 sequi
1368 3421 1527 3555 jussis,
1566 3444 1671 3526 cum

209 3563 404 3666 totidem
428 3564 619 3666 domum
643 3565 706 3666 ire
738 3566 916 3708 pergit,
935 3565 972 3666 si
1003 3599 1145 3707 posset
1164 3565 1350 3708 Calpem
1376 3600 1478 3666 ante
1502 3562 1672 3668 Christi

207 3707 369 3809 Natale
404 3707 657 3848 pervenire.
696 3709 778 3811 Sed
812 3709 977 3811 ostium
1003 3708 1115 3812 Iberi
1148 3709 1290 3810 amnis
1319 3699 1669 3849 praetergressus,

206 3847 264 3950 ad
298 3850 450 3952 locum
485 3893 509 3954 e
544 3853 727 3994 regione
762 3852 1007 3954 Paniscolae
1043 3853 1185 3991 prima
1206 3939 1208 3944 .
1230 3851 1384 3994 vigilia
1432 3889 1538 3952 cum
1574 3888 1670 3994 pro

208 3991 426 4115 cessisset,
461 4028 504 4096 et
537 3995 738 4098 anchoris
772 3997 897 4128 jactis
932 4032 1167 4137 parumper
1211 3993 1505 4115 constitisset,
1549 4027 1671 4095 tanta

206 4163 438 4278 tempestas
473 4140 622 4244 subito
657 4177 809 4242 exorta
844 4173 907 4242 est
948 4172 1166 4241 euronoto
1201 4139 1461 4252 saeviente,
1497 4169 1548 4237 ut
1589 4175 1671 4238 na·

205 4311 281 4382 ves
320 4319 475 4384 omnes
518 4283 679 4425 partim
726 4282 928 4386 anchoris
969 4278 1239 4425 perfractis,
1275 4281 1435 4425 partim
1477 4280 1670 4421 ipsarum

203 4414 386 4524 funibus
422 4425 620 4573 abruptis
655 4429 712 4532 ad
731 4428 868 4546 ‘littus
902 4465 947 4530 et
986 4427 1189 4572 scopulos
1224 4427 1394 4530 adactas
1422 4418 1670 4568 perfringe·-

203 4598 310 4690 tet,
343 4607 524 4714 excepta
566 4572 821 4715 praetoria,
855 4611 1007 4716 quae,
1043 4608 1093 4674 ut
1127 4605 1220 4673 erat
1266 4612 1293 4674 a
1334 4569 1484 4672 littore
1535 4567 1668 4730 paulo

207 4739 459 4952 temptant,
498 4753 677 4821 summo
712 4716 861 4858 studio
906 4756 974 4840 ac⁸
1000 4715 1231 4860 diligentia
1270 4716 1578 4859 gubernatoris
1623 4743 1668 4810 et

207 4917 212 4922 -
319 4891 389 4954 om.
408 4867 443 4967 Ι.
1129 4865 1243 4960 Nnn
1573 4889 1672 4954 nau·
