4292 5984
593 475 839 560 CAROLI
885 480 938 561 V.
981 481 1099 564 LIB.
1127 489 1161 564 1.
1521 493 1572 552 21

151 629 273 780 gusti
304 626 534 752 CaesariS,
568 627 655 732 hoc
688 671 869 775 quoque
905 633 1083 763 adjuvat
1101 631 1405 736 'certissimam
1427 670 1621 743 nostram

148 788 488 912 conjecturam,
536 775 756 917 quoniam
802 785 917 876 Aera
963 779 1186 896 Caesaris,
1229 780 1394 880 cunctis
1438 781 1622 886 vocibus
1722 855 1728 866 ·

150 925 410 1066 explicatis,
447 919 559 1022 nihil
596 920 713 1022 aliud
749 956 835 1040 est,
874 957 1036 1060 quam:
1081 953 1308 1022 sanuserat
1336 932 1623 1062 Augustisae-

150 1076 278 1170 saris:
330 1068 387 1167 ad
424 1104 561 1206 quem
606 1065 795 1164 modum
846 1063 882 1162 si
931 1070 1047 1163 Aeta
1083 1066 1273 1206 Augusti
1308 1071 1500 1168 Caesaris
1546 1112 1623 1188 ex-

153 1213 372 1353 plicetur,
412 1208 479 1310 bis
517 1214 738 1350 Augustus
774 1206 1096 1308 nominabitur.

257 1363 402 1455 XXII.
479 1361 545 1450 Ut
582 1352 721 1490 igitur
756 1351 931 1470 redeat,
970 1353 1087 1450 unde
1125 1353 1313 1495 digressa
1349 1391 1411 1455 est
1447 1358 1623 1478 oratio,

147 1496 212 1599 ab
261 1495 455 1639 Augusti
492 1492 741 1634 principatu
776 1495 1016 1594 constituto
1053 1493 1164 1599 nihil
1200 1497 1257 1596 ab
1281 1498 1490 1640 Hispanis
1525 1539 1625 1602 mo·

148 1675 246 1742 tum
284 1675 346 1740 est
389 1639 438 1738 in
475 1649 737 1757 Romanoa,
775 1638 900 1779 quod
938 1633 1163 1777 publicam
1200 1679 1353 1782 pacem
1392 1684 1625 1786 magnope-

156 1824 203 1886 re
240 1780 531 1928 petturbaret.
567 1783 802 1950 Nimijum
838 1780 944 1924 quia
979 1783 1246 1923 populorum
1282 1787 1452 1887 animos
1482 1788 1625 1889 nullus

154 1939 251 2062 jam
287 1964 461 2047 metus,
498 1927 615 2027 nulla
648 1967 741 2046 vis,
786 1927 861 2028 sed
899 1925 1170 2029 necessitudo
1208 1929 1356 2070 potius
1393 1967 1437 2030 et
1471 1931 1625 2031 amici·

156 2072 219 2172 tia
257 2072 305 2174 in
345 2067 499 2174 officio
537 2067 813 2172 continebat.
849 2075 948 2170 Tor
986 2068 1104 2169 enim
1140 2081 1449 2174 Romanorum
1484 2075 1623 2176 Colo-

156 2216 260 2318 niae
298 2217 345 2316 in
381 2213 599 2357 Hispania
643 2215 854 2314 deductae
891 2205 1101 2331 fuerant,
1135 2247 1201 2314 tot
1239 2218 1404 2357 oppida
1418 2217 1624 2346 ,civitate

154 2370 391 2477 Romana,
428 2391 473 2457 et
507 2367 600 2488 jure
636 2355 753 2458 Latii
787 2356 1030 2494 Italicoque
1054 2355 1247 2475 donata,
1285 2392 1334 2455 ut
1360 2357 1484 2458 brevi
1511 2397 1624 2462 tem-

157 2539 268 2643 pore
305 2500 412 2601 haec
447 2501 573 2642 regio
623 2537 718 2600 non
759 2508 851 2633 jam
897 2495 1160 2617 Provincia,
1197 2499 1269 2597 sed
1305 2498 1437 2599 altera
1473 2511 1623 2604 Roma

157 2680 202 2745 et
238 2644 365 2744 Italia
389 2684 481 2744 esse
513 2642 755 2744 videretur.
793 2638 1048 2744 Duodecim
1074 2681 1267 2781 namque
1293 2641 1504 2745 Colonias
1541 2685 1623 2745 nu·

159 2822 302 2891 metat
336 2787 499 2888 Plinius
536 2790 752 2888 Secundus
796 2786 845 2885 in
890 2786 1107 2927 Hispania
1152 2785 1407 2907 Citeriore,
1453 2789 1622 2930 oppida

94 3039 111 3062 f
157 2933 327 3034 civium
361 2943 675 3034 Romanorum
712 2929 952 3049 tredecim,
988 2929 1251 3030 Latinorum
1293 2967 1493 3032 veterum
1540 2933 1624 3033 de-

167 3116 266 3176 cem
309 3113 353 3178 et
401 3112 537 3196 octo,
584 3077 633 3178 in
678 3073 849 3175 Baetica
897 3072 1108 3174 Colonias
1168 3110 1278 3174 octo·
1339 3075 1620 3218 totidemque

164 3217 448 3360 Municipia,
483 3219 651 3362 oppida
678 3219 810 3320 Latio
846 3217 1086 3360 antiquitus
1122 3216 1282 3319 donata
1325 3217 1487 3360 viginti
1533 3259 1621 3320 no-

160 3400 300 3486 vem,
343 3361 546 3464 libertate
594 3406 693 3484 sex,
728 3359 906 3467 foedere
955 3363 1082 3482 duo,
1124 3362 1173 3462 in
1212 3362 1434 3464 Lusitania
1476 3363 1620 3464 Colo-

160 3508 254 3610 nias
294 3509 522 3650 quinque,
551 3507 853 3649 Municipium
890 3505 1054 3607 civium
1091 3517 1402 3610 Romanorum
1437 3547 1621 3628 unum,

158 3651 277 3753 Latii
336 3652 511 3793 antiqui
568 3690 779 3795 quatuor.
836 3650 1125 3794 Vespasianus
1174 3692 1280 3756 vero
1339 3665 1619 3795 Imperator,

158 3831 213 3897 ut.
256 3831 353 3898 tota
408 3797 627 3940 Hispania
671 3797 722 3900 in
767 3795 973 3900 societate
1024 3835 1068 3898 et
1113 3793 1421 3899 benevolentia
1464 3790 1624 3934 populi

159 3939 356 4039 Romani
394 3949 563 4070 majore
600 3941 782 4044 vinculo
816 3943 1146 4060 contineretur,
1182 3953 1249 4071 jus
1296 3937 1410 4036 Latii
1460 3935 1618 4036 tribuit

161 4079 426 4205 universae,
489 4121 539 4184 ut
589 4086 756 4188 Plinius
801 4087 922 4186 idern
972 4083 1163 4224 aequalis
1214 4081 1485 4222 temporibus
1536 4079 1622 4178 illis

164 4258 234 4322 est·
262 4262 442 4328 auctor.
480 4233 644 4369 Neque
680 4270 785 4332 vero
821 4229 963 4328 solum
998 4223 1199 4327 Romani
1231 4225 1493 4365 Hispaniam
1530 4261 1622 4363 pas-

167 4367 250 4470 sim
300 4365 580 4490 incolebant,
635 4372 709 4471 sed
754 4370 948 4470 vicissim
995 4370 1199 4508 Hispanis
1251 4369 1429 4468 civitate
1474 4368 1621 4466 dona·-

167 4511 219 4611 tis
257 4513 446 4616 scatebat
480 4513 572 4654 ipsa
594 4523 764 4633 Roma,
786 4552 952 4654 magno
981 4513 1301 4614 Gaditanorum
1337 4546 1616 4654 argumento,

169 4693 219 4752 ex
258 4651 417 4792 quibus
454 4695 543 4756 una
579 4693 713 4758 aetate
750 4696 930 4799 unoque
972 4697 1102 4758 censu
1149 4650 1274 4756 refert
1318 4654 1474 4794 Strabo
1513 4696 1617 4757 cen-

172 4835 241 4898 sos
291 4791 420 4906 fuisse
458 4800 725 4947 quingentos
762 4801 932 4943 equites
965 4813 1220 4910 Romanos.
1271 4799 1353 4904 Sed
1387 4841 1467 4906 nec
1511 4798 1620 4899 illud

1517 4977 1623 5078 pat-⁴
