4326 5986
634 0 735 57 Α.
873 0 884 35 l
1040 0 1225 67 :00'
1545 7 1590 62 0

203 150 464 269 habuisset,
499 185 555 246 ne
592 178 840 288 gravaretur
876 144 948 244 ille
991 144 1215 286 Hispanos
1259 137 1518 286 quosdam,
1556 190 1669 291 quos

202 298 344 405 Italici
378 293 482 395 belli
517 325 717 429 tempore
753 328 779 388 a
816 288 901 388 suis
939 325 1089 429 captos
1125 289 1316 430 remigio
1352 291 1497 392 manti
1531 332 1638 396 asset
1652 372 1668 417 ,

204 480 312 544 tunt
346 439 499 540 saltem
535 433 714 536 liberare
727 510 742 553 ,
779 434 1162 573 quemadmodum
1198 433 1313 534 inter
1349 434 1468 574 ipsos
1493 331 1671 544 lbedere

202 622 384 689 cautum
420 579 570 682 luisset
605 615 705 678 ante
741 578 913 718 aliquot
948 617 1114 679 annos.
1151 589 1280 700 Quae
1318 579 1536 719 postulata
1575 617 1674 694 non¹

201 727 361 831 frustra
394 722 598 832 fisemnts
633 761 734 822 nam
773 723 906 861 paulo
944 759 1043 864 post
1078 733 1172 823 Rex
1202 762 1229 820 a
1258 732 1425 864 Legato
1475 724 1671 869 ipsisque

205 872 394 974 liberatis
452 868 587 969 Gallis
642 865 895 966 admonitus
948 867 1295 1007 quadringentos
1345 867 1568 1009 Hispanos
1616 913 1670 974 ex

205 1016 399 1159 remigio
436 1013 648 1116 abductos
684 1049 779 1111 non
819 1010 963 1109 solum
1004 1009 1237 1131 libertate,
1275 1012 1348 1111 sed
1385 1013 1565 1155 singulis
1600 1052 1671 1116 et-

206 1159 298 1264 iam
335 1159 448 1302 sagis
485 1157 696 1259 donavit.
737 1167 787 1254 In
814 1151 896 1256 hat
921 1153 1170 1294 direptione
1212 1195 1265 1256 ex
1307 1155 1538 1298 oppidanis
1565 1199 1672 1302 pauf·

207 1306 251 1408 ci
284 1305 434 1446 gladio
471 1300 786 1419 conciderunt,
822 1335 865 1398 et
901 1295 950 1396 hi
986 1338 1065 1398 suo
1103 1337 1264 1441 magna
1298 1341 1350 1400 ex
1385 1339 1509 1440 parte
1540 1304 1676 1406 stulto

208 1448 429 1565 consilio,
464 1445 546 1585 qui
581 1481 730 1542 muros
766 1437 891 1541 rebus
927 1441 1186 1582 desperatis,
1219 1482 1275 1541 ne
1312 1445 1461 1544 conati
1489 1448 1673 1588 quidem

210 1591 327 1693 tueri
362 1627 455 1690 suas
493 1588 685 1706 domos,
715 1623 958 1725 uxoresque
992 1618 1036 1684 et
1070 1580 1265 1706 liberos,
1300 1581 1530 1689 defendere
1567 1593 1674 1731 qui-

207 1737 315 1837 dam
351 1765 642 1835 tentaverunt.
679 1743 782 1853 Qua
818 1727 1062 1830 temeritate
1098 1728 1257 1830 milites
1293 1729 1447 1831 irritati
1482 1732 1529 1833 in
1566 1773 1674 1837 non·

206 1880 351 1982 nullos
386 1879 478 1979 sine
514 1875 766 1980 discrimine
802 1873 936 1975 initio
974 1911 1206 2015 parumper
1242 1875 1520 1998 saevierunt,
1551 1917 1674 2019 prae-

211 2023 361 2125 sertim
398 2022 640 2143 Germani,
679 2021 759 2162 qui
796 2017 974 2161 oppidis
1011 2019 1270 2162 expugnatis
1305 2019 1444 2121 solent
1480 2019 1677 2166 indulge-

210 2208 258 2269 re
294 2167 436 2309 magis
488 2164 639 2266 hostili
692 2165 842 2285 odio,
896 2204 1035 2307 quam
1085 2165 1257 2272 studere
1303 2166 1515 2308 praedae,
1552 2179 1675 2299 cujus

209 2312 398 2456 praedae
433 2310 665 2453 Hispani,
703 2345 747 2410 et
782 2309 881 2412 Itali
925 2343 1025 2410 sunt
1060 2309 1191 2450 paulo
1234 2311 1527 2450 cupidiores,
1570 2309 1674 2412 dili-

209 2456 475 2600 gentiusque
511 2457 650 2556 solent
686 2453 883 2595 captivos
932 2451 1078 2555 hostes
1114 2491 1207 2555 non
1241 2455 1383 2554 solum
1418 2453 1675 2556 humanita-

209 2602 300 2720 ris,
337 2601 412 2701 sed
449 2601 583 2704 etiam
620 2599 882 2742 compendii
922 2598 1065 2741 gratia
1100 2636 1392 2705 conservares
1428 2597 1530 2698 licet
1573 2600 1676 2740 qui-

210 2746 316 2845 dam
354 2783 503 2846 eorum
540 2747 718 2885 pessimi
753 2743 956 2845 homines
992 2742 1293 2884 reperiantur,
1324 2741 1405 2884 qui
1441 2740 1676 2844 barbaram

211 2890 455 3028 quamdam
508 2887 829 2995 immanitatem
881 2887 1067 3030 captivis
1122 2883 1322 2990 hostibus
1372 2883 1430 2988 ad
1478 2888 1676 2987 conditas

212 3070 319 3175 opes
356 3033 675 3175 extorquendas
711 3029 974 3134 adhibeant.

283 3188 442 3280 XVIII.
526 3187 703 3279 Octavo
747 3177 819 3277 die
863 3212 966 3317 post
1011 3214 1186 3320 capram
1228 3183 1448 3282 Tunetem
1491 3175 1675 3278 Carolus

211 3319 372 3420 tradita
406 3323 515 3426 urbe
552 3331 739 3423 Hazeno
775 3322 923 3464 copias
958 3323 1061 3424 inde
1097 3324 1270 3425 Radam
1307 3320 1515 3443 deducit,
1550 3319 1676 3463 quod

210 3465 434 3605 oppidum
470 3507 497 3565 a
534 3467 717 3566 meridie
753 3465 876 3568 abest
910 3510 934 3566 a
970 3467 1127 3568 Goleta
1164 3503 1370 3608 passuum
1411 3466 1550 3568 millia
1586 3465 1678 3564 cit-

208 3607 320 3708 citer
356 3646 498 3728 octo,
529 3607 868 3751 praeterlabente
903 3609 1088 3710 flumine
1124 3610 1322 3730 Cruda,
1361 3611 1486 3752 quod
1511 3612 1559 3710 in
1582 3647 1679 3709 ma-

207 3786 319 3851 rea
356 3753 512 3854 Goleta
547 3791 754 3895 passuum
790 3757 847 3855 ad
884 3754 1020 3857 tribus
1057 3752 1251 3855 millibus
1278 3753 1382 3854 exit.
1419 3765 1524 3853 Huc
1552 3787 1679 3895 post-

208 3934 349 4035 quam
402 3891 520 3996 Afris
557 3895 767 3998 omnibus
804 3900 906 3999 data
943 3897 1073 3999 venia
1108 3934 1171 3998 est
1184 3976 1199 4019 ,
1227 3935 1272 3999 et
1302 3936 1380 4038 per
1412 3933 1679 4040 praeconem
1746 4009 1757 4032 .

206 4041 581 4199 pronuntiatum,
612 4041 748 4182 siquis
783 4043 832 4144 in
867 4078 1005 4143 castra
1029 4043 1176 4146 venite
1202 4042 1364 4161 vellet,
1383 4041 1541 4150 liceres
1562 4040 1677 4141 mul⁴

210 4212 247 4277 tr
282 4221 439 4284 eorum
475 4185 811 4306 confluxerunt,
851 4187 1013 4326 partim
1062 4228 1161 4286 suos
1196 4185 1477 4304 redimendi,
1509 4185 1679 4326 partim

213 4355 380 4428 vestem
425 4368 680 4472 mercesque
727 4331 917 4472 direptas
968 4325 1085 4449 vili,
1122 4365 1174 4434 ut
1216 4369 1243 4431 a
1283 4325 1497 4434 militibus
1524 4330 1678 4428 distra-

1592 4467 1677 4570 he-
