4368 5984
629 399 638 414 ‘
711 389 831 464 VITA
854 391 921 462 ET
944 393 1157 465 SCRIPTA·
1183 397 1191 408 ’
1449 395 1627 467 ΧΧΧΠΤ.’

181 485 483 580 etValdolitt'im'
500 490 699 606 pervenit,
718 485 917 606 nauliagio
934 551 945 596 ,
963 521 1045 606 quo
1061 490 1184 606 plures
1203 483 1375 606 periere,
1405 490 1478 576 Dei
1501 494 1633 583 currit
1642 545 1649 574 .

188 641 235 699 ne
263 641 353 700 cum
378 611 452 696 suis
467 636 627 725 ereptus.
648 624 662 666 ¹
697 615 828 726 Atque
851 609 943 695 haec
965 637 1069 696 anno
1092 613 1216 720 1536.
1232 643 1235 651 ⁴
1252 609 1426 696 nondum
1453 611 1626 701 absoluto
1635 652 1647 724 ῃ

180 730 353 831 accidime
371 731 607 816 arbitramur.
638 733 742 822 Nam
763 752 975 846 postquam
1003 728 1139 816 itineris
1154 727 1408 816 narrationem
1431 753 1641 820 exsecums.

178 874 262 954 est,
287 847 505 968 subjungit:
550 849 618 932 hoc
643 875 738 934 anna
761 871 882 932 manse
910 846 1016 965 Juiia
1045 849 1273 960 Deciderint
1303 849 1494 932 Erasmus
1531 853 1641 938 Rota

179 967 364 1054 Basileae
383 972 558 1052 decessit.
588 972 788 1054 Erasmum
804 991 932 1052 autem
947 995 1052 1052 mano
1075 969 1200 1078 15³⁶·
1220 965 1346 1054 vivere
1358 965 1501 1055 desiisse
1514 1033 1527 1079 ,
1541 995 1639 1059 tam,

180 1111 325 1174 certum
343 1109 427 1190 cst,
457 1115 575 1202 quam
588 1083 698 1204 quod
713 1084 970 1172 certissimum.
1630 1160 1633 1172 .

264 1209 325 1290 Ex
350 1233 433 1320 quo
457 1201 708 1319 Sepulveda.²
731 1203 914 1290 Valdoliti
935 1203 1063 1294 sedem
1083 1202 1192 1312 fm't,
1219 1202 1393 1290 credibile
1417 1229 1473 1294 cst
1497 1207 1624 1323 ipsum
1700 1311 1704 1320 ,

175 1322 265 1422 nihil
291 1323 359 1410 sibi
387 1321 491 1410 aiud
522 1322 757 1438 proposuisse
774 1350 931 1436 ,quam
962 1348 1006 1410 ut
1040 1322 1244 1408 litterarum
1269 1324 1395 1409 studiis
1422 1348 1548 1413 totum
1579 1345 1655 1414 ses

173 1442 340 1530 uadetet
355 1501 369 1546 ,
386 1469 642 1557 magnamque
655 1469 781 1528 terum
793 1440 1057 1556 supellectilem
1076 1441 1144 1528 sibi
1157 1467 1391 1554 compararet
1417 1445 1468 1532 ad
1495 1445 1631 1532 histo-,u

172 1559 270 1646 ciam
287 1557 414 1650 Caroli
428 1559 595 1646 Caesaris
610 1589 682 1676 pro
704 1558 885 1675 dignitate
901 1558 1205 1646 contexendam.
1234 1561 1358 1653 Quod
1380 1561 1463 1648 luce
1487 1561 1631 1652 clariusr

175 1677 392 1793 apparebit,
413 1676 443 1762 si
469 1675 702 1792 Sepulvcdae
731 1677 924 1790 epistolam
957 1677 1118 1764 Matrito
1150 1677 1398 1766 transmissam
1415 1682 1498 1765 Vll.
1524 1687 1625 1772 Kal..

174 1797 366 1910 Septemb.
383 1823 475 1881 ann.
499 1824 622 1906 1540.
639 1795 690 1883 ad
713 1795 906 1882 Menciam
933 1797 1172 1913 Mendozam
1188 1796 1323 1884 Zeneti
1351 1797 1617 1910 Marchesiam,
1718 1885 1721 1894 ,

173 1910 353 2002 feminam
367 1913 463 2000 inter
479 1931 648 2029 paucas³
668 1913 854 2001 eruditam
876 1913 1183 2021 consideremus,
1208 1913 1342 2029 inqua
1361 1914 1454 2002 baec
1468 1916 1626 2006 haben-.-

173 2057 236 2118 tur
260 2031 312 2119 ad
337 2057 512 2119 nostrum
536 2032 769 2148 propositum
795 2033 944 2170 egregie
976 2029 1172 2120 facientia:
1206 2031 1306 2122 Erat
1334 2039 1374 2146 in
1396 2039 1523 2120 eadem
1538 2047 1622 2150 api«

172 2157 272 2235 stola
294 2148 559 2265 (Marchesiae
574 2151 707 2240 scilicet
723 2149 773 2238 ad
786 2155 998 2253 Gitonem)
1015 2159 1116 2238 scire
1131 2167 1170 2234 ta
1185 2156 1304 2260 veih,
1327 2155 1421 2260 quid
1433 2177 1561 2264 agam,
1575 2174 1622 2243 et.

174 2270 317 2377 quibus
333 2277 375 2352 in
395 2274 533 2354 nudis
549 2295 644 2354 nunc
672 2276 832 2354 mamma
858 2296 1024 2376 verser,
1049 2296 1131 2355 cum
1157 2267 1431 2378 signficatinne
1456 2276 1623 2379 quadam.

173 2393 363 2498 opinionis
374 2401 461 2472 tuna
483 2414 508 2471 a
532 2395 625 2472 meis
648 2393 852 2476 litterariis
879 2389 1087 2476 rodamius
1102 2413 1170 2474 uon
1199 2413 1341 2472 aversa
1366 2447 1380 2492 ,
1413 2415 1506 2496 qrraa
1522 2419 1618 2478 cura

172 2521 214 2591 et
237 2512 468 2592 existimatio
493 2509 584 2590 mihi
605 2521 664 2592 est
678 2515 804 2594 instar
825 2512 1133 2594 immortalitatis.
1168 2501 1276 2590 Scito
1301 2513 1447 2616 igitur,
1471 2515 1618 2614 quanda

172 2625 267 2710 haec
285 2650 504 2734 cognoscere
523 2642 598 2734 pro
622 2641 688 2710 tua
705 2626 931 2710 humanitate
947 2632 1046 2710 tanti
1067 2639 1185 2734 putas
1202 2680 1217 2730 ,
1234 2651 1289 2708 me
1301 2629 1511 2713 illastudia
1521 2657 1618 2740 graa-¹

173 2750 288 2828 viora
302 2769 501 2830 emtarum
515 2748 758 2850 senmurum,
781 2768 829 2826 ac
852 2744 1129 2854 philosophiae,
1155 2768 1248 2850 quae
1270 2745 1320 2836 ab
1335 2751 1479 2836 ineante
1492 2763 1619 2834 aetate

175 2859 324 2948 Graece
352 2876 464 2969 atque
482 2861 620 2946 Latine
635 2868 761 2967 colui,
787 2887 856 2946 non
871 2865 1109 2968 deseruere,
1135 2876 1178 2946 ut
1193 2864 1331 2950 indicio
1355 2865 1429 2947 tihi
1448 2889 1528 2950 essa
1547 2886 1617 2978 pun

174 2993 327 3065 tuarmtt
342 2988 414 3064 mei
428 2983 569 3084 libelli,
594 3005 744 3086 quorum
760 2983 947 3074 lectimum
966 3038 980 3087 ,
1009 3007 1091 3069 cum
1109 2985 1256 3068 scilicet
1270 2987 1310 3062 in
1327 3006 1388 3067 eos
1403 2986 1617 3092 incidisses,

174 3098 279 3300 daupi
297 3100 534 3305 inispundam
559 3100 634 3186 tihi
637 3095 770 3206 fuisse
795 3100 948 3186 scribis.
982 3099 1099 3184 Nihil
1110 3104 1207 3182 enim
1224 3099 1278 3184 ari
1300 3099 1370 3186 hoc
1384 3107 1619 3212 tempusculi

273 3243 343 3303 orn.
382 3279 395 3304 .
1036 3303 1038 3311 ,
1103 3221 1142 3302 Ε
1576 3225 1621 3310 ur·

218 3435 234 3477 ι
276 3417 348 3478 Vid.
369 3417 483 3480 libs.
523 3462 531 3480 .
566 3435 593 3480 o.

218 3514 237 3556 a
278 3499 434 3558 valdolito
456 3417 572 3577 {cripuit
589 3497 752 3578 Sepolseda
778 3499 834 3563 111.
859 3500 938 3564 Non.
959 3498 1039 3578 Sept.
1066 3515 1135 3560 ann.
1154 3511 1241 3578 1337.
1267 3496 1304 3558 ad
1327 3494 1511 3576 Rudulphum
1537 3499 1622 3564 Plotia

176 3575 345 3639 Cardioalis
364 3577 396 3638 S.
411 3579 447 3640 R.
462 3581 499 3640 E.
515 3581 689 3660 dignitatem
703 3588 872 3658 gratulatus.
886 3585 940 3642 xl.
955 3586 1019 3642 lial.
1033 3580 1138 3642 Octob.
1148 3580 1300 3641 Valdolito
1314 3581 1420 3656 Joann.
1434 3581 1535 3640 Sosam
1546 3581 1625 3642 Cae·-

174 3675 437 3736 saraugnstanum,
451 3657 603 3735 Colle'gam
616 3663 848 3737 Bononiensem,
868 3663 888 3738 J
889 3705 897 3722 .
908 3663 948 3723 U:
962 3661 1122 3722 Doctorum
1135 3702 1147 3735 ,
1160 3678 1244 3735 quem
1257 3658 1352 3737 Mayo
1362 3659 1527 3736 Aragoniae
1541 3657 1623 3720 Can-

175 3741 294 3800 uellario
310 3755 373 3800 tum
386 3741 464 3799 inter
483 3743 678 3816 navigandum
691 3782 703 3816 ,
724 3757 786 3801 tum
800 3745 963 3802 Barcinone
978 3745 1127 3802 absentem
1150 3757 1284 3816 praesens
1312 3742 1526 3800 accuratissime
1546 3755 1624 3800 corn·

170 3822 345 3898 mendant,
365 3833 399 3879 ut
411 3838 448 3880 eo
459 3834 576 3882 auctore
591 3823 794 3900 magistratum
813 3824 966 3900 quemdam
981 3824 1013 3882 in
1027 3823 1208 3906 urbepatrla
1216 3821 1420 3897 adipisceretur
1433 3859 1446 3894 ,
1464 3822 1569 3880 iterum
1578 3822 1623 3898 ei-

172 3901 239 3961 dem
263 3903 459 3962 commendat.

214 3998 233 4058 3
274 3983 412 4042 Manciae
424 3981 589 4042 Mendoaae
607 3981 736 4043 laudibus
749 3986 835 4059 plena
853 3999 921 4044 sunt
939 3986 1038 4046 omnia
1054 3985 1132 4043 illius
1151 3981 1256 4042 aetatis
1273 3989 1477 4038 monumenta.
1491 3979 1560 4038 Fuit
1573 3981 1625 4042 illa

168 4061 311 4122 diederici
332 4064 495 4122 Mendoeae
524 4065 704 4124 Marcnionis
726 4064 975 4134 del'zenesefitia
990 4071 1030 4124 et'
1046 4067 1148 4136 heres,
1166 4080 1238 4135 quae
1265 4059 1387 4134 primum
1401 4060 1528 4120 ilenrico
1546 4062 1629 4122 Nas-

172 4144 274 4216 sonio,
293 4161 379 4217 quem
393 4142 515 4204 Carolus
529 4141 638 4202 Caesar
659 4143 898 4203 cubiculariorum
908 4145 1006 4204 habuit
1023 4145 1199 4220 principem,
1217 4139 1333 4216 nupslt3
1348 4139 1626 4200 deindeFerdinan·

171 4221 214 4278 do
226 4221 377 4298 Angouio
397 4221 552 4284 Calabriae
570 4217 723 4300 Pr'incipi,
742 4224 883 4284 Frideriei
906 4225 995 4298 Regis
1008 4219 1196 4295 Neapolitani
1215 4217 1298 4278 filio.
1329 4217 1490 4296 Sepulueda
1516 4224 1546 4278 in
1561 4223 1625 4297 epi·

170 4303 253 4360 stola
270 4303 329 4379 jam
342 4305 459 4364 laudata
479 4306 598 4363 summis
619 4305 735 4363 extollit
753 4307 882 4364 laudibus
894 4303 1029 4362 Menciae
1044 4299 1221 4360 excellentes
1235 4301 1366 4360 uirtutes
1375 4337 1386 4376 ,
1400 4301 1553 4380 egregiam
1572 4303 1626 4359 du-

171 4382 326 4456 ctrinam,
344 4393 376 4444 et
396 4387 443 4442 sin
497 4401 577 4444 arem
590 4383 802 4442 humanitatem.
829 4381 972 4442 Alionsus
989 4379 1111 4440 Garcias
1130 4381 1312 4438 Matamorus
1322 4421 1333 4454 ,
1357 4381 1402 4436 uir
1421 4381 1625 4454 eloquentissi-

173 4478 238 4521 mus
250 4502 262 4537 ,
278 4463 309 4520 in
323 4467 451 4540 eleganti
465 4463 619 4545 Apologia
630 4477 686 4539 pro
702 4465 798 4522 doctis
812 4463 981 4538 Hispaniae
994 4463 1093 4522 uiris:
1114 4461 1221 4519 Annon
1233 4477 1306 4540 ergo
1314 4498 1325 4531 ,
1337 4459 1430 4532 inquit
1441 4498 1454 4533 ,
1464 4461 1531 4532 jure
1540 4475 1629 4537 appo-

169 4559 234 4600 nam
243 4541 434 4604 excellentem
454 4542 738 4604 Calabriaeliucem
751 4540 883 4620 ‚Zeneti
898 4543 1100 4612 Marchianans
1109 4581 1120 4614 ,
1134 4538 1286 4615 Aspasiae
1305 4539 1530 4615 Xenophontis,
1551 4559 1625 4618 quae

169 4624 310 4700 quondm
329 4625 361 4680 in
376 4633 517 4684 conuentu
533 4625 712 4682 eruditarum
733 4621 879 4701 ausafuit
892 4642 954 4682 cuns
973 4623 1100 4685 Socrate
1120 4617 1332 4678 inductionibus
1353 4617 1534 4696 disputare?
1563 4619 1624 4694 Ca„-

163 4703 214 4773 jur
227 4743 238 4776 ,
253 4701 375 4762 obsecra
385 4744 397 4777 ,
407 4701 558 4778 principis
571 4704 724 4784 viraginis
736 4705 880 4786 ingenium
894 4701 1015 4763 utemur
1028 4699 1138 4762 cutum
1158 4697 1276 4761 &aare
1297 4707 1328 4758 et
1340 4697 1448 4758 marm
1460 4701 1624 4762 eruditione

160 4779 260 4858 fuiti
281 4781 373 4856 Cariat
381 4785 492 4842 animus
509 4784 541 4840 in
555 4783 664 4842 studiis
676 4780 961 4864 magisaestuaus'ti
982 4779 1065 4865 ,Quis
1082 4793 1142 4841 sam
1163 4779 1291 4838 comtos
1307 4779 1481 4838 natisionis
1506 4780 1626 4840 thesau-

169 4878 222 4920 ros
234 4880 271 4922 ea
285 4862 398 4944 Belgio
417 4877 546 4938 unquam
560 4862 591 4918 in
608 4861 783 4940 Hispaniam
796 4863 978 4941 deportavit,
994 4880 1081 4940 pana
1092 4879 1154 4923 carn
1167 4859 1238 4920 haec
1245 4897 1258 4934 ,
1279 4853 1415 4937 defuncru
1431 4859 1536 4936 priore
1555 4861 1625 4920 virs

169 4941 319 5021 Narseo,
339 4945 381 5003 ad
398 4937 634 5016 mssnuestiti
855 4973 857 4978 ·
1032 4997 1039 5006 ,
1221 4959 1259 4972 ‘'-
1294 4977 1301 4994 κ
1390 4965 1396 4972 ·
1482 4989 1491 5000 .
1580 4955 1584 4964 ·
1611 4955 1615 4962 ·
