4292 5984
502 404 626 481 XLVI.
962 396 1469 474 SUMMARIUM·
2129 458 2135 527 ι

525 528 684 616 XXW.
745 523 801 612 Illi
829 522 1023 610 assentitur
1044 526 1188 610 nerem
1238 522 1545 612 castellanorum
1592 525 1839 616 indicendum
1891 535 1969 647 per·

536 649 626 736 ellus
651 644 855 732 Sicularum
887 641 1042 730 navium
1084 670 1189 760 prae·
1242 673 1362 760 equos
1391 644 1590 760 dispositos
1603 645 1868 762 proficiscitur.
1900 651 1963 736 Bi·

500 795 624 856 ectus.
663 763 822 852 Carolus
852 788 979 850 autern
1007 761 1096 848 licet
1125 789 1192 849 sua
1243 764 1337 849 remi
1373 765 1534 850 Turcica
1575 795 1599 850 a
1638 770 1796 852 Bazano
1826 793 1957 883 capta,

486 913 619 1003 sponte
641 886 681 972 in
708 879 977 1000 profectionem
1000 879 1196 985 inclinans,
1245 877 1379 969 loedus
1410 882 1525 1000 Regis
1552 885 1731 970 Francisci
1768 913 1858 970 cum
1885 892 1956 974 So

486 1007 625 1094 Doriae
650 1029 778 1092 tamen
794 999 1104 1118 Retengucllique
1128 1029 1195 1086 au·
1246 999 1403 1114 lymano
1435 1030 1652 1116 percussum
1687 1003 1843 1120 ejusque
1871 1035 1971 1092 con».

486 1123 649 1212 ctoritati
679 1146 719 1210 et¹
748 1120 952 1212 sententiae
981 1118 1191 1209 concedcn
1249 1117 1412 1209 ditiones
1438 1147 1486 1205 ex
1522 1120 1635 1237 httjus
1661 1123 1789 1242 legato
1816 1152 1972 1242 cogno.

489 1244 581 1331 dum
628 1266 763 1364 putat.
808 1239 994 1330 Ceterum
1026 1238 1202 1328 Andreas
1250 1263 1428 1341 scantur.
1583 1237 1585 1240 ’
1754 1291 1758 1300 ·

487 1363 624 1451 itensm
661 1358 946 1477 Imperatorum
991 1359 1122 1447 navim
1160 1385 1199 1442 e·
1326 1359 1477 1446 XXIX.
1519 1359 1725 1450 ’Andreas
1756 1362 1877 1449 Doria
1920 1365 1962 1452 itt

490 1482 627 1588 ducit,
656 1480 722 1567 sed
749 1476 938 1570 fluctuum
976 1475 1205 1596 magnimos
1251 1475 1395 1563 Italiam
1424 1480 1648 1583 revertitur,
1674 1485 1846 1568 Baranus
1874 1511 1969 1572 cum·

490 1630 540 1688 ne
568 1601 781 1693 deterrente
805 1600 847 1689 in
869 1598 1043 1691 eamdem
1075 1593 1206 1685 statio-
1252 1595 1457 1684 duodecim
1483 1598 1689 1687 triremibus
1724 1599 1871 1715 Calpen
1908 1604 1966 1690 hi-

490 1749 582 1810 nem
612 1721 733 1810 redire
757 1718 929 1838 cogitur,
1253 1713 1439 1803 bemandi
1464 1743 1578 1803 causa
1622 1719 1861 1808 contendens
1887 1752 1967 1809 sae-

550 1842 679 1928 XXV.
739 1837 924 1928 Postridie
961 1836 1082 1950 prima
1120 1833 1207 1922 luce
1253 1863 1343 1925 vam
1377 1835 1479 1922 adeo
1524 1861 1790 1953 tempestatem
1830 1841 1970 1956 aperi.

492 1957 610 2046 classis
641 1956 696 2047 ad
722 1955 920 2076 imperium
948 1953 1104 2060 Caroli,
1133 1981 1208 2039 nec
1254 1976 1343 2060 tut,
1378 1978 1425 2042 ut
1443 1984 1584 2042 ‘omnes
1610 1952 1691 2045 fere
1714 1959 1768 2046 ad
1796 1956 1895 2044 littus
1926 1983 1973 2048 et

493 2075 650 2166 Andrea
681 2074 756 2190 jam
785 2075 936 2184 invito,
955 2072 1080 2160 insulis
1103 2100 1204 2190 egre-
1255 2071 1427 2188 scopulos
1467 2073 1626 2161 adactae
1655 2071 1810 2162 fixerint.
1861 2081 1971 2165 Prae,

494 2193 595 2282 ditm
622 2256 636 2312 ,
664 2215 704 2284 et
741 2193 782 2282 in
812 2193 933 2280 altum
963 2191 1205 2310 provehitur.
1255 2191 1391 2278 toriam
1422 2216 1542 2278 venm
1570 2217 1612 2280 et
1643 2189 1818 2280 sommae
1858 2195 1973 2282 relin-

494 2311 717 2401 Euronotus
751 2312 791 2400 in
814 2309 985 2400 Africum
1012 2339 1050 2398 se
1073 2311 1206 2418 vertit,
1256 2311 1324 2425 qui
1355 2309 1484 2423 iubet,
1502 2315 1584 2427 'quo
1612 2309 1683 2419 fit,
1702 2337 1747 2398 ut
1771 2312 1835 2397 illa
1862 2315 1970 2403 vaslo

493 2459 576 2547 quo
590 2459 728 2522 omnes
749 2457 866 2522 naves
878 2429 1100 2519 validissime
1113 2458 1208 2519 con*
1258 2428 1438 2566 haetemc
1460 2429 1632 2520 homines
1652 2429 1695 2518 in
1715 2455 1862 2520 terram
1880 2463 1976 2523 eva-

493 2573 713 2640 tuttuntur.
1258 2573 1396 2635 sennt.
1963 2591 1972 2638 :

554 2669 702 2754 XXVI.
757 2669 894 2778 Itaque
921 2655 1101 2750 confectis.
1126 2661 1209 2750 mil·
1318 2665 1447 2753 XXX.
1508 2669 1723 2784 Sepulveda
1749 2670 1835 2756 huic
1875 2699 1977 2760 natt-

496 2782 591 2872 libus
623 2813 801 2904 pmsnum
815 2781 900 2902 plus
931 2780 1099 2870 ducentis
1114 2780 1212 2868 hora
1259 2778 1380 2902 [ragio
1394 2784 1471 2870 Dei
1485 2787 1639 2873 numine
1661 2788 1841 2905 eripitur,
1864 2817 1977 2878 com⁴

498 2901 641 2990 circiter
687 2902 834 2994 decima
880 2925 1062 3008 octava,
1094 2929 1215 3017 quam
1260 2902 1472 3019 paratisque
1502 2905 1673 3020 jumentis
1720 2936 1786 3023 per
1832 2931 1976 2998 terrant

498 3017 621 3110 fuerat
640 3020 969 3113 exStoechadibus
990 3019 1210 3127 discessum,
1262 3017 1501 3136 profectus,
1536 3049 1581 3111 et
1615 3025 1723 3112 Ibero
1759 3055 1874 3113 amne
1919 3027 1976 3117 ad

498 3167 613 3230 naves
647 3137 726 3228 fere
761 3168 898 3233 omnes
928 3139 1133 3228 incolumes
1172 3139 1215 3226 in
1264 3143 1468 3229 Dertosam
1504 3143 1721 3231 transmisso
1747 3143 1979 3266 naufragam

501 3283 656 3374 portum
671 3261 855 3370 argutum
878 3258 1131 3374 perueniunt.
1154 3257 1217 3345 Al·
1264 3258 1417 3346 turbam
1437 3263 1669 3379 conspiciens
1680 3265 1740 3368 ,in
1754 3264 1896 3352 alienae
1909 3295 1977 3353 ca-

503 3378 582 3464 vari
608 3378 749 3468 Bamrti
774 3377 1021 3500 'negligentia
1060 3407 1088 3465 a
1116 3405 1214 3464 non·
1263 3375 1438 3466 lamitatis
1454 3379 1911 3500 doloresibigramlatur.
1973 3434 1977 3451 ·

501 3495 610 3584 nullis
640 3497 943 3613 reprehenditur.
1323 3498 1473 3585 XXXI..
1527 3501 1711 3590 Desiderii
1731 3504 1880 3590 Erasrrsi
1903 3505 1982 3591 ob⁴

562 3617 726 3704 XXVll.
781 3615 944 3704 Carolus
971 3613 1083 3702 classe
1123 3643 1216 3704 cum
1263 3612 1624 3733 ints,eloquentia,
1657 3621 1873 3739 ingenium,
1907 3624 1985 3711 do·

503 3733 643 3824 Bazam
682 3734 889 3825 triremibus
927 3734 1132 3846 conjuncta
1174 3733 1215 3820 in
1263 3732 1421 3820 cussima
1451 3766 1596 3852 opera,
1626 3739 1774 3855 jodque
1814 3767 1854 3827 et
1895 3741 1981 3831 ludi

504 3853 692 3944 Palamosi
729 3877 887 3974 portum
919 3847 1115 3959 deferor,
1148 3852 1218 3940 ubi
1265 3853 1461 3968 periculosi
1490 3884 1505 3960 3?
1545 3857 1609 3944 cui
1634 3858 1793 3974 quidem.
1828 3859 1978 3950 viventi

503 3999 619 4061 naves
659 3973 846 4064 onerarias
888 3971 1024 4090 reperit
1068 3996 1214 4087 praeter
1263 3971 1466 4060 Pontiices
1499 3975 1661 4064 Maximi
1682 3977 1906 4096 indulgent,
1927 4009 1980 4069 ne

504 4090 599 4179 duas
629 4091 679 4178 ad
718 4097 900 4181 Genuam
939 4119 983 4182 ct
1020 4095 1218 4179 Savonam
1264 4089 1303 4176 in
1339 4093 1643 4182 Lutheranorum
1687 4121 1812 4183 castra.
1849 4101 1981 4214 conje-

503 4209 824 4326 scopulis'allisas.
1265 4234 1381 4319 ctus,
1411 4212 1597 4303 Ecdesiae
1632 4217 1838 4304 rationibus
1865 4247 1983 4334 apem

507 4381 517 4396 ·
563 4331 736 4420 XXVlll.
797 4332 914 4418 Covo
948 4353 988 4416 et
1020 4327 1217 4418 Granvela
1265 4329 1338 4418 tius
1380 4327 1522 4422 officiat
1554 4364 1568 4439 3
1600 4365 1650 4424 oo
1682 4361 1838 4423 mortuo
1864 4337 1987 4424 libro÷

502 4445 554 4531 ad
595 4447 834 4540 Palamosum
862 4475 1057 4536 remanere
1084 4447 1215 4562 iussis,
1264 4481 1350 4538 rum
1379 4451 1457 4566 ejus
1484 4454 1599 4545 lectio
1632 4455 1839 4546 Catholicis
1862 4456 1987 4545 inter·

502 4564 582 4682 ipse
621 4567 861 4658 Valdolitum
903 4568 957 4662 ad
1001 4566 1218 4656 Concilium
1266 4569 1425 4660 dom„
