4294 5984
447 521 449 524 ,
586 437 673 530 114
985 434 1070 517 DE
1110 431 1318 514 REBUS
1358 428 1585 516 GESTIS

541 604 705 748 gittam
715 676 732 721 ,
768 636 882 742 quae
916 633 1084 739 magno
1120 631 1213 694 erat
1248 594 1304 695 ad
1338 632 1536 737 pugnam
1572 588 1921 734 impedimento,
1958 637 2006 698 e-

451 843 454 848 .
542 744 730 851 ducendi
764 746 903 864 dato,
938 737 1137 842 abscindi
1172 779 1269 842 eam
1306 780 1358 840 ex
1393 776 1576 882 utraqpe
1612 771 1731 882 parte
1766 735 1920 872 jubet,
1955 784 2005 847 ac

543 893 721 997 vulnere
763 888 927 1030 raptim
970 881 1208 1029 obligato,
1259 924 1376 1026 equo
1423 922 1663 984 conscenso
1707 923 1751 983 se
1794 884 2004 1029 proripit,

541 1039 703 1139 ducem
737 1069 848 1134 voce
884 1067 1016 1174 atque
1051 1030 1184 1134 oculis
1219 1026 1472 1170 inquirens.
1509 1039 1662 1144 Quem
1708 1028 1787 1130 ubi
1828 1023 2002 1173 fugien-

543 1215 636 1281 tem
672 1178 923 1323 prospexit,
966 1175 1175 1297 advolat,
1218 1174 1526 1313 clamansque,
1570 1206 1614 1272 et
1659 1171 1911 1315 equitatum
1951 1218 1998 1280 ac

543 1327 726 1446 ducem,
760 1323 866 1425 cum
901 1358 1041 1465 prope
1074 1314 1180 1441 fuit,
1216 1316 1462 1461 appellans:
1504 1326 1662 1442 „Quo
1696 1316 1902 1439 tenditis,
1933 1319 1999 1422 in-

545 1547 578 1592 „
594 1467 724 1609 quit,
759 1466 843 1568 viri
877 1463 1077 1570 nobiles?
1119 1472 1311 1605 Tuque,
1352 1463 1443 1563 dux
1483 1459 1659 1580 inclite,
1695 1501 1789 1604 quo
1831 1463 1996 1605 pergis?

545 1621 708 1734 „Non
743 1647 806 1717 cst
840 1610 922 1714 ista
955 1649 1036 1713 nec
1077 1610 1134 1711 ad
1174 1606 1438 1728 victoriam,
1478 1645 1579 1709 nec.
1602 1606 1659 1705 ad
1699 1606 1877 1708 laudem
1913 1607 1996 1709 via.

545 1835 578 1878 ,‚
593 1767 829 1858 Revertere
875 1795 952 1897 per
996 1769 1146 1857 Deum
1185 1751 1507 1870 immortalem,
1551 1785 1715 1891 tuaque
1763 1753 1999 1893 praesentia

546 1959 579 2019 ·„
593 1901 795 2000 nondum
828 1899 956 2040 plane
991 1898 1221 2038 dissipatos
1255 1932 1355 1995 tuos
1390 1893 1628 2015 confirma,
1656 1933 1700 1996 et
1735 1895 1996 1995 adversarios

546 2044 650 2162 „ad
684 2078 922 2146 castrorum
956 2042 1163 2183 praedam
1197 2079 1465 2160 conversos,
1500 2037 1691 2141 collectis
1725 2036 1839 2157 tuis,
1874 2037 1997 2138 inva-

546 2259 580 2304 „
594 2183 663 2286 dt.
715 2184 883 2303 Facile,
928 2183 1055 2284 crede
1098 2181 1245 2309 mihi,
1288 2218 1452 2286 temere
1494 2182 1780 2303 exsultantes,
1816 2220 1867 2281 ac
1911 2179 1996 2283 sint

547 2401 578 2447 „
592 2325 782 2467 imperio
820 2361 863 2427 et
897 2326 1048 2429 ordine
1083 2328 1336 2470 divagantes
1371 2324 1620 2470 superabis.
1638 2345 1671 2390 “

616 2478 739 2572 XIX.
811 2470 987 2592 Quibus
1021 2471 1165 2571 verbis
1201 2505 1245 2569 et
1279 2473 1537 2572 auctoritate
1572 2469 1657 2574 viri
1696 2465 1821 2571 facile
1863 2505 1996 2568 revo-

545 2645 663 2714 catus
703 2611 958 2731 Antonius,
997 2611 1269 2754 collectoque
1310 2615 1541 2754 equitatu,
1590 2653 1693 2715 cum
1742 2609 1994 2753 quingentis

547 2753 758 2858 veteranis
793 2750 1044 2869 militibus,
1077 2755 1158 2898 qui
1192 2755 1341 2858 locum
1367 2799 1459 2861 non
1485 2760 1789 2875 deseruerant,
1817 2789 1862 2854 et
1891 2791 1996 2853 non·

546 2896 676 3000 nullis
710 2896 803 3000 aliis
842 2898 891 2999 in
930 2899 1193 3001 adversarios
1236 2899 1402 3022 irruit,
1450 2937 1493 3002 et
1538 2939 1690 3045 pugna
1737 2897 1996 3038 redintegra·

547 3074 593 3139 ta
629 3080 736 3162 eos,
771 3078 874 3143 cum
909 3039 1126 3184 paulisper
1159 3043 1216 3144 ad
1251 3077 1521 3165 torrentem,
1556 3046 1637 3183 qui
1670 3041 1837 3178 Syslam
1870 3078 1995 3180 prae-

546 3181 704 3284 terfluit
715 3261 732 3305 ,
774 3183 1056 3304 restitissent,
1097 3219 1220 3330 terga
1262 3222 1425 3289 vertere
1466 3189 1638 3330 coegit.
1681 3196 1788 3286 Hoc
1832 3182 1995 3325 praelio

547 3360 591 3426 et
630 3321 737 3468 firga
783 3367 837 3425 ex
875 3325 1101 3429 Toletanis
1144 3328 1323 3432 trecenti
1367 3330 1535 3434 circiter
1584 3330 1902 3450 concidenurt‚
1948 3365 1998 3432 ac

543 3464 636 3571 fere
673 3468 861 3571 totidem
896 3469 1048 3613 capti,
1082 3508 1125 3576 et
1160 3473 1209 3575 in
1250 3470 1318 3574 his
1364 3483 1570 3609 Mojanus
1615 3472 1881 3593 causidicus,
1925 3509 1997 3572 cu·

541 3621 611 3747 jus
646 3613 841 3716 maxima
875 3648 980 3714 tunc
1016 3651 1107 3716 erat
1141 3616 1253 3719 inter
1289 3617 1534 3760 oppidanos
1571 3615 1736 3718 bellicis
1778 3617 1919 3717 etiam
1954 3615 1997 3714 in

539 3751 676 3857 ‘rebus
712 3757 974 3866 auctoritas3
1008 3800 1060 3860 ex
1095 3756 1171 3859 his·
1198 3760 1338 3861 alteris
1373 3762 1502 3905 pauci
1541 3759 1802 3862 desiderati.
1850 3767 1996 3862 Petrus

544 3910 826 4022 Gusmanus,
862 3902 972 4003 dum
1010 3903 1210 4044 cupidius
1252 3899 1465 4046 fugientes
1506 3905 1766 4023 insectatur,
1806 3901 1997 4004 circum-

543 4075 701 4144 ventus
734 4041 1157 4192 comprehensusque
1198 4044 1255 4150 ab
1297 4048 1357 4150 eis
1399 4085 1496 4172 est,
1538 4090 1589 4152 ac
1629 4051 1677 4153 in
1718 4045 1879 4150 urbem
1923 4046 1996 4146 de·

542 4184 726 4287 ductus.

629 4337 735 4432 XX.
836 4342 938 4436 Hac
978 4373 1155 4480 accepta
1197 4337 1439 4442 calamitate
1480 4336 1724 4459 Toletani,
1771 4345 1864 4469 jam
1911 4331 1996 4432 suis

539 4467 664 4573 rebus
700 4469 979 4594 diffidentes,
1013 4483 1068 4582 de
1102 4521 1239 4623 pace,
1275 4524 1413 4626 quam
1449 4481 1592 4584 adhuc
1636 4481 1971 4626 repudiaverant
1982 4549 2000 4592 ‚

454 4641 465 4692 ῖ
539 4623 774 4758 cogitare,
815 4619 1042 4765 missisque
1088 4625 1241 4770 legatis
1298 4628 1355 4727 ad
1412 4628 1663 4730 Antonium
1711 4624 2002 4767 Zugnigam,

540 4757 699 4866 deinde
732 4766 790 4873 ad
823 4767 973 4914 Regni
1006 4769 1417 4900 Administratores,
1462 4775 1517 4879 de
1558 4772 1677 4918 pacis
1721 4761 2005 5012 conditiopi-

1953 4945 2000 5006 us
