4294 5984
531 457 615 546 154
923 453 1006 533 DE
1052 447 1252 530 REuus
1293 441 1510 528 GEsrls

486 610 623 716 fertio
651 613 803 716 similis
831 607 961 760 firgae
992 609 1235 726 videretur,
1264 606 1473 750 digressi,
1501 643 1607 710 cum
1636 641 1713 751 per
1742 599 1963 714 Ticinen-

486 797 580 862 sem
616 795 660 860 et
692 760 1007 862 Vercellensem
1040 755 1157 858 Galli
1192 749 1511 876 succedebant,
1546 792 1631 856 nec
1670 787 1820 856 tamen
1854 768 1959 863 Rex

485 903 579 1047 ipse
614 903 926 1006 Mediolanum
962 938 1025 1002 est
1059 899 1300 1044 ingressus,
1335 900 1412 999 sed
1446 898 1663 1040 imposito
1706 898 1956 1042 praesidio,

488 1050 611 1190 quod
645 1086 787 1149 arcem
831 1045 963 1150 simul
1007 1041 1265 1166 obsideret,
1306 1039 1455 1184 paucis
1502 1042 1657 1146 diebus
1699 1053 1804 1150 ante
1843 1055 1953 1149 No<

475 1189 679 1322 ‚vembris
715 1192 931 1293 Kalendas
967 1190 1211 1294 exercitum
1253 1187 1545 1332 oppugnandi
1587 1186 1726 1332 gratia
1766 1190 1957 1331 Papiam

488 1335 688 1441 inducit.
737 1347 844 1438 Hoc
886 1335 1111 1480 oppidum
1150 1332 1373 1438 Antonius
1423 1331 1563 1436 Leiva
1613 1333 1957 1440 custodiendum

489 1518 764 1624 susceperat,
809 1479 982 1586 ibidem
1022 1489 1370 1597 Germanorum,
1413 1477 1496 1619 qui
1539 1515 1703 1620 agmen
1748 1513 1954 1586 nostrum

489 1626 897 1768 subsequebantur,
932 1629 989 1728 ad
1025 1625 1225 1768 quinque
1260 1620 1484 1742 millibus,
1524 1622 1826 1767 Hispanisque
1865 1625 1956 1727 cir-

490 1771 597 1872 citer
635 1772 916 1916 quingentis,
944 1806 988 1873 et
1024 1767 1354 1912 quadringentis
1387 1764 1616 1908 equitibus
1648 1766 1857 1870 retentis.
1892 1782 1959 1873 Ita·

491 1954 597 2014 cum
633 1913 719 2015 huc
756 1953 941 2056 quoque
976 1911 1220 2016 Caesariani
1262 1909 1468 2052 pleraque
1511 1945 1731 2012 tormenta
1772 1946 1816 2014 et
1885 1912 1955 2013 lu-

490 2056 657 2160 timum
692 2056 837 2158 bellici
870 2089 1100 2199 apparatus
1136 2054 1452 2175 contulissent,
1484 2089 1660 2196 recepta
1690 2054 1827 2195 Papia
1916 2055 1956 2154 l-

492 2199 587 2302 lum
635 2197 892 2303 confectum
940 2193 1037 2300 fore
1083 2209 1180 2302 Rex
1230 2195 1316 2300 sibi
1364 2197 1678 2340 persuadebat.
1719 2197 1957 2342 Dispositis

491 2345 720 2445 tormentis
755 2354 850 2446 Rex
885 2343 1070 2485 Papiam
1103 2342 1218 2444 circa
1250 2342 1352 2445 ldus
1385 2338 1658 2444 Novembris
1690 2340 1829 2445 tribus
1862 2382 1961 2446 non

490 2487 742 2606 continuis,
777 2490 850 2589 sed
892 2486 1021 2589 brevi
1066 2484 1295 2586 intervallo
1338 2483 1524 2606 diebus,
1570 2525 1737 2628 magno
1782 2485 1962 2626 impetu

491 2629 642 2731 multis
677 2669 730 2728 ex
765 2625 964 2770 partibus
997 2666 1283 2772 oppugnare,
1317 2664 1363 2729 et
1396 2668 1575 2733 murum
1608 2625 1733 2733 ferite
1762 2666 1962 2730 tormen-

493 2774 549 2873 tis
573 2809 821 2915 aggressus,
854 2770 1021 2873 bonam
1047 2782 1138 2908 ejus
1168 2805 1342 2913 partem
1366 2773 1601 2876 demolitus
1638 2810 1731 2883 ests
1766 2809 1831 2874 ter
1864 2773 1960 2876 mi-

493 2914 590 3016 lites
625 2916 868 3057 irrumpere
902 2916 1039 3050 jussi,
1073 2915 1346 3059 conatique,
1378 2951 1446 3020 ter
1480 2957 1509 3020 a
1542 2917 1835 3039 Caesarianis,
1870 2955 1959 3020 ma-

494 3097 587 3200 gno
622 3099 807 3203 accepto
844 3060 1148 3182 detrimento,
1182 3062 1359 3204 repulsi.

544 3212 701 3306 XVIII.
753 3213 995 3345 Postquam
1028 3246 1080 3306 ea
1112 3239 1230 3347 parte
1265 3245 1359 3306 non
1394 3204 1676 3328 succedebat,
1702 3219 1802 3312 Rex
1837 3202 1955 3306 Tici-

494 3384 637 3465 num,
672 3345 753 3487 qui
787 3346 945 3450 fluvius
974 3349 1180 3490 Papiam,
1217 3389 1306 3492 qua
1332 3388 1482 3452 murus
1519 3389 1612 3453 erat
1646 3350 1875 3489 infirmus,
1910 3383 1959 3449 et

494 3489 716 3630 oppidum
749 3528 906 3631 parum
920 3554 924 3560 >
937 3494 1194 3613 munitum,
1224 3492 1378 3614 alluit,
1412 3532 1604 3596 avertere
1636 3495 1840 3598 tentavit.
1875 3491 1959 3594 Sed

493 3629 582 3733 hoc
617 3673 798 3776 quoque
833 3631 989 3738 frustra
1023 3633 1134 3740 fuit.
1178 3645 1305 3748 Nam
1339 3640 1511 3782 magnis
1546 3636 1766 3742 imbribus
1798 3674 1959 3742 conse-.

494 3776 603 3878 cutis
650 3776 810 3880 fluvius
854 3816 1004 3881 auctus
1049 3782 1274 3925 oppositas
1304 3784 1474 3900 moles,
1512 3782 1801 3925 maximoque
1843 3819 1959 3882 sum·-

494 3953 547 4019 tu
583 3925 852 4062 productum
888 3965 1001 4068 opus
1035 3925 1237 4060 disjecit,
1273 3926 1517 4070 diuisque.
1561 3936 1661 4030 Nec
1696 3964 1845 4030 tamen
1885 3925 1960 4025 in-

494 4098 626 4204 cepto
665 4066 863 4168 desistere
902 4082 999 4174 Rex
1026 4071 1228 4172 animum
1257 4068 1459 4196 inducit,
1486 4073 1725 4218 indignum
1753 4111 1820 4190 se,
1865 4105 1959 4170 tan·

496 4239 634 4348 toque
679 4213 896 4334 exercitu,
926 4253 969 4318 et
1001 4217 1058 4315 ad
1091 4213 1329 4317 hominum
1365 4217 1654 4358 opinionem,
1692 4256 1807 4358 quae
1839 4211 1957 4317 mul·

493 4383 589 4451 tum
627 4353 675 4456 in
710 4352 825 4460 bello
862 4360 1143 4481 dominatur,
1180 4359 1477 4504 perniciosum
1512 4403 1600 4463 esse
1636 4361 1848 4497 judicans,
1881 4395 1955 4474 re,

493 4529 631 4630 quam
674 4498 775 4597 totis
821 4502 987 4604 viribus
1028 4501 1179 4606 fuisset
1225 4547 1477 4648 aggressus,
1517 4501 1680 4610 infecta
1721 4502 1954 4608 discedere.

490 4639 681 4740 Perstare
717 4640 851 4785 igitur
887 4642 936 4746 in
971 4643 1202 4747 obsidione
1239 4651 1405 4790 placet3
1440 4686 1486 4751 et
1521 4654 1740 4796 quoniam
1775 4643 1960 4791 quando

490 4777 616 4888 aliter
661 4825 756 4892 non
796 4789 954 4918 datur,
1002 4791 1241 4902 interclusis
1289 4797 1640 4924 commeatibus,
1685 4793 1841 4942 inopia
1887 4827 1961 4890 re-

1717 5025 1722 5040 .
1861 4971 1965 5040 rum
