1092 1496
109 0 234 36 gium‚¹ut
252 0 428 24 demonstratum
447 7 497 29 est,
516 0 602 34 fugiens
624 0 715 34 pedibus
736 0 843 31 venisset,

110 37 163 62 inde
183 35 295 71 Argeliam
314 44 365 61 cum
383 35 501 60 duodecim
520 34 645 60 triremibus
663 35 788 71 navigavit3
806 46 844 62 na-

110 81 202 107 ctusque
226 80 336 106 praeterea
358 70 528 106 quatuordecim
550 70 626 106 longas
652 80 718 96 naves
731 90 740 101 ,
763 72 844 107 quibus

110 107 167 133 filius
191 107 304 142 Argeliam
326 116 419 141 eamque
440 116 503 131 oram
524 106 647 131 asservabat
663 125 671 137 ,
690 106 714 132 in
736 107 774 132 has
800 118 845 134 non

112 143 183 168 modo
202 142 335 177 pecuniam,
354 142 390 167 sed
410 141 477 167 etiam
495 142 651 177 supellectilem
670 151 737 177 atque
760 152 844 169 vestem

111 179 235 214 imposuit,
256 188 303 213 quo
322 178 409 213 longius
428 186 481 203 esset
500 188 512 202 a
531 177 646 213 periculo,
663 177 681 203 si
699 178 782 204 bellum
800 182 845 205 Ca-

111 214 187 244 rolus,
205 222 231 239 ut
249 213 410 248 exspectabatur
423 233 430 243 ‚
446 213 470 239 in
488 223 537 239 eam
556 213 671 250 regionem
689 215 845 242 transtulissem

112 260 138 275 ac
156 260 208 275 cum
227 250 306 276 Turcis
324 249 450 279 militibus,
468 249 509 284 qui
528 259 579 275 eum
601 249 762 275 assectabantur
775 270 782 280 ‚
800 254 845 285 By-

112 286 211 311 zantium
230 285 340 321 proficisci
358 284 401 310 hoc
419 285 497 310 animo
512 295 586 320 parat,
603 294 629 310 ut
645 286 784 311 occasionem
797 286 846 312 arri-

111 331 178 357 pere,
196 321 258 356 siqua
276 321 308 346 rei
326 320 492 356 benegerendae
511 321 534 345 in
552 320 630 346 itinere
649 331 692 347 sese
706 322 845 350 ostendissem

112 357 255 392 primumque
273 365 361 381 cursurn
378 356 403 381 in
420 356 517 381 Baleares
536 356 633 381 minores
652 357 748 386 direxit,
765 360 846 394 Mago—

113 393 192 428 nisque
210 402 301 428 porrum
319 401 370 427 post
388 391 439 417 solis
456 401 575 422 occasum,
594 391 642 417 luce
661 391 728 417 dubia
739 412 746 423 ,
765 403 805 418 nec
822 404 847 419 o-

114 428 241 463 pinantibus
273 438 287 453 o
305 427 390 463 pidanis
417 427 557 463 ingreditur,
583 427 692 463 dispositis
719 438 758 463 per
781 439 847 455 naves

114 464 183 500 signis
201 464 291 489 militari
307 473 332 489 us
350 464 374 488 in
393 462 436 488 hoc
455 463 528 498 ipsum
542 464 673 498 comparatis
681 483 689 494 ‚
705 473 731 489 ut
741 463 793 489 falsa
804 475 813 489 s
830 475 849 490 e-

113 500 148 525 cie
174 500 251 525 vexilla
275 499 418 535 Imperatoria
445 499 609 526 mentirentur,
628 500 664 526 sed
688 510 702 525 a
729 475 848 526 Monacliis

114 535 259 560 Franciscanis
280 545 307 560 ex
328 534 455 560 suburbano
473 534 587 560 coenobio
600 554 607 565 ‚
625 535 666 571 qui
687 534 745 561 forte
766 536 848 570 cymba

114 572 143 596 ad
164 580 255 606 portum
273 570 413 607 gestabantur
424 590 432 600 ‚
452 570 493 606 qui
511 570 613 596 mortales
632 580 715 601 essent,
731 571 847 612 primum,

114 607 194 633 deinde
215 617 260 642 qua
280 607 333 632 navi
352 606 444 632 Carolus
464 605 577 632 veheretur
587 625 595 636 ‚
614 606 704 642 rogati,
729 616 777 643 ipsa
795 618 847 633 ora-

114 642 179 668 tione
196 653 297 678 sonoque
314 642 375 668 vocis
393 642 470 667 dolum
489 642 648 677 prodiderunt.

152 681 182 704 V.
219 678 338 703 Monachis
355 678 424 713 igitur
441 678 465 703 in
483 678 592 713 oppidum
610 677 807 714 confugientibus,
826 688 848 704 et

116 714 239 750 periculum
264 713 417 739 nuntiantibus
442 722 517 748 portae
542 714 659 744 occlusae,
683 723 705 739 et
732 715 760 739 ad
786 724 847 740 arma

117 760 257 776 concursum.
276 749 411 776 Charadinus
429 749 527 775 militum
545 749 632 776 duobus
649 750 734 776 circiter
751 750 847 776 millibus

117 794 139 811 et
157 786 283 821 quingentis
302 785 462 821 tormentisque
479 786 583 821 expositis
600 786 711 821 oppidum
729 795 810 822 magna
822 786 847 812 vi

118 830 247 857 oppugnare
268 821 393 858 aggreditur
415 830 438 847 et
460 822 518 847 muri
539 830 624 857 partem
649 821 791 849 demolitum
817 822 847 847 ad

117 866 187 892 quam
212 857 320 893 oppidani
340 856 400 883 ficto
422 866 531 883 concursu
551 857 645 887 acriter,
663 866 688 882 ut
704 857 729 883 in
749 866 847 883 extremo

118 893 258 923 discrimine,
274 903 345 929 propu
363 892 458 919 nabant.
479 895 533 918 Hoc
551 894 675 918 Cibdadellaem
693 895 762 926 majus
783 894 848 929 oppi-

118 929 174 954 dum
192 929 308 959 nuntiato,
326 929 438 954 Oiverius
460 927 579 964 praefectus
600 928 652 955 inde
673 939 725 955 cum
746 930 847 955 trecentis

119 964 205 990 circiter
222 965 311 991 armatis
329 964 474 995 hominibus,
493 973 514 990 et
531 964 606 1000 paucis
624 964 733 1000 equitibus
750 965 848 991 subsidio

117 1001 294 1036 Magonensibus
312 1001 371 1027 venit
379 1020 387 1031 ‚
404 1001 428 1026 in
446 1000 588 1036 hostiumque
604 1010 723 1036 conspectu
738 1001 789 1026 loco
800 1001 849 1026 edi-

121 1043 147 1061 to
164 1045 280 1068 cenatura
298 1036 387 1064 munito
404 1035 518 1068 substitit,
535 1036 573 1062 cui
593 1036 725 1072 primoribus
748 1036 850 1063 adhibitis

824 1072 844 1097 d.
