4284 5982
537 480 696 556 CXXVI.

556 629 650 674 nutu.
672 621 755 669 m.
867 629 875 648 ⁸

1018 473 1085 570 10.
1114 472 1227 549 ceu.
1254 467 1438 546 sununv.

1723 614 1816 670 nolu.
1838 617 1922 665 im·-

703 717 704 722 ’
809 691 896 783 Cap.
922 691 964 758 Χ.
1036 669 1070 730 ’·

515 821 599 872 222.
648 815 707 887 23·

515 994 598 1068 ibid.
651 1013 708 1082 27.

517 1215 598 1288 ²23·
649 1209 707 1279 25·

515 1489 650 1582 nup-b.
680 1503 735 1576 15·

805 792 844 857 ln
865 785 958 858 Italia
983 809 1060 856 vero
1088 791 1196 862 multo
1223 787 1396 860 vetustior.
1425 787 1542 858 ament.
1567 784 1652 854 mul·
1703 806 1783 875 574.
1835 811 1893 879 24.

862 907 899 957 to
923 885 1109 956 vestustius.
1150 919 1154 928 ·

807 983 986 1056 Dimidiati
1015 982 1079 1055 dici
1108 984 1223 1056 itinere
1254 984 1421 1057 distantes.
1449 985 1568 1058 Emend.
1596 981 1652 1053 iti·
1705 1003 1783 1074 575.
1864 1009 1896 1056 r.

857 1105 934 1154 nere
956 1084 1042 1153 inter
1068 1107 1099 1152 se
1124 1083 1278 1155 distantes

805 1183 885 1254 Non
910 1205 1024 1252 omnes
1053 1182 1195 1268 ejusdem
1229 1183 1375 1254 rationis.
1405 1184 1520 1253 Emmd.
1561 1179 1647 1270 ejus·
1700 1178 1787 1273 576.
1841 1185 1896 1276 36.

859 1281 936 1354 dern
964 1282 1114 1352 nationis.

809 1386 896 1480 Cap·
928 1383 988 1452 XI.

808 1482 982 1555 Proximae
1013 1478 1129 1550 abhis
1155 1501 1242 1574 quae
1274 1480 1306 1550 in
1341 1481 1551 1574 Aquilonem
1582 1496 1658 1546 ver·
1710 1496 1788 1576 577.
1840 1501 1900 1573 ²4·

860 1600 957 1678 gunt.
982 1582 1098 1649 Emend.
1120 1579 1272 1650 Proxime

806 1679 1064 1771 Ventorumque
1089 1676 1137 1747 vis
1163 1680 1262 1750 talem
1289 1695 1444 1751 naturam
1481 1676 1650 1748 obtinent.
1697 1678 1776 1769 578.
1807 1679 1950 1765 19.·Em.

858 1779 975 1850 Emmd.
1001 1775 1165 1846 obtineat.
1966 1799 1973 1812 ·

809 1877 895 1974 Cap.
924 1879 1003 1947 XII.

699 2021 709 2045 .
806 1975 839 2046 si
865 1973 1078 2046 eminentiam
1103 1972 1205 2068 probe
1235 1971 1281 2046 ad
1307 1973 1437 2044 virtutis
1464 1974 1567 2043 situm
1595 1995 1651 2043 ac·
1696 1976 1776 2067 580.
1803 1979 1947 2070 271Em·

859 2071 1113 2146 commodatum
1141 2071 1272 2143 habeat.
1306 2076 1423 2146 amend.
1459 2093 1653 2144 accommo-

807 2235 812 2244 .
859 2172 971 2245 datam
999 2169 1130 2242 habeat.

809 2275 895 2370 Cap·
922 2272 1019 2344 XIII.

809 2373 952 2442 Causam
968 2389 1034 2440 esse
1049 2385 1157 2464 putat.
1173 2372 1291 2441 umam.
1311 2392 1443 2442 cautam
1459 2387 1526 2442 esse
1547 2385 1655 2466 putet.
1708 2369 1787 2459 584.
1838 2395 1900 2442 21.

810 2468 859 2540 Ut
893 2467 1113 2539 tractatabiles
1143 2490 1175 2537 se
1217 2467 1405 2562 docilesque
1443 2466 1655 2570 legumlatori
1694 2469 1774 2561 586.
1825 2473 1947 2543 2.Em.

861 2567 1053 2662 praebeant.
1076 2569 1194 2637 mend.
1220 2569 1417 2639 tractabiles.

813 2670 903 2761 eap.
930 2669 1049 2736 xnrr.

813 2764 1023 2853 Eteocujus
1050 2764 1155 2860 gratia
1175 2764 1281 2862 gratia
1295 2763 1394 2838 liunt.
1418 2765 1535 2838 ament.
1554 2766 1651 2855 cujus
1691 2768 1774 2858 588.
1821 2761 1949 2862 7.Em.

862 2862 968 2959 gratia
994 2860 1093 2934 fiunt.

816 2965 903 3058 Cap.
930 2961 1009 3034 XV.

810 3063 954 3133 Animae
975 3076 1084 3156 partes
1105 3055 1187 3130 duas
1207 3081 1275 3133 etse
1291 3059 1448 3147 ,rationi
1471 3077 1652 3158 expertem.
1694 3081 1775 3158 593.
1794 3065 1949 3136 '12.Em.

861 3160 978 3230 Emrnd.
1007 3158 1153 3228 rationis.

815 3262 901 3355 Cap.
928 3257 1024 3328 XVI.

809 3359 887 3470 Fere
908 3379 972 3426 una
999 3354 1184 3452 provisione
1211 3358 1396 3455 confinget.
1424 3360 1541 3431 mend.
1567 3381 1650 3430 con·
1679 3379 1768 3451 ¹595.
1798 3353 1944 3432 rann.

808 3515 813 3524 .
863 3475 911 3526 tan
935 3471 1003 3524 ent.

812 3477 935 3625 Debetg
947 3570 1060 3624 autem
1089 3552 1332 3644 conjunctionis
1358 3555 1490 3626 initium
1516 3575 1575 3650 per
1601 3577 1659 3624 ae·
1704 3554 1788 3627 ibid.
1844 3575 1899 3647 19.

864 3671 967 3723 tatem
991 3652 1024 3722 in
1045 3653 1124 3723 baec
1147 3657 1298 3748 tempora
1323 3677 1516 3750 congruere.
1537 3656 1655 3727 Rettuli.

867 3749 964 3821 debet
990 3752 1232 3840 conjunctionis
1254 3751 1398 3822 initium.

813 3851 900 3948 cap·
925 3849 1038 3922 XVII·

817 3947 1062 4022 Providendum
1079 3947 1174 4018 estin
1193 3947 1480 4031 adolescentibus,
1509 3971 1549 4018 ne
1574 3946 1659 4043 quid
1707 3954 1786 4023 600.
1859 3971 1899 4050 4
1929 3953 1932 3962 ’

867 4048 934 4119 tale
956 4047 1007 4116 vel
1030 4045 1168 4130 dicant,
1192 4050 1244 4116 vel
1267 4048 1412 4118 audiant.
1438 4051 1553 4119 Emend.
1576 4071 1659 4147 pro·

867 4143 1050 4218 videndum
1069 4145 1169 4216 estin
1191 4146 1324 4243 pueris,
1349 4168 1391 4217 ne
1413 4146 1509 4240 quid.

1020 4344 1078 4414 IN
1125 4345 1292 4420 LIBRO
1339 4345 1460 4417 VIII.

819 4444 960 4612 graf-eit·
976 4536 1213 4609 administratio
1241 4537 1424 4636 dirigenda.
1451 4543 1567 4613 ntur.
1595 4541 1658 4615 ad·
1709 4545 1790 4614 602.
1845 4569 1900 4644 14.

873 4636 1067 4706 ministratio
1089 4637 1386 4708 accommodanda.

819 4734 1014 4829 Eademque
1042 4760 1120 4806 cura
1143 4756 1176 4806 et
1206 4736 1405 4834 procreatio.
1440 4742 1557 4810 Entmd.
1583 4763 1663 4810 cura
1711 4737 1793 4812 ibid.
1843 4746 1903 4817 28.

872 4856 904 4904 et
936 4833 1138 4931 procuratio.

759 4969 762 4978 Δ
825 4937 909 5030 Cap.
937 4939 982 5004 ll.

821 5035 884 5108 Scd
907 5053 1013 5127 neque
1033 5031 1117 5104 illud
1143 5035 1220 5107 satis
1242 5052 1402 5124 constat,
1427 5035 1472 5108 ad
1493 5057 1601 5108 mores
1624 5059 1663 5106 t·
1712 5041 1795 5132 603.
1846 5063 1908 5152 ις..

1878 5161 1926 5209 m·
