4294 5972
459 525 463 532 .
582 453 826 540 ennom
868 459 920 540 v.
963 461 1077 539 cru.
1126 465 1203 540 rx.
1534 444 1622 562 περ

187 681 224 728 ,,
240 604 369 750 pania
405 645 488 750 pro
512 607 634 710 avito
660 623 822 754 Regno
853 606 1098 713 minoribus
1126 609 1292 714 viribus
1323 609 1657 719 dimicandum.

184 765 527 894 „Quamquam
563 755 675 895 quid
711 757 890 854 tandem
926 795 1004 898 per
1040 793 1242 899 optatam
1278 757 1393 858 inter
1437 759 1658 861 Christia-

183 936 316 1016 „nos
352 935 508 1037 pacem
549 927 780 1000 moratur?
823 906 918 999 Aut
955 903 1112 1041 quanti
1158 903 1340 1001 demum
1377 903 1551 1042 negotii
1595 936 1659 1004 est

182 1115 220 1161 ‚,
237 1042 509 1142 Franciscum
543 1037 751 1142 Sforriam
786 1044 893 1142 totis
928 1043 1091 1145 finibus
1132 1042 1572 1166 Mediolanensibus,
1608 1084 1660 1148 ut

186 1185 417 1302 „meritus
453 1181 571 1304 fuit,
608 1184 897 1286 submovere?
934 1201 1041 1306 Quo
1076 1184 1231 1308 facto,
1267 1225 1311 1288 et
1340 1187 1572 1290 Gallorum
1591 1191 1657 1292 vi-

185 1326 357 1448 „ribus
412 1363 455 1429 et
510 1329 669 1428 animis
720 1338 813 1458 jam
855 1369 981 1471 saepe
1024 1332 1212 1474 repetito
1263 1333 1441 1438 vulnere
1489 1327 1659 1472 perfia*

182 1547 219 1593 „
241 1471 318 1569 ctis
361 1506 405 1571 et
444 1511 567 1572 novo
628 1465 804 1573 foedere
847 1474 1125 1595 conciliatis,
1167 1475 1382 1576 Pontifice
1429 1476 1478 1576 in
1530 1513 1656 1580 tuam
1760 1578 1765 1587 .

182 1613 479 1735 „amicitiam
514 1615 746 1736 traducto,
782 1617 965 1718 Venetis
1001 1616 1168 1720 bellum
1195 1616 1557 1760 deprecantibus,
1594 1623 1654 1721 ni·

183 1752 302 1884 „hil
346 1755 519 1857 obstare
557 1794 738 1900 potest,
775 1761 1049 1899 quominus,
1086 1761 1123 1862 si
1158 1763 1291 1878 velis,
1328 1764 1459 1862 simul
1500 1801 1654 1902 pacem

182 1899 442 2023 „tutiorem
478 1905 704 2003 universae
737 1903 886 2003 ltaliae
921 1906 1102 2027 reddas,
1139 1904 1270 2005 simul
1303 1907 1544 2048 Imperium
1571 1920 1655 2010 Ita-

184 2042 372 2167 „licum
415 2085 519 2144 cum
562 2045 757 2144 maxima
804 2079 879 2145 tua
930 2047 1144 2187 dignitate
1187 2049 1394 2147 retineas.
1445 2058 1571 2150 Nam
1617 2053 1654 2151 si

183 2181 418 2311 „difficile
452 2180 550 2288 fore
584 2226 758 2328 reputas
793 2185 920 2288 urbes
955 2188 1267 2290 munitissimas
1303 2231 1329 2290 a
1370 2193 1555 2294 Venetis
1590 2231 1655 2294 re-

184 2409 220 2454 „
236 2327 412 2470 cipere,
447 2370 724 2474 quamquam
768 2330 879 2432 nihil
914 2333 999 2433 tale
1024 2329 1226 2433 'fortibus
1273 2333 1378 2434 viris
1423 2369 1487 2434 est
1532 2330 1652 2434 diffi-

184 2472 354 2599 „cile,
388 2476 423 2575 si
460 2512 610 2578 tamen
646 2517 720 2577 eos
756 2472 877 2575 bello
912 2477 1112 2577 lacessere
1146 2475 1232 2577 tibi
1266 2517 1360 2579 non
1404 2511 1467 2576 est
1507 2477 1652 2596 cordi,

184 2619 508 2746 „consultetur
544 2662 646 2722 sane
682 2623 737 2721 de
775 2660 878 2760 pace
912 2661 1017 2722 cum
1062 2621 1246 2723 Venetis
1280 2614 1511 2736 facienda,
1553 2633 1654 2722 Du-

184 2837 219 2886 „
237 2797 388 2863 catum
423 2804 526 2865 vero
568 2766 949 2866 Mediolanensem
993 2766 1041 2865 in
1082 2800 1348 2906 potestatem
1393 2799 1517 2864 tuam
1560 2771 1654 2894 jam

184 2939 387 3032 „totum
421 2948 559 3050 paene
583 2912 844 3028 redactum,
880 2945 922 3010 et
951 2909 1032 3048 qui
1062 2948 1200 3049 parvo
1229 2908 1454 3049 negotio,
1503 2905 1654 3046 siquid

182 3049 379 3174 ‚,deest,
415 3052 604 3153 omnino
641 3052 785 3195 redigi
822 3087 993 3195 potest,
1029 3052 1096 3172 ei,
1134 3052 1213 3193 qui
1237 3052 1284 3153 in
1316 3086 1360 3151 te
1383 3085 1653 3191 tuorumque

183 3196 454 3317 „excidium
482 3197 814 3299 sceleratissime
848 3196 1150 3339 conspiravit,
1180 3236 1282 3295 cum
1325 3229 1444 3294 tanta
1475 3193 1654 3334 imperii

182 3417 219 3461 „
236 3377 285 3438 ac
329 3341 555 3482 dignitatis
596 3351 764 3473 jadtura
808 3342 1097 3482 permittere,
1146 3349 1269 3474 cujus
1311 3340 1489 3439 tandem
1541 3376 1651 3475 pru·
1749 3411 1756 3422 ι

182 3482 408 3605 „dentiae
443 3479 598 3586 fiterit?
635 3487 940 3627 Trigesimum
977 3494 1068 3618 jam
1094 3482 1262 3586 circiter
1293 3521 1460 3585 annum
1486 3479 1652 3580 bellum

186 3626 285 3752 „in
322 3629 477 3748 Italia,
515 3665 559 3728 et
604 3629 746 3730 Gallia
788 3629 995 3730 citeriore
1038 3669 1144 3732 cum
1187 3627 1319 3730 Gallis
1362 3665 1406 3726 ct
1459 3623 1678 3740 Gallica-¹

187 3847 219 3892 „
233 3808 333 3874 rum
370 3772 564 3911 partium
610 3771 814 3873 studiosis
850 3773 1074 3916 gerimus,
1112 3812 1284 3914 semper
1321 3771 1651 3911 propemodum

185 3914 456 4035 „victorest
492 3919 573 4018 sed
608 3915 686 4016 vix
719 3957 806 4018 una
848 3953 971 4058 parta
1005 3917 1236 4033 victoria,
1284 3910 1504 4053 quidquid
1544 3949 1643 4009 coe·

185 4135 219 4179 „
236 4055 407 4196 pimus,
449 4062 720 4181 retinentes,
762 4100 861 4162 ecce
901 4098 1044 4160 rursus
1084 4056 1200 4158 bello
1233 4089 1454 4157 renovato·
1481 4048 1652 4154 lacessi-
1759 4101 1762 4108 ⁴

190 4279 222 4324 „
237 4239 366 4302 mur.
405 4203 531 4325 Quid
566 4198 663 4302 fore
698 4204 961 4343 sperandum
997 4234 1091 4320 est,
1128 4201 1236 4305 sica
1262 4197 1489 4300 Provincia
1515 4235 1652 4296 cesse-

188 4421 219 4468 „
242 4344 407 4466 rimus,
448 4386 578 4487 quae,
599 4385 677 4487 per
722 4385 766 4444 se
802 4344 1174 4486 opulentissima,
1215 4344 1345 4447 nobis
1390 4344 1445 4442 ad
1488 4339 1653 4441 bellum

185 4490 584 4631 „propulsandum
622 4523 893 4632 opportuna,
934 4525 1166 4632 tamquam
1201 4488 1366 4589 vallum
1403 4523 1466 4585 est
1507 4482 1654 4625 Regni

190 4709 222 4755 „
236 4634 549 4774 Neapolitani?
587 4647 691 4736 Hoc
728 4671 852 4757 erat,
888 4645 1067 4756 Caesar,
1106 4634 1233 4774 quod
1269 4669 1336 4733 tot
1373 4626 1573 4769 optimi,
1610 4661 1655 4786 et

191 4775 465 4895 „fortissimi
500 4777 588 4880 viri
644 4815 744 4880 tum
779 4778 972 4920 Hispani
1015 4778 1250 4895 nominis,
1304 4809 1404 4874 tum
1448 4780 1658 4871 Germana

269 4921 386 5023 Tam.
406 4933 440 5022 1.
1150 4931 1226 5021 Oo
1548 4949 1662 5052 „pu-
