4368 5984
562 447 692 527 xvnt.
937 448 1075 544 Jonn.
1092 445 1206 520 Gen.
1221 445 1530 521 strumense

538 583 716 688 quaedam
747 577 994 686 emendavit,
1024 604 1117 688 qnae
1151 587 1304 663 exstant
1335 575 1440 686 apud
1472 600 1540 658 me.
1563 571 1757 684 ,Quamuis
1777 601 1870 665 uero
1886 583 1985 668 idem

539 718 625 809 cap.
646 726 713 809 25.
745 702 884 786 sabolia
901 709 978 784 ista
996 701 1243 810 Aphrodisiei
1271 699 1465 780 dictionem
1481 711 1518 779 et
1531 702 1659 779 stilum
1676 717 1809 806 sapere
1836 719 1985 786 comen-

541 822 631 924 dtr,
656 845 749 926 qaae
766 847 875 905 mann
891 836 1052 906 exarata
1075 817 1191 926 fuere
1204 823 1316 900 etiam
1341 821 1381 898 in
1410 822 1498 899 aliis
1516 810 1770 922 bibliothecis,
1800 834 1842 902 nt
1864 828 1904 903 in
1919 828 1986 905 ilia

541 933 605 1054 Jo.
624 939 811 1022 Vincentio·
840 945 973 1024 Pinedi
996 953 1090 1023 teste
1104 939 1261 1022 Andrea
1278 935 1434 1018 Sebatto
1459 941 1498 1016 in
1526 945 1612 1019 uita
1628 938 1802 1020 Aristot.
1829 957 1873 1046 p.
1895 941 1987 1026 160.

542 1073 664 1140 tamen
679 1060 1095 1143 conamentariabaecin
1108 1058 1448 1168 Metapbpsicarnm
1461 1055 1577 1138 libros
1590 1055 1808 1139 Alexam
1822 1059 1989 1169 Aegaea,

543 1183 609 1258 trel
625 1181 744 1260 alteri
774 1186 1014 1286 cuicumque,
1050 1194 1117 1260 ant
1155 1177 1338 1258 Micboe'lt'
1366 1173 1533 1282 Ephesio
1570 1179 1738 1259 triboere
1786 1183 1991 1262 maluerant

543 1294 774 1380 Franciscrrs
790 1299 990 1382 Patricius
1005 1313 1043 1380 et
1055 1299 1243 1381 Antortins
1259 1295 1291 1376 S
1293 1319 1445 1404 caynus.
1463 1295 1571 1377 Haec
1587 1322 1633 1378 ex
1647 1291 1894 1381 eruditissimo
1925 1301 1993 1382 Fa·

545 1411 661 1499 bricio
687 1414 774 1502 ideo
789 1416 864 1502 huc
883 1413 1273 1530 adduximus,quiaa
1299 1411 1494 1527 proposito
1504 1410 1742 1529 praefationis
1755 1414 1989 1527 Sepulvedae

544 1531 660 1645 paulo
676 1559 764 1620 ante
781 1567 803 1620 a
820 1535 927 1621 nobis
950 1559 1271 1621 commemoratae
1292 1561 1373 1616 non
1390 1530 1509 1616 aliena
1537 1560 1614 1618 esse
1643 1531 1721 1619 visa
1738 1555 1839 1617 sunt.

649 1655 774 1768 Capta
802 1679 1093 1772 expugnataque
1128 1654 1221 1738 urbe
1254 1655 1381 1736 Roma
1427 1679 1532 1735 anno
1572 1680 1698 1762 ¹527·
1753 1673 1797 1736 ut
1823 1653 1990 1768 superius

544 1767 761 1878 innuimus,
789 1775 965 1859 Albertus
994 1773 1107 1878 Pius,
1147 1771 1214 1888 qui
1249 1770 1452 1857 Gallorum
1482 1771 1647 1885 partibus
1681 1765 1876 1876 favebat,
1908 1803 1989 1860 non

544 1917 672 2004 expers
689 1887 757 1976 fuit
781 1892 873 1978 illius
888 1891 1129 1997 calamitatis,
1146 1891 1213 1977 sed
1228 1888 1394 1976 hostium
1412 1889 1582 1976 manibus
1598 1889 1742 2003 elapsus
1757 1889 1921 1976 Galliam
1935 1923 1990 1979 se·

545 2008 682 2115 cessit,
714 2010 820 2096 saluti
841 2041 929 2096 suae
946 2037 1061 2126 atque
1082 2008 1331 2095 incolumitati
1352 2008 1599 2095 consulturus.
1628 2007 1842 2123 Sepulveda
1857 2037 1990 2125 patro-

545 2151 599 2209 no
625 2156 696 2213 suo
721 2129 875 2217 orbatus
902 2129 1104 2244 Neapolim
1128 2157 1167 2214 se
1196 2127 1356 2213 contulit
1379 2143 1392 2182 ¹
1413 2188 1425 2231 ,
1443 2126 1568 2241 ibique
1599 2128 1730 2213 aderat
1744 2155 1826 2241 quo
1843 2152 1990 2248 tempo

544 2271 586 2328 re
601 2272 625 2326 a
641 2246 849 2365 Philippino
867 2249 1096 2335 Dotiatctta
1121 2246 1291 2362 marique
1319 2244 1589 2351 obsidebatur,
1615 2275 1704 2332 cunt
1733 2245 1888 2335 Thoma
1913 2251 1990 2338 Vto

544 2360 760 2471 Cardinale,
776 2369 858 2456 viro
875 2368 1050 2484 singulari
1066 2365 1260 2482 religione,
1275 2388 1314 2449 ct
1323 2363 1537 2481 theologica
1545 2364 1717 2452 doctritta
1728 2363 1853 2451 clato:
1870 2371 1990 2479 Nam,

544 2505 588 2566 ut
606 2485 713 2569 nobis
734 2511 891 2573 testatur
907 2488 985 2602 ipse
1009 2508 1142 2571 auctor
1162 2501 1214 2588 ²,
1241 2499 1332 2593 post
1357 2486 1468 2565 urbis.
1484 2483 1624 2568 Romae
1652 2488 1924 2597 direptionem,
1953 2499 1991 2576 is

544 2596 746 2712 (Thomas
776 2603 900 2719 Vius)
925 2605 1095 2713 Cajetam
1126 2602 1255 2687 urbem
1282 2608 1486 2712 patriam,
1519 2606 1626 2711 cujas
1658 2608 1772 2687 etiam
1794 2601 1991 2694 &annae

545 2719 722 2836 Antistes
745 2739 830 2807 erat
846 2781 860 2827 ,
875 2751 941 2833 ego
956 2725 1154 2836 Neapolim
1170 2749 1226 2805 me
1241 2740 1478 2831 receperam,
1503 2727 1597 2806 ande
1614 2723 1663 2804 ab
1686 2730 1768 2831 ipsa
1782 2733 1990 2813 meatorum

540 2846 674 2944 gratia
691 2847 789 2925 inter
806 2851 919 2925 initio
936 2845 1023 2926 belli
1052 2845 1161 2951 bajas
1176 2869 1259 2924 snm
1283 2855 1495 2945 evocatas,
1523 2858 1566 2924 nt
1599 2869 1649 2926 etr
1663 2867 1777 2924 sacra
1808 2857 1900 2932 novi
1918 2849 1991 2931 Te·

544 2967 721 3040 stamenti
736 2969 943 3070 scriptura,
964 2987 1075 3068 quam
1100 2967 1247 3070 scripta
1265 2975 1353 3044 tnnc
1367 2964 1592 3066 enarrabat,
1607 2961 1765 3046 obscura
1779 2974 1818 3042 et
1844 2973 1992 3076 ancipi-

543 3080 601 3157 tia
616 3084 698 3159 loca
728 3084 782 3162 ad
809 3106 973 3163 normam
1007 3080 1194 3164 Graecam
1215 3105 1272 3166 me
1291 3080 1466 3164 adbibita
1491 3089 1590 3184 (nec
1618 3085 1713 3163 enim
1745 3085 1827 3189 ipse
1844 3080 1993 3171 &aeci

543 3194 727 3310 noverat)
756 3201 943 3308 dirigeret
975 3225 1023 3283 ac
1050 3193 1286 3307 explanaret.

663 3313 796 3426 Cajeta
827 3321 992 3402 Romam
1039 3313 1137 3403 forte
1172 3317 1324 3405 revertit
1368 3314 1616 3432 Sepulvcda,
1656 3343 1695 3403 et
1737 3315 1776 3400 in
1814 3308 1995 3400 Francisci

544 3429 788 3546 Quignonii³
818 3434 1024 3521 Cardinalis
1056 3435 1347 3521 contubernium
1370 3459 1426 3520 est
1454 3434 1647 3519 admissus.
1687 3435 1796 3521 Nam
1813 3457 1851 3518 et
1869 3431 1992 3546 ipsum

545 3552 724 3635 Genuam
750 3577 806 3637 est
826 3577 1056 3658 assectatus,
1082 3583 1164 3669 quo
1182 3554 1290 3639 simul
1316 3582 1405 3638 cum
1425 3553 1638 3638 Alexandro
1653 3552 1825 3640 Farnesio
1841 3575 1881 3637 et
1897 3549 1993 3662 Hip·

544 3667 681 3779 polyto
698 3669 849 3757 Medice
876 3674 1101 3789 Legatusde
1119 3701 1225 3758 more
1248 3672 1482 3757 aClemente
1499 3670 1680 3758 Pontificc
1712 3667 1834 3756 luent
1865 3669 1995 3752 missus

549 3786 599 3871 ad
618 3787 800 3873 Carolum
818 3789 1046 3897 Caesarem,
1073 3792 1139 3907 qui
1158 3815 1245 3907 post
1271 3791 1363 3877 Idus
1386 3790 1549 3908 Augusti
1573 3791 1651 3905 ejus
1682 3790 1799 3896 anni,
1827 3783 1996 3994 quiliiit

581 4067 601 4188 g
642 4051 806 4188 {gpulrcretda
819 4057 868 4114 lib.
884 4052 911 4114 8.
932 4055 967 4115 de
980 4053 1041 4115 reb.
1053 4065 1133 4136 gest.
1148 4051 1248 4115 Carol.
1263 4055 1307 4113 V.
1328 4054 1356 4132 §.
1374 4055 1419 4114 16.
1433 4071 1461 4130 p.
1476 4055 1544 4129 256.

707 4174 713 4189 .
751 4150 814 4190 tat.

583 4227 602 4286 3
642 4209 813 4270 Franciscus
832 4214 1014 4290 Quignouius
1034 4217 1224 4292 legionensis
1242 4255 1253 4290 ,
1273 4233 1308 4274 ex
1335 4215 1535 4290 antiquissima
1550 4212 1699 4274 Comitum
1718 4213 1755 4272 de
1773 4215 1857 4272 Luna
1876 4208 1992 4272 familia

541 4306 731 4366 procreatus,
754 4291 778 4348 F
780 4296 1011 4352 ranciscanorum
1029 4298 1194 4356 institutum
1209 4301 1378 4372 amplexus,
1396 4298 1434 4355 ob
1447 4297 1622 4372 singularem
1639 4299 1797 4368 virtutem,
1821 4313 1874 4354 nec
1893 4296 1993 4352 mino·

541 4389 603 4428 rem
630 4373 793 4430 doctrinam
823 4377 913 4432 totius
932 4376 1041 4432 ordinis
1064 4379 1225 4449 praefectus
1241 4393 1285 4436 est
1302 4379 1476 4438 constitutus
1499 4379 1602 4453 Bnrgis
1629 4395 1706 4434 anno
1723 4393 1806 4451 ¹52²·
1828 4375 1937 4434 Catolo
1950 4375 1991 4435 V.

540 4449 692 4510 confitenti
719 4471 800 4510 autes
824 4456 985 4530 praebuisse
1002 4457 1130 4530 dicitur,
1151 4477 1168 4516 a
1190 4477 1246 4532 quo
1266 4463 1302 4517 ad
1321 4460 1505 4518 Clementem
1526 4459 1597 4515 Vll.
1611 4458 1736 4515 Romam
1757 4459 1884 4526 missus,
1903 4468 1991 4526 atque

539 4531 639 4590 indea
658 4533 813 4592 Clemente
833 4538 868 4593 ad
893 4537 1031 4595 Catulum
1052 4539 1158 4610 rediit,
1184 4553 1214 4596 ut
1228 4557 1284 4612 pat
1301 4541 1378 4598 inter
1398 4555 1549 4612 utrumque
1568 4539 1787 4596 conciliaretur.
1815 4535 1892 4592 Tatn
1916 4535 1991 4592 bene

539 4615 651 4686 utrique
669 4631 803 4689 acceptus
823 4615 879 4674 suit
893 4618 929 4674 ob
943 4635 986 4676 res
1008 4623 1154 4693 praeclare
1167 4634 1283 4693 gestas,
1311 4635 1342 4676 ut
1362 4617 1500 4676 Pontifex
1519 4635 1584 4674 eum
1605 4619 1682 4676 inter
1702 4630 1872 4692 purpuratos
1885 4613 1990 4672 Patres

536 4695 677 4767 elegerit:
702 4715 754 4754 nec
768 4697 815 4753 diu
831 4713 894 4772 post
910 4698 1074 4757 Cauriensis
1088 4701 1226 4758 ecclesiae
1239 4740 1251 4773 ,
1274 4713 1420 4757 annuente
1435 4716 1468 4754 ac
1484 4700 1665 4772 supplicante
1680 4697 1825 4767 Caesare,
1841 4694 1991 4770 praefece-

536 4775 584 4832 rit.
607 4774 689 4833 Obiit
705 4780 816 4836 Romae
839 4797 937 4838 mense
961 4779 1081 4838 Octobri
1093 4799 1159 4839 ann.
1182 4782 1226 4838 M.
1237 4781 1277 4838 D.
1290 4781 1353 4838 LX.
1376 4779 1482 4836 Exstat
1496 4780 1551 4834 viri
1567 4779 1648 4855 hujus
1666 4777 1887 4850 praeclarissimi
1907 4775 1989 4832 Bre-

534 4857 663 4913 niarium
680 4859 835 4916 Romanam
855 4860 1017 4919 Clementis
1029 4861 1145 4920 hortatu
1163 4861 1353 4931 confectum,
1376 4857 1513 4931 Paulique
1527 4859 1582 4917 111.
1603 4858 1709 4932 judicio
1724 4857 1893 4930 probatum,
1913 4855 1989 4928 quod

535 4953 594 4993 non
607 4943 695 4996 semel
713 4943 806 4998 lucem
820 4944 944 5015 aspexit.
969 4943 1044 5000 Usus
1061 4945 1152 5000 estin
1170 4959 1204 5001 eo
1220 4941 1424 5006 concinnando
1444 4957 1532 5016 opera
1550 4939 1659 4999 Didtci
1679 4937 1783 4998 Neilae
1797 4977 1808 5013 ,
1823 4956 1875 4998 ceu
1899 4937 1990 4996 disci·

532 5033 596 5077 mus
612 5037 628 5078 e
645 5017 824 5098 Sepulredae
841 5025 963 5098 epistola
979 5025 1146 5082 centesima.
