4284 5982
576 381 630 468 ἰδ
944 379 1016 464 DE
1038 379 1120 486 ,Jo'
1144 379 1265 464 GEN.
1291 374 1598 461 SEPULVEDN

545 511 644 594 otim
670 508 748 610 'eius
770 503 883 589 libelli
903 511 953 587 'de
973 536 1086 614 reguo
1108 515 1148 590 ei
1167 514 1272 614 re'gr'o'
1285 509 1437 608 officio,
1458 510 1505 586 de
1521 503 1905 605 appetendoque,
1928 508 1975 587 de

557 621 743 692 honestate
765 620 823 690 rei
844 614 1050 690 Militaris
1072 617 1251 718 'alliqueq
1264 614 1323 692 de'
1346 614 1482 713 qulbus
1506 612 1730 690 videsisD.
1750 612 1802 688 G.
1814 608 1973 688 Morbo-t

549 718 650 798 lium.
678 723 694 774 ⁹
716 718 890 807 Ceterum
917 739 958 796 ut
980 717 1124 797 laudem
1153 739 1309 796 meretur
1328 713 1419 814 ejus
1436 715 1639 808 modestia,
1667 715 1753 814 qua·
1769 713 1901 790 duoles
1928 716 1975 789 li-

550 825 633 900 btos
651 847 740 902 suos
765 845 838 898 non
852 845 1088 900 ,summotum
1113 842 1257 902 tantum
1281 821 1478 897 inlittetis
1501 821 1666 898 vicorum
1691 817 1859 895 cciuurac
1887 818 1988 914 seb-p

545 925 661 1028 jecit,
686 927 749 1004 sed
774 943 811 1002 et
828 946 968 1003 ‘eorum
989 949 1143 1026 quoquc
1160 925 1340 1024 judicium
1353 924 1512 1023 exegit,
1542 919 1738 1020 quirinfrai
1762 925 1866 996 suam
1888 925 1972 998 eru-

548 1030 731 1106 ditionem
750 1049 874 1124 eram:
900 1031 952 1105 ita
971 1030 1106 1106 merito
1129 1028 1307 1128 culpanda
1328 1047 1384 1103 est
1417 1023 1594 1124 quaedam
1616 1021 1737 1103 :animi
1766 1024 1972 1122 pertinacia,

547 1131 858 1233 qua¹scntentiam
882 1131 991 1210 semel
1007 1131 1203 1210 adurimam
1226 1129 1405 1208 orande
1430 1129 1577 1208 meliore
1604 1123 1972 1206 convictus'dimittc·

549 1260 589 1312 te
618 1237 746 1312 noluit.
774 1242 804 1280 ¹⁰
824 1231 942 1330 Cujus
963 1237 1168 1334 exemplum
1195 1233 1279 1312 date
1306 1237 1427 1331 pooes'c
1453 1234 1722 1321 controversia,
1744 1251 1867 1328 quam
1886 1255 1970 1309 cum

549 1339 800 1417 Bartholomae
822 1336 940 1429 casa,
968 1339 1035 1437 qui
1055 1363 1078 1415 a
1097 1340 1206 1415 sactis
1232 1335 1515 1414 confessionibus
1534 1334 1737 1455 CaroloV.
1759 1329 1973 1427 fuit'faluit,

550 1434 1863 1654 iilhhlhhthlhhilhithmahmahti
1881 1461 1974 1622 aiz

553 1649 609 1730 M.
626 1653 676 1764 l).
691 1651 804 1730 LXlL
828 1649 876 1740 in¹
897 1649 1023 1752 patria.

1883 1798 1956 1930 re-

564 2015 573 2048 i

560 2107 566 2118 .
596 2061 837 2141 9'Polylt‘rtor.
856 2061 939 2122 liter.
957 2072 979 2121 t.
996 2080 1023 2140 3.
1040 2080 1067 2138 p.
1082 2077 1146 2142 503.
1476 2117 1482 2126 .

563 2171 570 2184 ·
600 2161 636 2207 ro
676 2145 814 2200 Theanus
835 2144 871 2200 ed
891 2160 937 2201 ao.
959 2140 1041 2220 ispa.
1061 2145 1195 2204 Teissler.
1213 2143 1233 2200 l.
1251 2159 1276 2202 c.
1295 2161 1323 2220 p.
1339 2159 1409 2222 441.

560 2231 563 2238 ’
596 2222 618 2270 ⁸
657 2225 814 2282 Historiam
836 2223 1049 2280 controversiae
1069 2225 1127 2284 late
1147 2223 1322 2299 persequitur
1342 2229 1468 2282 Alvarus
1482 2220 1595 2282 Gomea
1615 2219 1646 2280 iti
1666 2211 1726 2278 vita
1743 2215 1908 2284 Catdlnalis
1920 2215 1979 2276 xl-

557 2305 650 2368 menis
666 2305 715 2360 lib.
733 2303 758 2360 8.
775 2303 887 2358 brevius
905 2316 1021 2358 enarrat
1037 2303 1175 2360 Theanus
1189 2309 1208 2362 l.
1229 2321 1254 2360 c.
1269 2321 1304 2360 ea
1320 2323 1385 2361 curn
1405 2319 1583 2363 momentum
1601 2305 1631 2359 in
1647 2301 1767 2359 historia
1776 2301 1846 2376 juris
1863 2295 1979 2362 natura·

557 2391 595 2446 iis
616 2383 746 2456 habeat,
765 2383 863 2456 paucis
881 2383 936 2440 lta
959 2383 1033 2438 habe
1048 2399 1059 2440 a
1078 2383 1143 2440 'Diu
1165 2381 1248 2440 valde
1275 2385 1433 2442 detestatus
1453 2397 1515 2442 etat
1530 2383 1606 2441 casa
1619 2382 1771 2439 saevitiam
1785 2423 1796 2456 ‚
1810 2378 1979 2452 avaritiam,

557 2464 745 2546 tyrannidem
757 2499 769 2532 ,
779 2479 870 2544 quam
884 2461 974 2542 oculis
994 2462 1105 2536 viderat
1123 2464 1160 2520 ab
1173 2463 1309 2534 Hispanis
1322 2464 1353 2520 in
1367 2465 1452 2520 ludia
1473 2461 1791 2540 oecidpotalieaerceti
1809 2466 1841 2522 in
1861 2460 1981 2532 indige·-

558 2565 620 2606 ω.
646 2545 727 2620 Quas
745 2541 866 2614 pesimas
884 2553 960 2596 artes
973 2558 1039 2596 curn
1054 2543 1207 2614 homines,
1230 2558 1266 2598 oe
1281 2542 1374 2599 dicam
1389 2541 1572 2600 Christianos
1586 2541 1724 2598 dedecere
1741 2556 1873 2601 cerneret
1887 2584 1900 2616 ‚
1918 2557 1982 2601 sau·

557 2621 737 2694 ctius'licgis
758 2621 909 2676 consilium
930 2621 1005 2676 serio
1027 2622 1156 2680 hortatus
1176 2635 1245 2692 est,
1267 2634 1298 2677 ut
1319 2623 1435 2678 modum
1464 2620 1667 2678 inhumanitati
1699 2630 1834 2694 ponerem
1854 2624 1982 2691 iramque

556 2705 731 2764 Divinama
751 2699 843 2772 patria
871 2712 1036 2755 averterent
1052 2738 1063 2770 ,
1081 2717 1139 2756 non
1160 2701 1213 2756 nisi
1233 2700 1276 2756 his
1297 2703 1457 2760 emendatis
1471 2700 1692 2758 declinandam.
1723 2701 1820 2776 Quam
1839 2701 1895 2757 viri
1915 2696 1984 2773 g'ra-

559 2783 677 2844 vlssittti·
699 2779 929 2836 cohortationem
954 2793 1021 2834 cum
1047 2780 1146 2840 bonus·
1165 2778 1283 2853 quilibet
1312 2781 1520 2854 probavisset,
1544 2797 1579 2838 ea
1608 2793 1708 2838 tameo
1734 2783 1792 2841 illis
1811 2780 1980 2854 displicuit,

558 2880 679 2942 quorum
708 2862 934 2918 emolumentum
957 2857 1013 2914 ista
1044 2861 1177 2932 tyrannis
1207 2863 1403 2932 promovebat.
1435 2859 1596 2935 Sepulvcda
1615 2872 1740 2931 autem,
1763 2862 1838 2932 quod
1858 2861 1983 2934 mireris,

558 2961 644 3020 quant
658 2942 735 2999 orbis
748 2935 967 3010 detestabatur,
988 2953 1121 2996 excusare
1135 2979 1146 3015 ,
1166 2939 1354 3018 probataque
1365 2941 1517 2998 saevitiam
1539 2937 1627 2997 ausus'
1637 2951 1681 2996 est
1689 2975 1701 3012 ,
1721 2955 1852 2997 causatus
1860 2980 1871 3013 ‚
1885 2940 1983 2996 Arne-

557 3027 672 3082 ricanos
685 3021 748 3096 jure
761 3017 977 3090 Hispanorum,
1001 3016 1123 3090 hincque
1142 3019 1240 3076 omnia
1260 3019 1304 3073 his
1323 3020 1353 3074 in
1372 3021 1436 3076 illos
1456 3021 1553 3088 licere.
1570 3019 1603 3075 ld
1621 3014 1756 3093 peculiari
1781 3021 1983 3077 dissertatione

556 3103 729 3177 consignata
743 3095 903 3171 Sepulveda
918 3089 1079 3154 'defendere
1098 3111 1218 3156 conatus
1239 3112 1283 3156 est
1292 3136 1304 3169 ,
1319 3114 1420 3156 veroa
1434 3093 1511 3157 ersa
1530 3111 1562 3156 et
1570 3099 1715 3172 Episcopo
1730 3098 1901 3173 Segotiensi
1917 3115 1986 3174 sup-

555 3201 654 3260 pressa
673 3194 727 3238 est.
748 3179 793 3236 lie
812 3189 876 3250 post
903 3177 1129 3235 consultationes
1148 3178 1260 3236 crebras
1282 3177 1319 3234 ad
1338 3178 1504 3254 rhutogoe
1524 3177 1766 3256 salmanticenses
1786 3181 1910 3256 delata,
1930 3178 1983 3238 Se·

556 3260 682 3340 polveda
703 3275 788 3316 causa
808 3253 929 3312 inferior
952 3255 1110 3328 discessit,
1131 3271 1161 3314 et
1181 3257 1255 3314 liber
1278 3253 1337 3330 ejus
1363 3257 1410 3314 edi
1438 3257 1596 3330 prohibitus
1617 3272 1669 3318 est.
1698 3257 1727 3315 Is
1754 3272 1786 3315 ut
1805 3259 1982 3318 sententiam

555 3346 755 3416 theologorum
771 3335 897 3408 eluderet
914 3335 1039 3391 Romam
1055 3335 1158 3392 librum
1178 3336 1259 3392 misit
1274 3337 1353 3410 typis
1368 3336 1534 3408 edendum,
1556 3337 1585 3393 ld
1599 3339 1674 3410 quod
1691 3341 1840 3396 tamenab
1855 3342 1983 3414 impera·

556 3425 629 3481 toris
649 3425 745 3494 legato
761 3415 930 3488 impeditum
949 3426 1003 3470 est.
1025 3414 1115 3492 Quod
1134 3413 1181 3472 ita'
1197 3415 1318 3474 offendit
1339 3416 1531 3490 Sepulvedam
1541 3457 1554 3490 ,
1571 3430 1604 3473 ut
1628 3417 1758 3492 publicae
1780 3420 1986 3494 disputationis

555 3508 651 3562 aleam
665 3517 730 3558 cum
741 3496 819 3555 Casa
831 3494 1008 3551 subeundam
1021 3509 1203 3569 exposceret:
1219 3513 1274 3569 qua
1289 3497 1375 3554 venia
1388 3497 1545 3570 impetrata
1557 3497 1728 3556 Dominicus
1742 3501 1814 3558 Soto
1827 3502 1937 3558 arbiter
1948 3501 1985 3558 ab

556 3584 737 3656 Imperatore
760 3575 974 3636 controversiae
995 3572 1078 3632 datus
1100 3589 1154 3634 est.
1175 3576 1276 3648 Neque
1298 3591 1396 3636 tameo
1418 3577 1461 3634 sic
1483 3577 1605 3652 pervicit
1620 3577 1807 3652 Sepulvedae
1823 3580 1984 3654 pertinacia

555 3662 709 3740 quaelicet
725 3654 884 3716 rationibus
904 3669 955 3728 pro
976 3650 1097 3711 infanda
1111 3657 1266 3732 tyrannide
1280 3655 1351 3714 nihil
1366 3651 1513 3714 effecisset
1530 3695 1542 3730 ,
1564 3657 1626 3730 ipsa
1648 3669 1744 3716 tamen
1763 3665 1896 3734 neglecta
1911 3672 1988 3734 post·

557 3761 593 3802 ea
614 3741 704 3818 jacuit
724 3741 900 3815 Imperatore
920 3733 957 3791 ad
983 3732 1044 3792 alia
1070 3734 1178 3796 v‘oeato
1202 3749 1234 3795 et
1262 3737 1408 3812 detento,
1427 3735 1590 3810 mansitque
1619 3735 1803 3796 intolerabile
1835 3739 1987 3800 servitutis

558 3839 665 3900 lugunt.

602 3922 635 3961 rr
677 3902 784 3962 Emere
804 3895 959 3960 'thuanaeo
978 3891 1108 3959 mit.
1134 3912 1227 3958 anuos
1245 3896 1274 3956 ei
1293 3897 1467 3960 tribuentem
1486 3915 1523 3958 ea
1545 3896 1681 3958 Antonio
1708 3897 1875 3960 observarit
1901 3899 1990 3958 Teia·

558 3985 668 4044 alerius.
