4368 5984
763 441 983 524 PRAEF
997 439 1121 526 ATI
1136 442 1187 524 0.

232 611 425 718 quoque
472 585 666 716 praeest,
700 577 847 678 Petrus
885 581 1095 684 diedericus
1126 655 1142 700 ,
1184 582 1310 678 Comes
1328 581 1692 709 (anmantuus,

224 758 376 859 quem
397 718 550 858 §virum
580 719 808 822 nominare
836 720 1007 828 laudare
1039 758 1119 824 est.
1152 733 1189 822 Is
1212 760 1263 821 ex
1276 719 1496 828 :omnium
1524 721 1692 824 Acade-

228 863 464 964 misorum
497 901 719 980 numero,
756 865 904 968 ceteris
938 854 1141 968 universis
1180 859 1548 1007 suffragantibus,
1583 903 1690 1004 qua-

232 1040 348 1106 tuor·
361 1005 547 1150 delegit,
582 1017 794 1110 Antoniam
819 1005 977 1110 scilicet
996 1015 1200 1112 Murillum
1213 1016 1470 1129 ‚Antonium
1489 1014 1686 1128 narrum,

239 1154 462 1252 casimirum
501 1163 716 1286 Ortegam,
754 1188 797 1253 et
832 1162 1076 1255 Franciscum
1110 1157 1321 1254 Codanum
1353 1227 1370 1271 ‚
1420 1149 1537 1290 queis
1578 1190 1687 1293 opus

230 1288 509 1436 digerendi,
546 1290 816 1410 illustrandi,
854 1295 1012 1398 edendi
1049 1294 1282 1440 negotium
1316 1327 1430 1396 tecte
1464 1294 1686 1400 committi

228 1473 361 1576 posse
392 1471 663 1538 existimavit.
1067 1495 1071 1504 ·

233 1588 238 1682 j
342 1585 671 1720 Peropportune
696 1619 843 1684 autern
859 1661 862 1670 .
880 1581 1067 1701 accidit,
1096 1584 1206 1686 d'um
1244 1582 1350 1686 haec
1385 1581 1681 1824 agitabantur,

236 1754 288 1822 ut
311 1729 539 1824 Frouiscur
560 1730 747 1825 Cerdanus
761 1727 1035 1830 Academiae
1070 1729 1359 1842 renuntiaret,
1388 1726 1506 1828 aiud
1531 1728 1682 1867 Sepul-

236 1859 432 1966 vedanae
456 1865 606 1968 Caroli
633 1876 690 1969 V.
730 1867 946 1970 Historiae
980 1870 1198 2012 exemplar
1228 1872 1275 1972 in
1315 1866 1584 1970 Bibliotheca
1613 1911 1680 1972 as·-

226 2006 585 2110 servari-*somnis
609 2013 902 2150 Torrepalmae,
938 2049 1072 2152 quem
1112 2012 1224 2113 olim
1262 2011 1500 2116 Academia
1537 2031 1681 2116 nostra

225 2153 500 2288 praelectum
537 2147 730 2254 habuisse
760 2152 993 2299 gloriatur,
1032 2157 1155 2296 quod
1184 2166 1269 2291 ejus
1291 2193 1498 2263 successor
1518 2167 1680 2260 e'tnoit

231 2289 385 2392 minus
421 2291 469 2392 in
494 2291 647 2396 litteras
682 2337 916 2438 propensae
947 2297 1191 2398 voluntatis
1208 2338 1345 2439 quam
1378 2297 1516 2398 avitae
1544 2297 1679 2400 laudis

234 2425 358 2532 lr'er'es
378 2435 544 2536 Marciis
562 2439 853 2555 Truxillrnsis,
874 2441 1161 2542 Academicus
1185 2478 1364 2579 quoque
1385 2475 1527 2540 noster
1546 2477 1679 2542 orna·-

225 2572 416 2676 tissimrrs
431 2650 452 2692 ,
476 2578 629 2716 eidem.
663 2619 755 2682 non
772 2669 776 2679 .
792 2583 900 2686 satis·
923 2582 1148 2686 laudanda
1180 2580 1590 2690 liberalitatecessit.

329 2719 424 2839 ¹llis
468 2721 640 2822 auxiliis.
670 2723 969 2866 praesidiisque
1006 2724 1166 2826 muniti
1184 2819 1188 2827 .
1207 2741 1285 2829 nos
1324 2722 1446 2864 operi
1479 2725 1679 2830 accinxi*-

220 2877 329 2960 mus
346 2933 369 2974 ‚
397 2898 442 2963 et
473 2863 610 2964 Allari
636 2875 732 2968 Ms.
759 2866 1041 3006 exemplum,
1072 2869 1194 3006 quod
1231 2862 1517 3008 typographo
1549 2907 1677 2970 com-

230 3001 502 3106 mittendum
523 3042 652 3122 erat,·
668 3047 804 3148 quarn
830 3009 1153 3151 diligentissime
1187 3009 1279 3110 fieti
1313 3008 1489 3149 pontit,
1522 3046 1678 3149 conru-

231 3139 360 3244 lirnus
385 3186 479 3248 nnn
504 3149 780 3290 mod02cum
802 3152 968 3256 Codice
991 3154 1151 3286 (Regio,
1173 3153 1248 3256 sed
1279 3151 1412 3258 etiam
1439 3167 1543 3258 cum
1571 3155 1675 3258 ,Tru-

227 3291 420 3388 xillensi:
446 3289 564 3390 inter
590 3308 713 3430 quos·
723 3303 837 3396 *sane
856 3293 903 3397 id
931 3295 1176 3434 praesertim
1201 3296 1395 3400 interesse¹
1422 3284 1677 3402 discriminis

221 3428 645 3533 animadtiertimus:
684 3432 811 3536 hunc·
840 3473 1001 3576 nempe
1033 3436 1326 3576 antiquiorem
1350 3469 1394 3536 et
1425 3434 1558 3538 veluti
1587 3437 1677 3577 pri-

227 3569 312 3669 mis
346 3570 456 3674 curis
486 3573 755 3678 elaboratum
778 3575 982 3718 plurimas
1017 3579 1200 3682 auctoris
1231 3578 1358 3720 ipsius
1390 3599 1526 3682 manu
1560 3617 1677 3679 non-

228 3711 452 3814 nullorum
502 3714 737 3820 uerbomm
778 3755 821 3822 et
867 3718 1087 3860 phrasium
1128 3720 1462 3826 emendationes.
1494 3757 1593 3858 prae
1633 3761 1674 3824 se

223 3857 369 3954 lette:
395 3855 510 3958 adde
536 3857 669 3962 mam
699 3860 856 4004 integri
889 3868 976 3967 lere
996 3874 1172 3968 XXIX.
1201 3860 1300 3966 libri
1332 3861 1644 3966 correctionem
1653 3919 1674 3977 ›,

221 3996 311 4136 ‚qui
329 3998 384 4096 de
409 3996 532 4100 rebus
551 4001 801 4106 Britannicis
828 4004 946 4145 agit5
976 4040 1146 4146 utpote
1170 4021 1305 4142 quem
1320 4004 1529 4138 Regiualdo
1542 4005 1672 4125 Polo)

225 4143 416 4240 cardinali
426 4212 445 4252 .,
463 4144 790 4246 emendandum
807 4187 832 4246 a
849 4147 1087 4286 Sepulveda
1113 4148 1293 4244 missum
1322 4182 1488 4245 constat
1512 4188 1564 4246 ex
1585 4146 1676 4286 epi-

226 4277 335 4381 stola
354 4291 482 4384 XIV.
501 4281 576 4384 lib.
603 4295 679 4388 VI.
708 4288 809 4388 edit.
839 4323 1024 4388 nostrae:
1053 4286 1178 4388 illum
1207 4327 1313 4390 vero
1346 4289 1545 4427 quamvis
1580 4298 1670 4394 Ger

223 4423 329 4524 nesii
355 4421 487 4526 limae
521 4425 740 4529 nonnullis
773 4427 907 4530 etiam
938 4430 1001 4536 in,
1022 4427 1125 4534 locis
1151 4429 1329 4571 vestigia
1345 4459 1672 4546 ostentantem,

226 4563 363 4707 longe
389 4565 639 4672 nitidiorem
668 4611 787 4688 esse,
831 4613 882 4673 ex
912 4574 1042 4715 priori
1072 4611 1314 4714 expressunt
1344 4607 1387 4675 et
1418 4611 1479 4676 res
1504 4572 1673 4684 Britain

221 4707 342 4812 nitas
375 4708 505 4810 fusius
538 4748 580 4813 et
610 4710 779 4814 uberius
810 4717 1188 4858 complectentem.
1295 4729 1299 4736 ’
1569 4771 1573 4776 ·

333 4849 546 4958 usurus
577 4857 801 4964 conam
828 4858 1093 5138 conpage,
1130 4865 1253 4964 casu
1271 4863 1321 4969 κ.
1342 4867 1548 4966 nunu
1562 4867 1669 5104 κζ.

1049 5045 1074 5106 2
1648 5061 1674 5080 .
