4368 5984
709 393 827 465 Vtra
852 396 1155 468 ET'scRruTa.
1519 407 1614 476 ΙΙΙΙ.

189 519 268 610 lum
285 519 363 640 geri
381 585 393 629 ,
410 518 621 636 praesertim
638 545 660 601 a
687 516 903 606 Christianis
923 580 934 621 ,
964 519 1068 603 nulla
1087 519 1152 604 sibi
1171 522 1314 608 ratione
1333 517 1637 636 placeteasseve·

187 670 273 747 rar,
300 671 380 756 qua
404 641 453 726 de
470 669 511 724 re
535 640 689 754 longam
707 637 819 721 trium
851 638 995 724 dierum
1026 644 1174 722 Romae
1202 643 1241 723 in
1269 641 1455 726 Vaticano
1472 643 1637 728 habitam

184 755 295 843 fuisse
314 759 606 872 disputationem
625 781 928 859 commemorat,
965 783 1100 868 nempe
1129 755 1229 840 illam
1250 759 1297 840 de
1324 759 1490 854 honesta,
1498 762 1547 844 rei
1566 763 1637 844 mi-

184 877 302 961 litaris
330 906 455 960 causa.
485 873 728 987 Sepulveda,
753 871 855 982 cuitu
884 897 1006 988 partes
1023 899 1148 976 tuetur
1165 878 1412 958 Democrates
1430 940 1442 980 ,
1470 880 1539 960 sub
1555 909 1637 993 quo

186 993 345 1079 nomine
381 993 596 1105 scriptorem
613 1015 783 1074 nostrum
810 991 848 1072 in
864 991 939 1075 hoc
964 1014 1123 1075 tractatu
1149 991 1449 1106 designabimus,
1479 995 1638 1081 laudatis

185 1112 287 1225 pacis
303 1110 547 1212 commodis,
577 1131 616 1192 et
633 1107 767 1192 multas
798 1131 836 1192 et
861 1105 1073 1223 frequentes
1094 1109 1269 1194 essebelli
1303 1111 1521 1222 suscipiendi
1551 1142 1638 1198 cau·

187 1258 243 1312 sas
271 1228 485 1330 existimat,
517 1227 557 1312 id
587 1253 680 1312 vero
707 1251 915 1338 numquam
946 1227 1226 1337 expetendum,
1263 1255 1332 1309 nec
1366 1228 1431 1312 nisi
1456 1227 1554 1336 justis
1571 1255 1638 1314 aut

186 1346 303 1430 etiam
329 1345 537 1430 necessariis
561 1341 677 1426 causis
705 1342 980 1454 suscipiendum
997 1339 1184 1447 affirmat,
1213 1369 1331 1457 atque
1355 1345 1405 1428 ita
1422 1347 1528 1430 bonis
1554 1349 1638 1434 viris

186 1463 424 1579 gerendum,
446 1486 489 1547 ut
504 1460 605 1546 bello
628 1459 718 1543 nihil
734 1459 834 1544 aliud
860 1459 926 1542 nisi
951 1487 1021 1572 pax
1036 1459 1202 1576 quaesita
1219 1489 1297 1546 esse
1327 1461 1509 1548 videatur.
1549 1467 1637 1548 usos

187 1589 311 1685 enim,
336 1579 482 1694 inquit,
511 1580 759 1686 uelprnbitas
773 1579 953 1661 hominum
971 1585 1036 1664 vel
1056 1585 1190 1687 religio
1200 1587 1379 1687 pietnsue
1403 1584 1532 1688 justos
1542 1601 1638 1691 pro·

174 1696 269 1803 ferr
294 1701 380 1780 belli
398 1723 564 1801 causus,
588 1699 657 1778 sed
670 1697 853 1780 horminum
868 1701 1010 1780 seelera
1034 1711 1070 1782 el
1095 1695 1264 1803 nefirrine
1281 1703 1534 1807 cupiditates,
1551 1709 1638 1806 qni-

190 1819 266 1900 bus'
277 1821 392 1926 plena
417 1833 478 1900 est
496 1818 676 1901 homiuum
699 1822 824 1920 vita,
849 1829 885 1896 et
904 1823 1128 1900 continenter
1151 1824 1380 1925 exagitatur.
1419 1819 1496 1899 Est
1518 1833 1639 1900 tamen

187 1943 322 2043 optimi
348 1949 385 2017 et
404 1935 554 2017 bornuni
572 1941 767 2042 principis
792 1993 804 2036 ,
830 1933 926 2014 nibil
946 1953 1112 2038 temere,
1141 1936 1236 2017 nihil
1265 1937 1396 2045 cupide
1425 1962 1567 2042 ogere,
1600 1962 1638 2019 o-

185 2079 289 2134 turres
302 2059 417 2161 pacis
436 2059 526 2135 vius
542 2057 771 2156 exquirere,
798 2043 892 2133 nihii
914 2057 1151 2159 inexpertum,
1176 2057 1403 2157 relinquere,
1433 2059 1470 2133 si
1485 2079 1557 2158 quo
1573 2077 1638 2133 ru-

187 2177 288 2252 tione
298 2177 425 2278 possit
447 2177 548 2252 citra
571 2168 700 2264 bellurn
719 2170 938 2274 injustorum
969 2185 1006 2249 et
1032 2176 1319 2276 importunarum
1347 2171 1525 2252 lominum
1541 2173 1636 2277 inju-

187 2293 500 2394 reuerentiae,
523 2311 571 2369 ac
591 2289 811 2394 populorum
827 2309 917 2365 suoe
932 2279 1033 2380 fider·
1048 2292 1321 2369 commissorum
1340 2290 1458 2367 soluti
1479 2301 1517 2367 et
1544 2313 1638 2368 com-

192 2406 313 2486 modis
323 2411 572 2517 prospicere,
600 2399 801 2508 ffficioque
817 2426 882 2482 suo
910 2399 1152 2506 sotisfircere.
1183 2402 1267 2484 Sed
1287 2409 1325 2483 si
1354 2411 1474 2486 omnio
1499 2421 1637 2509 exper-

189 2533 258 2602 tus
284 2522 383 2602 nihil
400 2519 634 2628 profecerit,
658 2534 695 2601 et
718 2544 826 2601 suam
851 2524 1074 2623 aequitatem
1098 2545 1144 2602 ac
1170 2519 1450 2628 moderationem
1485 2522 1639 2628 injusto.-

189 2663 276 2722 rum
300 2638 481 2724 hominum
506 2637 687 2745 superbia
710 2651 747 2718 et
763 2638 1001 2742 improbitate
1020 2642 1198 2742 superam·
1227 2639 1402 2739 uiderit,
1430 2643 1564 2719 sumtis
1579 2662 1638 2718 ar·

190 2761 294 2857 mis,
325 2756 423 2838 nihil
435 2770 521 2859 est,
555 2777 600 2837 ne
614 2767 749 2838 temere
767 2767 833 2836 aut
852 2755 993 2862 injuste
1014 2755 1143 2836 beilum
1164 2778 1298 2862 gerere
1322 2756 1498 2836 uideatur
1513 2813 1526 2860 ,
1543 2757 1640 2860 quod

190 2887 355 2958 metm
375 2881 517 2981 possit.
1568 2879 1569 2885 ‘

284 2993 390 3074 Tum
415 3015 459 3076 ut
488 2989 539 3075 ad
557 2990 787 3104 propositam
802 2990 1061 3106 quaestionem
1080 2989 1232 3105 propius
1254 2989 1506 3092 deveniatur,
1534 3017 1639 3072 suam

192 3106 235 3192 in
252 3107 427 3192 medium
442 3105 587 3222 profert
601 3106 873 3194 dubitationem
888 3106 1104 3221 Leopoldus
1122 3165 1137 3210 ,
1167 3135 1215 3193 ne
1231 3135 1311 3191 non
1327 3108 1411 3190 satis
1433 3105 1553 3213 iuste,
1578 3105 1639 3219 pie

190 3249 234 3310 et
252 3223 459 3310 Christiane
482 3225 640 3339 Hispani
656 3226 797 3310 bellum
813 3224 878 3309 illis
893 3225 1105 3311 hominibus
1123 3221 1245 3336 (indis
1262 3221 1427 3331 scilicet)
1452 3223 1636 3326 innocuis,

192 3343 248 3426 de
265 3341 450 3456 nullisque
468 3342 564 3426 male
582 3343 717 3427 meritis
749 3341 967 3428 intulissent.
999 3347 1060 3426 De
1077 3342 1151 3426 hoc
1166 3341 1307 3456 igitur,
1335 3341 1450 3454 iisque
1465 3337 1637 3424 similibus

193 3458 329 3563 bellis,
353 3487 455 3574 quae
486 3459 586 3543 nulla
610 3459 853 3562 necessitate,
876 3460 942 3545 sed
967 3457 1121 3544 consilio
1142 3459 1341 3572 quodam,
1366 3456 1427 3546 vel
1446 3457 1571 3569 potius
1598 3454 1638 3539 li·

197 3575 327 3690 bidine
352 3601 393 3690 et
412 3577 616 3690 cupiditate
629 3575 755 3682 fiunt,
779 3575 871 3691 quid
889 3576 1036 3663 sentiret
1058 3573 1300 3662 Democrates
1331 3633 1345 3680 ,
1374 3574 1466 3659 scire
1487 3573 1639 3685 cupiens

194 3693 449 3810 Leopoldus,
479 3719 598 3812 utque
623 3695 754 3780 eadem
771 3721 887 3809 opera
905 3722 1037 3779 omnes
1067 3693 1134 3778 sibi
1156 3722 1287 3778 causae
1306 3750 1320 3796 ,
1339 3692 1473 3806 quibus
1498 3689 1638 3774 bellum

196 3810 294 3920 juste
317 3812 448 3927 suscipi
470 3836 595 3928 posset
624 3873 636 3912 ‚
660 3813 962 3928 explicarentur,
991 3809 1172 3899 nonnulla
1196 3809 1408 3897 summatim
1443 3835 1488 3892 ex
1516 3804 1638 3920 priore

192 3927 258 4014 illa
275 3930 391 4044 paulo
422 3956 512 4017 ante
529 3955 737 4018 memorata
763 3931 1014 4044 disputatione
1030 3931 1238 4043 repetenda
1254 3925 1477 4040 expostulat.
1498 4032 1500 4034 Ι

287 4049 532 4135 Democrates
549 4110 563 4155 ,
592 4072 636 4134 ut
653 4077 796 4135 morem
813 4047 1026 4136 adversario
1058 4071 1182 4161 gerat,
1219 4069 1428 4157 omnesque
1444 4035 1641 4126 alirunas

195 4189 256 4250 tes
284 4165 415 4279 procul
438 4191 645 4272 amoveat,
669 4167 792 4282 primo
809 4166 896 4252 loco
912 4165 1003 4249 illud
1022 4162 1150 4246 statuit
1168 4158 1409 4273 principium:
1428 4251 1431 4256 ,
1441 4160 1644 4268 Quidquid

185 4281 361 4394 jurefir,
384 4311 448 4367 seu
462 4292 541 4392 lege
568 4301 761 4387 naturae,
789 4287 832 4365 id
851 4287 941 4390 jure
959 4305 1095 4386 quoque
1112 4274 1346 4375 diuinofieri
1362 4293 1400 4358 et
1423 4283 1501 4384 lege
1524 4297 1639 4356 euon-

190 4405 332 4507 gelico.
364 4401 511 4487 Deinde
538 4402 587 4488 ad
619 4430 665 4485 ea
686 4400 887 4514 respondet
904 4425 1027 4514 ,quae
1045 4425 1092 4482 ex
1116 4394 1313 4512 evangelio
1338 4393 1458 4478 solent
1485 4389 1639 4497 adduci,

195 4516 263 4601 ubi
291 4515 461 4603 Christus
477 4548 547 4603 nos
573 4517 706 4628 jubet,
738 4547 786 4603 ue
805 4518 906 4602 malo
927 4514 1163 4619 resistamus,
1195 4537 1314 4628 utque
1329 4509 1545 4625 percutienti
1561 4538 1640 4592 ma·

195 4633 322 4718 xillum
339 4666 456 4720 tutam
482 4659 520 4720 et
541 4636 693 4721 alteram
727 4632 931 4721 feriendam
965 4662 1225 4746 exponamus,
1249 4655 1288 4715 et
1319 4628 1483 4712 tunicam
1509 4625 1639 4711 tollere

198 4751 344 4837 volenti
364 4753 594 4838 dimittamus
621 4779 659 4838 et
684 4753 849 4866 pallium.
883 4751 985 4836 Hinc
1014 4748 1064 4835 ad
1093 4747 1346 4862 explicandam
1379 4744 1505 4859 legum
1531 4768 1641 4874 natu·

196 4869 329 4956 talium
351 4871 431 4959 vim
446 4871 763 4962 etauctoritatem
783 4859 1641 4992 descendit‚lquatumjudiciumnonaChrr
1765 4955 1768 4960 ¹

654 5039 660 5042 -
1559 4998 1642 5062 Sila·

924 5089 937 5124 Ι·
