4298 5980
558 427 647 522 266
949 445 1036 531 DE
1073 444 1274 528 REBUS
1321 442 1542 529 GESTIS
1588 470 1590 485 ¹

519 611 657 714 latum
700 603 782 707 est'
808 597 1129 709 Germanorum
1167 600 1419 744 quosdam,
1456 599 1536 742 qui
1572 635 1651 699 nec
1687 591 1782 702 sine
1816 594 1993 745 stipen-

519 755 597 856 dio
633 747 822 852 militare
858 751 1061 870 vellent,
1108 786 1153 851 et
1189 745 1454 847 calamitates
1491 779 1535 846 et
1570 747 1843 846 commeatus
1877 749 1993 850 ino-

519 899 642 1041 piam
678 893 789 996 fette
824 933 915 995 non
954 924 1129 1036 possent
1164 891 1295 1026 (nam
1341 929 1452 1033 panc
1495 889 1747 1008 dumtaxat,
1789 889 1834 990 et
1870 931 1989 1036 aqua

517 1051 612 1176 jam
647 1039 858 1144 exercitus
895 1037 1176 1140 Caesarianus
1211 1032 1432 1172 alebatur)
1466 1071 1543 1176 pet
1567 1033 1852 1135 clandestinos
1881 1076 1986 1140 nun·

520 1185 608 1285 tios
663 1219 706 1286 et
760 1182 999 1326 legationes
1047 1175 1150 1283 cum
1201 1180 1337 1282 Gallis
1382 1178 1437 1278 de
1487 1179 1667 1282 transitu
1714 1179 1763 1280 in
1806 1178 1987 1285 illorum

519 1363 655 1430 castra
691 1322 878 1470 pacisci.
916 1336 1055 1461 Cujus
1091 1326 1153 1428 rei
1182 1324 1459 1426 occasionem
1490 1323 1770 1467 quaerentes,
1805 1360 1850 1426 et
1877 1325 1985 1428 alios

521 1513 602 1574 suo
640 1472 797 1574 scelere
833 1471 1136 1574 contaminare
1171 1469 1394 1612 cupientes
1439 1503 1604 1568 ceteros
1649 1477 1897 1572 Germanos
1930 1473 1986 1574 ad

520 1615 698 1750 injurias
733 1613 1024 1732 inducebant.
1071 1617 1155 1720 His
1197 1615 1320 1716 enim
1364 1609 1616 1715 auctoribus
1656 1615 1868 1716 Germani
1908 1655 1985 1757 per

522 1764 710 1904 speciem
745 1763 838 1864 vini
874 1795 918 1863 et
953 1760 1112 1901 reliqui
1146 1792 1420 1862 commeatus
1457 1757 1712 1900 inquirendi
1756 1757 1808 1859 in
1852 1799 1984 1900 quas·
2131 1821 2132 1886 1

520 1945 715 2046 cumque
752 1906 935 2028 domos,
966 1939 1010 2004 et
1045 1904 1349 2047 Hispanorum
1387 1943 1437 2002 ac
1472 1902 1685 2004 Italorum
1708 1899 1895 2044 hospitia
1919 1903 1982 2003 li-
2131 1897 2132 1904 Ν

521 2043 685 2148 buisset
720 2046 993 2189 irrumpere,
1023 2081 1180 2147 cuncta
1214 2048 1439 2188 deripere,
1465 2083 1509 2148 et
1545 2088 1571 2147 a
1607 2046 1727 2147 nullo
1762 2045 1981 2147 maleficio

521 2224 766 2332 temperare
801 2226 1060 2332 coeperunt.
1097 2192 1236 2308 Quod
1271 2192 1464 2334 Hispani
1499 2193 1630 2327 (nam
1661 2189 1800 2291 Italici
1824 2191 1980 2293 milites

521 2338 578 2434 ad
614 2373 826 2478 magnam
851 2329 1131 2476 ‘paucitatem
1167 2337 1459 2470 devenerant,
1484 2336 1650 2478 quippe
1685 2375 1739 2434 ex
1775 2375 1848 2435 sex
1884 2335 1980 2433 mil-

413 2471 419 2480 ’
520 2476 635 2580 libus
671 2473 876 2619 quotidie
911 2476 1154 2579 dilabentes
1199 2482 1256 2580 ad
1292 2480 1367 2579 vix
1401 2515 1614 2580 trecentos
1646 2478 1811 2580 redacti
1842 2483 1978 2614 erant)

521 2622 773 2721 communis
809 2619 951 2720 salutis
994 2659 1120 2723 causa
1155 2624 1369 2764 patienter
1403 2617 1603 2725 ferebant
1631 2699 1647 2742 ‚
1680 2661 1737 2722 ne
1781 2622 1973 2764 ipsorum

520 2799 679 2865 mutua
714 2764 864 2866 caedes
899 2796 944 2864 et
979 2762 1196 2868 discordia
1236 2765 1359 2869 fieret
1398 2765 1627 2869 Gallorum
1661 2766 1866 2876 occasio,
1894 2766 1978 2867 do-

521 2944 603 3005 nec
637 2905 792 3008 eadem
827 2907 1074 3012 temeritate
1107 2910 1284 3052 impulsi
1318 2911 1528 3014 Germani
1563 2911 1613 3011 in
1648 2912 1865 3032 domum,
1892 2951 1979 3054 qua

520 3052 761 3152 Fernandus
796 3052 986 3154 Alarcon
1024 3054 1365 3179 diversabatut,
1407 3053 1697 3199 ittumpentes
1743 3057 1893 3158 decem
1935 3089 1977 3154 et

522 3227 692 3332 septem
726 3192 985 3297 bominibus
1022 3198 1186 3338 partim
1214 3193 1273 3300 ex
1310 3199 1561 3301 domesticis
1582 3279 1597 3322 ,
1616 3197 1781 3341 partim
1814 3217 1866 3300 e'x
1897 3197 1975 3298 mi·

517 3333 701 3457 litibus,
741 3338 823 3478 qui
860 3379 948 3440 sese
984 3340 1247 3444 intrantibus
1283 3340 1538 3478 objecerant
1553 3422 1569 3467 ‚
1606 3343 1790 3446 concisis
1835 3377 1978 3445 totam

520 3477 708 3582 domum
745 3481 1050 3623 diripuerunt,
1070 3486 1146 3587 vix
1181 3488 1399 3590 Alateone
1434 3488 1554 3631 ipso,
1584 3489 1663 3632 qui
1695 3529 1749 3588 ex
1774 3485 1979 3590 vulnera-

520 3655 570 3722 to
606 3661 729 3724 crure
764 3622 1032 3749 laborabat,
1066 3623 1182 3731 ferro
1217 3668 1349 3775 atque
1392 3632 1592 3774 ipsorum
1632 3633 1837 3734 manibus
1884 3668 1978 3731 ere-

517 3801 631 3905 pto,
650 3768 723 3867 cui
759 3770 913 3890 turris,
935 3811 1025 3915 qua
1059 3776 1186 3876 aedes
1224 3772 1566 3899 muniebantur,
1601 3774 1821 3919 praesidio
1861 3773 1977 3876 salu-

520 3908 646 4050 tique
681 3907 799 4023 fuit3
835 3911 923 4018 buc
959 3915 1079 4020 enim
1114 3916 1304 4024 sublatus
1341 3963 1366 4023 a
1402 3920 1489 4023 suis
1531 3919 1578 4024 in
1624 3962 1681 4024 eo
1722 3917 1979 4023 discrimine

518 4091 607 4154 sese
644 4057 836 4198 recepit.
1825 4081 1827 4086 ’

589 4207 741 4302 ΧΧΧ.
815 4209 951 4304 Tunc
986 4241 1093 4309 veto
1129 4207 1364 4354 Hispanis,
1400 4208 1587 4314 consilio
1624 4247 1698 4356 per
1735 4201 1979 4349 praefectos

519 4345 881 4470 communicato,
915 4383 1007 4450 tam
1041 4350 1266 4494 insignem
1302 4358 1615 4460 contumeliam
1651 4389 1696 4456 et
1723 4351 1976 4494 indignita-

519 4515 613 4583 tem
655 4495 1067 4635 Germanorumque
1109 4501 1408 4641 arrogantiam
1432 4493 1639 4600 minime
1666 4495 1871 4635 ¹amplius
1905 4488 1976 4591 fe·-

516 4628 701 4732 rcndam
737 4630 865 4755 ratis,
887 4672 1040 4782 omnes
1077 4676 1250 4786 paratos
1285 4680 1372 4742 esse
1407 4637 1569 4782 placet,
1597 4675 1648 4743 ut
1673 4638 1822 4779 siquid
1843 4669 1978 4797 praej

516 4805 633 4878 terea
668 4775 752 4879 tale
787 4787 1000 4888 Germam
1035 4813 1322 4909 conarentur,
1350 4823 1474 4894 suam
1509 4783 1771 4931 dignitatem
1807 4813 1977 4884 cuncus

1897 4959 1971 5024 ra-
