4294 5984
282 623 405 768 Jo.
454 606 851 813 osuulsu
909 443 1609 749 snuuivuoau39

490 885 613 1000 oa
671 879 949 992 nauus
1001 883 1329 993 carris

271 1122 876 1291 CAROLI
960 1121 1534 1312 QUINTI

353 1438 784 1526 IMPERATORIS
816 1436 895 1518 ET
914 1438 1088 1521 REGIS
1119 1447 1444 1528 HISPANIAE

580 1781 795 1887 mauu
847 1781 1222 1916 QUINTUS.

198 2069 232 2158 1.
267 1985 410 2175 EA,
435 2092 547 2196 quae
577 2084 721 2152 secuta
748 2086 831 2170 est,
861 2084 1049 2172 aestate,
1075 2054 1156 2193 qui
1180 2047 1264 2156 fiair
1286 2095 1423 2158 annus
1457 2051 1905 2170 Christinmmmaxm.

162 2199 420 2301 millesimus
474 2193 850 2338 quingentesimus
903 2195 1141 2336 vigesimus
1199 2199 1386 2319 tertius,
1447 2203 1633 2308 Carolus

161 2381 270 2442 cum
304 2341 474 2483 populo
499 2351 677 2440 Veneto
712 2337 984 2457 amicitiam,
1020 2334 1214 2479 bellique
1249 2343 1505 2444 societatem
1541 2346 1628 2446 ini-

161 2485 266 2602 vit,
309 2525 423 2625 quae
467 2481 534 2582 his
576 2482 859 2622 potissimum
904 2479 1237 2584 conditionibus
1283 2484 1526 2604 convenit,
1574 2525 1626 2592 ut

159 2626 365 2768 peditum
400 2667 472 2728 sex
511 2625 739 2745 millium,
780 2623 981 2767 equitum
1023 2663 1130 2728 vcro
1172 2624 1290 2726 mille
1333 2628 1624 2736 ducentorum

159 2770 324 2872 auxilio
377 2771 482 2874 alter
523 2771 708 2871 alterum
748 2779 946 2902 juvaret,
987 2769 1022 2869 si
1063 2769 1163 2911 quis
1206 2809 1359 2872 eorum
1403 2771 1451 2873 in
1501 2776 1622 2878 Italia

159 2910 277 3016 bello
317 2910 433 3018 foret
477 2914 726 3016 lacessitus.
778 2919 870 3013 Arx
921 2951 1103 3056 quoque
1151 2914 1496 3016 Mediolanensis
1544 2956 1622 3057 per

158 3057 436 3161 deditionem
471 3058 519 3160 in
554 3053 766 3159 Francisci
802 3051 1016 3176 Sfortiae,
1052 3058 1503 3202 Caesarianorumquc
1540 3097 1624 3202 po-

158 3235 361 3304 testatem
402 3199 628 3343 pervcnit‚
670 3197 920 3301 custodibus
967 3199 1128 3340 partim
1169 3203 1330 3304 morbo
1373 3199 1620 3324 absumtis,

155 3346 323 3485 partim
369 3386 521 3448 morae
568 3344 712 3447 taedio
740 3421 759 3463 „
813 3343 1055 3486 inopiaque
1105 3343 1374 3446 cibariorum
1422 3344 1618 3450 adactis.

155 3495 239 3589 Per
265 3489 314 3590 id
348 3524 524 3632 tempus
552 3499 725 3590 Romae
750 3489 1000 3588 Ludovicus
1026 3486 1236 3590 Corduba
1262 3499 1468 3590 Suesanus
1493 3499 1618 3608 Dux,

156 3633 310 3736 Caroli
343 3634 536 3736 Caesaris
573 3631 718 3734 vicem
753 3630 803 3730 in
836 3630 957 3731 Italia
992 3633 1176 3774 gerentis
1218 3633 1380 3754 titulo,
1423 3633 1619 3763 ejusdcm

158 3775 378 3918 legatione
414 3780 531 3922 apud
566 3775 815 3877 Adrianum
854 3787 1030 3878 Sextum
1069 3775 1329 3879 Pontificem
1367 3775 1619 3878 Maximum

158 3913 446 4060 fimgebarur.
485 3920 581 4037 Qui
616 3959 720 4022 cum
754 3919 1006 4062 religiosum
1043 3917 1329 4036 Pontificem,
1371 3953 1416 4016 et
1456 3954 1481 4015 a
1521 3914 1620 4019 bel-

160 4058 214 4158 lis
250 4059 588 4184 abhorrentem,
623 4059 778 4165 snrstra
813 4062 963 4164 multis
998 4062 1112 4180 viis,
1148 4058 1436 4201 precibusque
1471 4053 1619 4160 ruisset

158 4200 358 4325 adortus,
393 4239 443 4308 ut
477 4245 581 4308 cum
616 4207 781 4308 Carolo
817 4219 997 4307 Caesare
1033 4202 1136 4305 belli
1171 4204 1426 4306 societatem
1462 4202 1616 4322 iniret;

156 4348 338 4448 tandem
373 4349 600 4480 justitiae,
628 4387 679 4448 ac
715 4347 955 4448 honestatis
992 4349 1133 4492 specie
1168 4351 1364 4490 quadam
1399 4384 1616 4488 expugna

154 4491 251 4611 vit,
279 4491 387 4590 dum
413 4492 668 4593 societatem
700 4500 791 4624 ejus
820 4530 913 4593 non
937 4503 1027 4625 jam
1060 4495 1117 4594 ad
1151 4491 1315 4594 bellurn
1351 4492 1614 4634 gerendum,

156 4635 231 4733 scd
266 4637 323 4735 ad
359 4636 566 4737 tuendam
600 4673 754 4779 pacem
791 4676 834 4735 se
868 4637 1021 4738 Caroli
1061 4638 1254 4740 Caesaris
1301 4636 1484 4737 nomine
1530 4673 1613 4774 pe·

157 4811 249 4878 tere
284 4778 524 4883 dictitaret.
550 4792 760 4924 Impetrat
790 4779 924 4920 igitur
952 4777 1009 4880 ab
1035 4820 1091 4879 eo
1105 4856 1120 4897 ‚
1134 4807 1139 4814 '
1154 4814 1203 4878 ut
1232 4780 1482 4881 societatem
1507 4816 1610 4880 curn

1161 4935 1186 5024 S
1207 4964 1231 5021 a
1521 4931 1613 5018 Ca-
