4294 5972
547 477 790 564 canom
833 479 886 561 u.
930 481 1040 562 un.
1085 488 1161 564 rx.
1472 493 1559 592 295

140 653 303 761 Luna,
340 635 419 784 qui
454 637 764 780 Fontidognis,
803 638 1030 740 Gutierrus
1067 640 1298 765 Quixada,
1345 639 1426 787 qui
1461 647 1607 752 Villa-

139 788 337 930 garciae,
376 784 621 886 Franciscus
658 783 875 904 Osorius,
913 784 993 926 qui
1029 785 1382 930 Valdonquillo,
1419 793 1605 898 Alvatus

140 941 305 1053 Luna,
345 931 427 1075 qui
462 943 675 1071 Cornago
713 927 892 1029 castellis
928 928 1273 1070 imperitabant.

212 1089 329 1180 XIII.
410 1074 583 1176 Eodem
629 1109 831 1213 tempore
873 1071 1094 1175 Eleonora
1130 1077 1344 1220 Regina,
1394 1114 1445 1181 ut
1504 1123 1608 1186 cum

137 1223 322 1364 Regulis
359 1220 407 1322 in
443 1217 631 1322 Galliam
667 1217 980 1338 contenderet,
1032 1220 1250 1322 Madritio
1293 1218 1489 1363 profecta
1551 1231 1611 1328 ad

135 1363 484 1467 Comestabilem
520 1362 747 1504 pervenit.
793 1372 854 1482 Is,
891 1363 1044 1464 ceteris
1080 1403 1183 1466 cum
1220 1366 1487 1472 Marchione
1522 1366 1611 1472 fra-

137 1547 204 1613 tre
253 1547 296 1612 et
332 1508 554 1613 nobilium
590 1506 790 1608 virorum
826 1506 1043 1608 comitatu
1080 1509 1269 1634 relictis,
1305 1554 1349 1614 se
1401 1515 1611 1658 subsequi

137 1692 182 1760 et
218 1657 275 1756 ad
316 1659 507 1755 Puellam
561 1660 803 1790 Arganzonis
857 1691 957 1751 suae
1001 1651 1185 1754 ditionis
1231 1659 1487 1800 oppidum,
1528 1664 1611 1760 do⁴

137 1839 220 1901 nec
256 1801 385 1902 rebus
420 1791 635 1899 confectis
682 1832 816 1936 atque
854 1794 1013 1938 paratis
1049 1834 1376 1923 evocarentur,
1406 1804 1610 1905 consiste·

136 1985 186 2047 re
223 1941 469 2086 praecipita
506 1942 600 2082 ipse
635 1939 877 2071 majoribus
921 1939 1150 2042 itineribus
1185 1945 1239 2045 ad
1275 1944 1428 2050 locum
1470 1948 1611 2049 desti-·

137 2124 333 2207 natum,
371 2125 465 2228 quo
503 2083 635 2185 ceteri
670 2081 826 2225 Legati
861 2119 1190 2205 convenerant,
1227 2126 1331 2187 cum
1368 2093 1516 2229 paucis
1545 2092 1611 2193 ite

137 2233 360 2376 perrexit,
400 2226 684 2371 substititque
722 2227 778 2328 ad
812 2226 1146 2336 Fonterabiam3
1204 2270 1310 2334 nam
1346 2235 1482 2375 Regis
1517 2244 1608 2333 Le„

77 2497 78 2502 ,
138 2378 236 2521 gari
271 2378 328 2477 ad
372 2384 625 2509 Bajonam,
671 2409 714 2473 et
751 2407 943 2473 extrema
979 2373 1128 2514 Regni
1170 2369 1501 2476 constiterant,
1526 2381 1611 2478 Sed

140 2523 342 2662 primurn
377 2519 610 2658 utrinque,
654 2515 734 2656 qui
770 2517 956 2616 salutem
992 2518 1247 2619 nuntiarent
1290 2519 1612 2620 renuntiarent-

141 2705 261 2807 que,
299 2663 452 2783 missi,
486 2662 646 2764 deinde
683 2660 796 2760 Galli
832 2661 917 2801 ipsi
952 2659 1258 2763 Fonterabiam
1284 2665 1341 2763 ad
1376 2676 1612 2767 Comesta-

139 2807 280 2911 bilem
329 2805 547 2909 salutandi
595 2803 972 2947 colloquendique
1025 2805 1198 2948 gratia,
1252 2807 1360 2908 dum
1421 2808 1609 2949 pecunia

139 2949 420 3071 convehitur,
456 2947 700 3092 progressi.
746 2949 902 3049 Tertio
944 2949 1126 3052 demum
1163 2990 1309 3051 mense
1345 2989 1496 3054 coacta
1531 2993 1611 3094 pe·

139 3096 275 3199 cunia
317 3097 533 3236 rebusque
570 3092 848 3211 constitutis,
884 3127 934 3194 ut
968 3090 1082 3195 fraus
1119 3095 1264 3195 omnis
1306 3093 1510 3221 abesset,
1553 3097 1611 3196 ad

141 3241 461 3344 numerandam
501 3238 906 3380 explorandamque
957 3238 1192 3379 pecuniam
1245 3277 1348 3341 cum
1402 3239 1613 3340 metallo*

142 3424 242 3488 rum
277 3384 427 3526 peritis
479 3424 531 3482 ex
568 3380 787 3522 Hispania
837 3380 1082 3523 Belgioque
1129 3384 1322 3484 evocatis
1370 3395 1610 3519 Bajonam,

141 3565 194 3632 ut
229 3571 255 3630 a
296 3527 462 3630 Carolo
504 3521 644 3628 literar
684 3523 988 3665 imperatum,
1030 3527 1216 3630 Alvarus
1262 3537 1413 3672 Lugus
1455 3527 1611 3627 missus
1667 3521 1671 3526 ’

143 3710 206 3778 est
222 3751 238 3793 ,
273 3673 343 3773 vir
378 3670 508 3772 domi
545 3667 708 3772 nobilis
745 3707 789 3770 et
826 3705 1043 3790 strenuus,
1084 3711 1165 3772 nec
1196 3672 1339 3773 solum
1366 3674 1422 3771 ad
1450 3705 1610 3773 ceteras

143 3857 211 3916 res
254 3818 503 3959 gerendas,
548 3817 622 3916 sed
659 3812 796 3917 etiam
841 3817 899 3916 ad
934 3814 1135 3915 civitates
1177 3815 1511 3933 moderandas,
1556 3845 1608 3914 ut

145 3958 269 4060 claris
313 3959 593 4062 documentis
630 3958 853 4080 ostendit,
890 3959 1161 4100 aptissimus.

217 4113 343 4206 XIV.
418 4101 644 4206 Omnibus
687 4101 815 4204 rebus
857 4101 1158 4241 compararis,
1211 4097 1375 4243 Reguli
1419 4137 1614 4201 evocan⁴

145 4285 247 4368 tur,
284 4288 396 4388 quos
432 4247 667 4365 tradendi,
703 4246 923 4386 simulque
962 4244 1166 4386 pecunias
1202 4281 1247 4346 et
1284 4245 1506 4387 scripturas
1540 4283 1611 4344 te-

148 4391 345 4532 cipiendi
381 4389 488 4491 haee
526 4388 639 4491 ratio
676 4389 786 4488 inita
821 4386 908 4488 fuit
943 4398 1213 4531 Legatorum
1248 4429 1484 4491 consensu.
1538 4389 1614 4487 Est

146 4575 287 4678 prope
333 4533 640 4635 Fonterabiarn
686 4532 799 4632 inter
850 4531 964 4634 hanc
1008 4567 1051 4633 et
1095 4545 1309 4666 Bajonam
1351 4529 1630 4636 aestuarium·

146 4677 336 4783 fluminis
374 4681 538 4798 instar,
578 4677 681 4778 ltinc
724 4676 1031 4817 Hispaniam,
1081 4677 1203 4779 illinc
1245 4679 1436 4778 Galliam
1477 4675 1613 4776 attin-

147 4859 282 4962 gens.
320 4841 368 4930 In
404 4823 534 4960 hujus
569 4817 662 4923 fere
698 4821 849 4922 medio
886 4821 1086 4922 navicula
1112 4820 1390 4924 constituitur
1424 4855 1608 4965 superne

1551 4997 1615 5060 ta-
