4298 5980
569 499 900 584 CAROL1·v.
950 499 1060 582 nn.
1103 499 1187 584 rr.
1491 497 1578 607 '¹79

160 630 306 774 tamen
326 655 573 804 *respondit
583 661 769 804 :Legat'o
784 723 810 780 ,·
838 694 1008 762 utnon
1035 665 1190 800 parurn
1224 667 1268 760 'et
1293 656 1493 763 oratione
1523 703 1621 767 mo÷

157 851 246 935 tus,
285 845 331 912 et
367 805 573 950 pollicitis
610 840 761 946 captus
797 844 881 906 esse
916 804 1163 912 videreturr
1190 807 1264 903 sed
1298 808 1360 907 rei
1395 809 1619 951 magnitu-

157 958 264 1057 dine
302 996 352 1054 ac
389 946 648 1051 difficultate
674 947 902 1068 deterreri,
939 985 1010 1067 ut,
1044 987 1119 1089 spe
1155 941 1406 1050 defectionis
1434 954 1618 1083 injecta,

156 1132 317 1200 cuncta
349 1093 579 1195 Pontificis
610 1093 797 1193 'consilia
830 1093 1110 1225 commodius
1136 1093 1401 1236 exploraret,
1432 1097 1513 1235 qui
1548 1141 1617 1199 so·

158 1243 219 1342 cii
241 1236 582 1382 'conspirationis
614 1271 782 1350 essent,
841 1237 901 1336 ui·
924 1235 1027 1340 belli
1061 1275 1308 1380 apparatus,
1339 1240 1616 1380 perdisceret.

156 1396 323 1488 Curam
360 1423 485 1496 esse,
519 1379 661 1500 dixit,
697 1276 1019 1520 peroificiosam
1039 1387 1072 1503 ,'
1091 1420 1136 1482 et
1171 1380 1371 1485 laborem
1405 1381 1618 1487 honestis·-

162 1526 353 1646 simum,
397 1562 440 1626 et
485 1522 657 1624 nemini
703 1523 801 1625 viro
850 1524 994 1667 probo
1043 1529 1364 1647 recusandum,
1411 1529 1616 1670 quicum.

144 1709 246 1810 'que
315 1711 365 1769 ro
401 1670 568 1769 Patriae
605 1663 804 1769 libertate
840 1670 1151 1810 susciperetur:
1184 1673 1257 1772 sed
1293 1670 1458 1773 bellum
1494 1713 1616 1815 para-

111 1910 113 1914 .
157 1814 195 1913 ri
223 1711 560 1930 dillicillimum,
590 1849 656 1933 et,
691 1813 774 1914 nisi
802 1814 1002 1915 maximis
1031 1813 1192 1958 opibus
1224 1816 1617 1940 administraretur,

159 1950 347 2077 frustra,
383 1961 516 2097 atque
552 1960 665 2058 adeo
707 1993 803 2056 tam
847 1957 1100 2057 florentibus
1144 1958 1296 2060 Caroli
1336 1957 1466 2061 rebus
1512 2001 1617 2066 cum

158 2137 393 2200 auctorum
430 2138 597 2240 magno
634 2098 828 2240 periculo
865 2093 1092 2200 firturum.
1674 2219 1677 2226 Ι

211 2253 291 2342 ΙΧ.
350 2241 436 2342 His
471 2241 649 2360 auditis,
686 2252 938 2361 Moronus,
973 2279 1023 2344 ut
1058 2243 1105 2342 in
1142 2243 1358 2344 mandatis
1394 2243 1616 2365 habebat,

158 2383 409 2487 existimans
458 2384 676 2487 voluntati
719 2385 992 2486 Marchionis
1028 2382 1140 2484 nihil
1189 2384 1335 2504 aliud,
1376 2427 1512 2528 quam
1554 2391 1618 2494 rei

157 2523 465 2627 difficultatem
506 2525 695 2637 obesse;
736 2565 787 2628 ut
831 2570 929 2630 earn
977 2526 1346 2668 expeditissimam
1396 2570 1483 2632 esse
1536 2533 1617 2631 de-

156 2706 457 2791 monstraret,
499 2673 641 2772 socios
691 2673 892 2774 nominat
941 2671 1275 2814 conspirationis
1323 2671 1617 2791 Pontificem,

158 2821 389 2934 Venetos,
434 2815 744 2936 Florentinos,
788 2851 833 2916 et
870 2817 1142 2917 Franciscum
1192 2806 1397 2916 Sfortiam
1442 2831 1617 2921 Ducem

157 2957 537 3059 Mediolanensem
587 3002 639 3062 ex
682 2957 824 3080 Italis,
865 2994 1075 3101 practerea
1111 2958 1357 3060 Henticum
1392 2959 1618 3062 Britanno·

158 3135 259 3200 rum
294 3111 498 3242 Regem,
533 3141 807 3247 regnumque
843 3105 1039 3213 Galliaer
1087 3141 1191 3202 nam
1227 3140 1377 3204 contra
1411 3100 1617 3208 barbaros

159 3244 454 3344 commodum
489 3287 575 3348 esse
611 3245 890 3348 barbarorum
926 3245 1085 3389 opibus
1122 3242 1279 3364 abuti,
1316 3279 1365 3348 ut
1398 3246 1616 3385 potentio

158 3385 278 3487 ribus
304 3387 426 3486 ltalia
468 3389 598 3527 pulsis
648 3392 777 3493 ceteri
810 3389 927 3492 bello
958 3389 1092 3492 attriti
1127 3383 1291 3491 facilius
1316 3388 1615 3493 excludantur.

154 3527 233 3630 'Ad
260 3569 308 3632 ea
333 3530 539 3632 Marchio
563 3537 842 3636 commodius
870 3537 982 3637 tanti
1014 3539 1232 3636 momenti
1265 3533 1498 3676 negotium
1532 3535 1615 3632 do-

156 3671 224 3772 mi
258 3675 434 3775 tractari
469 3715 595 3817 posse
641 3681 745 3779 cum
781 3680 984 3800 dixisset,
1026 3680 1330 3784 discesserunt3
1355 3675 1461 3776 haec
1497 3675 1616 3778 enim

156 3816 404 3917 Mediolani
437 3819 485 3920 in
520 3861 649 3942 area,
726 3862 808 3922 uae
843 3857 905 3921 est
940 3859 1038 3926 anre
1086 3861 1257 3939 arcem,
1300 3816 1616 3920 inambulantes

158 3993 260 4056 sunt
303 3961 538 4066 collocuti.
583 3863 791 4068 Marilrio
833 4007 970 4089 vero,
1016 3967 1096 4107 qui
1139 3963 1323 4109 gloriam
1370 3960 1531 4063 virtute
1571 3997 1619 4072 et,

157 4098 279 4198 claris
313 4098 579 4208 facinoribus
615 4149 784 4250 partam
825 4111 873 4210 in
910 4111 1139 4212 discrimen
1174 4107 1420 4226 adducere,
1466 4141 1509 4206 et
1531 4116 1617 4204 Ca-

156 4240 243 4340 roli
278 4251 465 4351 Caesaris
501 4251 649 4352 multis
686 4289 728 4354 et
766 4254 937 4396 magnis
973 4248 1133 4353 officiis
1169 4251 1397 4355 collectam
1433 4247 1618 4392 gratiam

160 4381 385 4488 effundere
419 4392 630 4518 nolebat,
667 4435 832 4498 certam
867 4437 962 4500 rem
999 4395 1158 4498 dubiae
1194 4397 1315 4541 spei,
1356 4431 1399 4496 et
1442 4393 1619 4496 incertis

161 4530 369 4630 Italorum
424 4537 627 4674 pollicitis
671 4538 927 4683 posthabere
975 4541 1188 4644 dementis
1242 4581 1328 4644 esse
1372 4537 1618 4674 judicavit.

161 4681 310 4813 ltaque
347 4679 507 4776 eodem
544 4682 615 4780 die
647 4685 915 4824 legationem
951 4689 1008 4788 ad
1043 4728 1086 4787 se
1114 4687 1326 4827 perlatam
1355 4720 1619 4825 omnemque

166 4820 356 4923 Moroni
400 4821 648 4924 orationem
689 4828 892 4925 Antonio
932 4829 1133 4944 Leivae,
1176 4836 1299 4956 cujus
1341 4826 1532 4934 maxima
1573 4863 1622 4922 e-

1183 4972 1266 5072 22
1557 4997 1625 5066 rat
