4326 5986
1028 458 1274 542 CAROLI
1331 458 1384 540 V.
1430 460 1548 540 LIB.
1578 460 1690 542 XIV.

641 621 778 764 usque
825 653 965 759 parvo
1002 616 1190 757 negotio
1224 617 1271 717 in
1307 651 1430 716 suam
1467 651 1731 758 potestatem

641 801 706 866 ter
748 761 1073 879 Taurentium,
1113 760 1238 900 quod
1282 759 1504 900 oppidum
1548 761 1731 904 paulos

641 944 738 1010 tota
773 904 981 1006 classem
1017 903 1293 1005 deditionem
1327 905 1450 1005 venit
1485 940 1652 1045 praeter
1680 947 1731 1007 an

642 1053 858 1194 positam,
883 1088 996 1189 quae
1034 1049 1281 1208 praesidio
1288 1047 1550 1156 tenebatut3
1587 1047 1695 1150 baec

432 1279 434 1292 .
531 1303 545 1328 .
644 1233 810 1296 cessum
847 1231 1030 1293 navium
1064 1192 1170 1292 ad
1158 1187 1413 1292 anteriorem
1449 1227 1629 1333 portum
1662 1230 1732 1295 tot

432 4043 443 4068 l.

433 4133 437 4148 Ι

433 4152 443 4227 l.

432 4249 434 4266 l

643 1335 929 1478 prohiberet,
968 1375 1060 1436 non
1096 1369 1242 1476 tamen
1276 1373 1534 1498 oppugnata
1570 1371 1664 1455 est,
1700 1337 1731 1438 h

645 1515 762 1583 sente
797 1480 975 1582 Andrea
1010 1479 1153 1582 Doria
1194 1481 1337 1580 caveri
1374 1517 1614 1620 oportere,
1652 1520 1708 1582 ne

645 1625 859 1766 ctoritatis
894 1633 1096 1755 jactura,
1115 1661 1151 1722 ει
1137 1623 1379 1762 praesidii
1405 1664 1450 1724 et
1485 1625 1622 1743 arcis,
1651 1664 1731 1789 qua

645 1754 861 1886 obesset,
897 1763 1127 1868 firmitudo
1170 1804 1408 1904 susceptam
1458 1770 1731 1927 oppugnatis

643 1945 744 2012 tur.
796 1917 841 2009 A
882 1923 1040 2007 Sancto
1084 1909 1345 2008 Laurentio
1368 1947 1517 2049 copias
1560 1908 1648 2007 hoc
1690 1953 1731 2010 01

644 2050 824 2156 deduxit
859 2049 1070 2149 Carolus:
1113 2051 1387 2153 Fetnandum
1431 2061 1690 2192 Gonzagam

643 2194 822 2299 levioris
865 2227 1147 2312 armaturae,
1193 2194 1274 2336 qui
1317 2233 1507 2296 numero
1549 2228 1667 2294 erant
1708 2237 1731 2297 a

643 2338 899 2484 praecedere
934 2373 979 2438 tt
1014 2375 1283 2440 antecurrete
1318 2337 1557 2470 jubet3in
1509 2337 1731 2480 magmis

645 2484 724 2586 ubi
759 2481 1069 2584 Marchionem
1105 2483 1229 2585 Vasti
1263 2520 1414 2584 curare
1448 2492 1660 2615 jusserat,
1699 2494 1731 2582 I·

645 2628 784 2729 millia
826 2627 1101 2790 totidemque
1148 2637 1392 2729 Germanos
1435 2624 1707 2746 collocavit,

645 2769 849 2912 phtactos
886 2771 1052 2913 equites
1088 2768 1207 2874 mille
1242 2772 1426 2912 Belgas,
1457 2781 1731 2911 Germanosq

645 2910 900 3056 praefecto3
941 2914 1101 3016 deinde
1137 2953 1232 3055 pars
1271 2909 1359 3015 fere
1395 2915 1523 3016 tertia
1566 2914 1731 3054 peditat

646 3094 832 3160 etcum
879 3057 1042 3159 vexillo
1086 3059 1377 3200 Imperatorio
1421 3057 1573 3158 Caroli
1627 3051 1731 3158 fami

607 3237 739 3302 xerat
782 3203 1005 3302 Antonius
1056 3215 1385 3304 Beneventanus
1421 3214 1621 3310 comesa
1672 3199 1731 3301 ha

648 3377 944 3447 trecentorum
979 3339 1067 3444 fere
1103 3346 1400 3447 nobilium
1359 3384 1559 3450 virorum
1595 3383 1731 3446 manu

648 3523 869 3608 centum,
906 3488 1068 3630 quibus
1105 3491 1171 3590 ad
1206 3490 1273 3590 sui
1317 3490 1565 3594 custodiam
1601 3491 1729 3594 Carol

650 3668 798 3752 verat,
833 3633 1039 3734 omnium
1074 3631 1452 3796 cataphractorum
1488 3634 1721 3776 equitum,

649 3771 757 3878 item
794 3777 1058 3920 cataphracti
1095 3777 1264 3942 equites
1301 3820 1354 3881 ex
1389 3780 1593 3882 Bavariae
1629 3790 1730 3878 Duc

646 3921 864 4040 Palatini
898 3958 1031 4062 atque
1067 3923 1198 4022 Ducis
1234 3920 1554 4023 Brunsvicensis
1585 3914 1731 4020 famili

652 4099 778 4173 rant3
828 4103 932 4164 nam
969 4064 1054 4203 ipsi
1088 4065 1310 4204 Principes
1346 4064 1562 4165 Caroltun
1598 4064 1713 4164 ultro

652 4208 886 4308 necessaria
921 4207 1168 4310 viderentur
1185 4207 1464 4349 imperandi
1488 4207 1628 4350 gratia
1654 4246 1731 4309 con

649 4384 728 4490 per
763 4347 855 4450 fere
889 4349 1230 4454 assectabantur
1271 4363 1525 4453 Extremum
1560 4392 1722 4495 agmen

656 4527 702 4592 ta
737 4496 982 4596 Femandus
1017 4497 1201 4596 Tolerus
1236 4507 1340 4598 Dux
1375 4493 1573 4598 Albanus
1609 4537 1712 4600 cum

653 4635 844 4774 pbtactis
880 4635 1101 4780 equitibus
1135 4675 1183 4737 er
1216 4634 1407 4778 reliquo
1426 4641 1626 4780 peditatu
1662 4642 1731 4740 cla

724 4787 893 4887 XXIX.
967 4791 1094 4886 Dum
1135 4777 1222 4885 hoc
1259 4781 1474 4886 ordine
1460 4821 1511 4893 an
1550 4795 1712 4892 Forum
