4294 5984
569 443 653 542 noo
969 453 1054 534 nn
1087 413 1302 534 nauus
1344 446 1570 533 castre

527 617 702 756 „more
745 608 1114 724 mercenariorum
1157 645 1402 751 spectarets
1442 613 1626 753 puderet
1668 645 1769 734 me,
1810 611 2001 746 fateor,

526 808 675 917 „post
709 803 812 889 tot,
850 797 1082 902 tantosque
1117 764 1336 900 susceptos
1371 754 1523 880 vobis,
1560 793 1604 857 et
1639 755 1731 860 sine
1767 759 1997 904 stipendio

525 917 799 1040 „exhaustos
842 905 1051 1024 labores,
1101 939 1242 1002 rursus
1289 938 1474 1062 operam
1520 935 1706 1004 vestram
1753 908 1992 1022 militarem

525 1059 641 1187 ,‚vel
675 1057 732 1158 ad
768 1051 899 1156 breue
943 1084 1114 1190 tempus
1158 1044 1398 1188 gratuitam
1439 1048 1692 1210 postulare,
1736 1059 1858 1185 cujus
1891 1097 1993 1199 gra-

523 1285 554 1330 „
571 1205 632 1305 tia
668 1199 755 1303 huc
790 1194 1039 1300 necessitate
1074 1189 1325 1359 compulsus
1361 1191 1542 1292 accessi.
1572 1198 1703 1294 Tunc
1738 1197 1857 1298 enim
1893 1239 1987 1302 me

524 1347 731 1474 „tuenda
767 1338 930 1445 foret
915 1375 1030 1474 justa
1073 1336 1291 1498 repulsa,
1312 1335 1593 1500 maximeque
1629 1343 1897 1465 verendum,
1932 1387 1986 1447 ne
2097 1345 2102 1356 ’

525 1572 558 1619 ,,
524 1429 704 1656 „apud
730 1527 810 1590 vos
859 1519 935 1586 aut
977 1519 1156 1624 cogmra
1190 1514 1337 1583 nostra
1372 1481 1553 1582 avaritia
1588 1483 1941 1623 postulationis
1931 1529 1987 1591 m-

527 1635 783 1798 „justitiam
821 1668 864 1732 et
908 1569 1250 1769 imprudentiam
1286 1662 1515 1788 argueret,
1551 1662 1626 1729 aut
1667 1624 1873 1731 illiberale
1910 1673 1986 1736 ve-

526 1864 558 1908 „
572 1822 712 1883 strum
744 1775 995 1886 institutum
1023 1769 1216 1870 honestis
1245 1771 1436 1891 nostris,
1461 1807 1596 1916 atquc
1631 1775 1873 1877 necessariis
1899 1819 1985 1920 Ρο-

528 2005 560 2051 „
576 1926 738 2028 stulatis
779 1917 974 2020 obesset.
1012 1922 1148 2017 Nunc
1195 1955 1358 2079 magna
1405 1955 1478 2019 me
1530 1958 1622 2058 spes
1664 1915 1834 2065 babet,
1871 1963 1986 2084 quae

528 2150 559 2194 „
575 2068 788 2190 honeste,
825 2104 875 2164 ac
910 2059 1148 2163 necessario
1163 2060 1431 2222 poscimus,
1475 2055 1600 2163 facile
1643 2103 1771 2204 posse
1814 2062 1925 2165 ab
1914 2104 1985 2168 m-

531 2293 562 2338 „
576 2213 731 2378 genuis
765 2207 924 2311 animis
969 2203 1117 2307 vestris
1160 2203 1415 2344 impetrari.
1460 2215 1584 2310 Nam
1625 2243 1666 2307 et
1708 2205 1838 2309 vobis
1883 2247 1986 2311 nota

527 2433 559 2481 „
578 2393 640 2480 est
688 2352 940 2486 innocentia
981 2387 1166 2472 nostra,
1211 2389 1323 2492 quos
1364 2350 1657 2492 exploratum
1683 2348 1852 2455 habetis
1897 2392 1988 2455 non

455 2503 456 2508 ‘
527 2579 559 2625 „
575 2499 789 2617 avaritia,
820 2495 933 2596 sed
921 2497 1075 2636 mopia
1109 2428 1338 2616 laborare,
1374 2531 1418 2594 et
1454 2494 1584 2596 nobis
1621 2495 1768 2596 multis
1798 2498 1990 2640 magnis·

528 2683 665 2786 ,‚que
701 2639 977 2743 documentis
1017 2674 1331 2781 perspectum,
1372 2678 1452 2740 vos
1494 2636 1597 2740 belli
1636 2641 1817 2802 gerendi
1860 2679 1992 2783 prae-

530 2867 563 2912 „
580 2787 760 2906 mium,
796 2823 890 2885 non
927 2784 1206 2905 mercedem,
1249 2785 1322 2886 sed
1366 2782 1544 2884 laudem
1595 2820 1639 2885 et
1679 2783 1883 2948 gloriam
1905 2825 1990 2948 P⁰.··'

528 2923 801 3055 „tissimum
825 2925 994 3030 vobis
981 2929 1282 3092 proposuisset
1312 2928 1673 3096 prudentissimo
1681 2928 1883 3056 scilicet
1871 2930 1989 3030 msti-

530 3151 561 3197 „
579 3111 710 3198 tuto,
747 3111 963 3217 praestans
1000 3111 1122 3174 enrm
1157 3073 1324 3193 virtus,
1357 3108 1402 3172 et
1428 3073 1631 3174 maximis
1660 3075 1707 3175 in
1739 3049 1869 3175 rebus
1902 3111 1988 3216 per·

530 3256 724 3360 „specta
759 3217 863 3319 fides
900 3215 1023 3317 nullo
1060 3215 1202 3377 pretio
1246 3201 1491 3335 aestimari,
1538 3218 1655 3318 nulla
1696 3219 1878 3390 pecunia
1915 3256 1990 3315 re-

531 3439 564 3484 „
580 3362 798 3464 munerari
833 3395 996 3524 queat,
1032 3397 1281 3498 quomam,
1315 3399 1428 3502 quae
1464 3399 1525 3464 res
1561 3361 1728 3506 ignavis
1760 3372 1912 3493 juxta,
1946 3395 1990 3460 er

531 3581 566 3634 „
582 3499 843 3607 fortibus
801 3503 906 3605 utris
948 3503 1092 3603 adesse
1130 3539 1310 3666 potest,
1352 3500 1460 3605 haec
1502 3544 1594 3607 non
1636 3541 1699 3606 cst
1743 3504 1991 3624 idoneum,

536 3649 939 3788 „conveniensque
975 3648 1224 3789 praemium
1259 3647 1431 3749 ulrtutis
1468 3649 1693 3811 egregiae,
1724 3652 1799 3751 sed
1823 3650 1913 3750 laus
1949 3685 1993 3748 et

533 3795 718 3917 „solida
755 3793 930 3936 gloria,
953 3828 1080 3931 quae
1115 3794 1217 3893 solis
1253 3791 1643 3936 praestantibus
1601 3831 1705 3896 vrrrs
1748 3792 1992 3936 conringirt

404 4011 409 4022 ·
529 3949 697 4069 „cujus
733 3933 953 4080 praecepti
986 3975 1081 4035 non
1116 3937 1256 4108 magis
1286 3935 1574 4080 philosophos
1607 3973 1801 4043 auctores
1843 3977 1895 4038 ac
1938 3973 1993 4037 re·

533 4114 699 4209 ,‚stes,
741 4121 880 4220 quam
921 4115 1085 4182 vestros
1128 4091 1351 4244 majores,
1397 4121 1567 4226 vosque
1610 4083 1759 4226 ipsos,
1802 4079 1894 4182 hoc
1935 4113 1995 4180 est

534 4225 832 4388 „Hispanam
867 4263 1076 4366 gentem,
1112 4225 1244 4327 citare
1281 4265 1491 4389 possum,
1529 4266 1640 4368 quos
1677 4227 1805 4327 omni
1848 4264 1994 4327 saecu·

535 4439 567 4484 „
581 4367 664 4484 lo,
708 4408 925 4512 ommque
971 4370 1187 4470 memoria
1232 4369 1310 4472 illo
1351 4371 1629 4534 potissimum
1667 4372 1867 4512 praemio
1904 4370 1994 4466 du

538 4583 570 4628 „
587 4542 678 4607 ctos
715 4509 827 4610 bella
862 4513 1037 4650 gessisse
1073 4551 1268 4673 constar3
1306 4517 1387 4656 qui
1430 4555 1619 4660 magnos
1654 4515 1819 4618 labotes
1862 4547 1998 4672 atque

537 4651 773 4794 „pericula
809 4687 965 4817 sponte
1001 4655 1314 4796 suscipientes,
1352 4701 1401 4762 ac
1437 4655 1629 4762 fortiter
1644 4653 2000 4774 obeuntes,in-

536 4869 569 4918 ι,
593 4833 742 4942 gentes
785 4797 1087 4950 calamitates,
1129 4839 1178 4908 et
1213 4843 1357 4913 terum
1412 4807 1746 4920 necessariarum
1796 4799 2004 4942 inopiam
2145 4889 2146 4926 ᾗ

1773 4982 2006 5092 „atquls
