4326 5986
568 527 654 616 440
973 515 1058 598 nn
1101 512 1301 595 nunus
1339 509 1562 594 unsrrs

520 761 551 804 ‚,
568 681 716 799 dum,
755 711 797 779 et
833 713 1015 780 ornnem
1058 673 1340 778 Provinciam
1376 670 1682 776 debellandam
1716 705 1762 775 et
1805 671 1979 789 retIncn⁴

522 829 675 948 „dam
712 820 891 924 haberet
909 839 961 922 .“
1445 950 1457 964 N

595 975 786 1070 XXXII.
862 967 967 1069 Hoc
1001 1002 1210 1106 responso
1247 997 1426 1106 accepto
1462 961 1677 1084 Carolus,
1706 965 1828 1105 apud
1855 1005 1981 1109 quem

521 1114 724 1254 Andreae
747 1109 916 1211 Doriae
940 1109 1152 1212 sententia
1188 1109 1378 1212 multum
1408 1105 1614 1250 ponderis
1650 1105 1841 1209 babebat
1853 1187 1869 1231 ,
1887 1153 1983 1216 cum

518 1257 720 1400 pediturn
756 1255 957 1397 expedita
993 1293 1125 1355 manu
1162 1287 1206 1354 et
1242 1288 1366 1393 parte
1401 1252 1649 1393 equitatus,
1682 1286 1734 1351 ut
1770 1256 1980 1358 Massiliae

520 1401 654 1501 situm
690 1436 977 1542 naturamque
1012 1398 1102 1499 loci
1146 1396 1303 1498 certius
1346 1395 1610 1537 perspiceret
1644 1433 1694 1494 ac
1746 1399 1981 1501 considera-

518 1582 618 1665 ret,
657 1584 745 1646 sese
782 1545 830 1644 in
866 1555 957 1678 ejus
994 1576 1281 1686 conspectum
1317 1539 1471 1658 dedit,
1511 1573 1554 1638 et
1589 1533 1725 1639 factus
1761 1539 1878 1642 intra
1912 1545 1980 1650 teli

518 1681 688 1822 jactum
722 1683 1021 1830 frequentibus
1058 1720 1382 1787 tormentorum
1417 1680 1511 1784 telis
1548 1682 1764 1823 appetitus
1789 1720 1851 1786 est
1882 1727 1978 1790 cum
2128 1705 2129 1744 ¹

521 1867 646 1933 tanto
688 1871 769 1931 suo
812 1832 1049 1970 periculo,
1086 1865 1142 1972 ut!
1179 1868 1232 1927 ex
1277 1824 1489 1969 proximis
1532 1824 1756 1968 equitibus
1800 1830 1978 1970 quidam

519 1974 756 2117 glandibus
793 1982 914 2104 juxta
950 1973 1098 2113 ipsum
1133 1969 1490 2088 vulnerarentur,
1518 1969 1723 2070 nonnulli
1748 1972 1879 2073 etiarn
1906 2014 1974 2074 ca·

520 2120 706 2220 derent.
746 2129 957 2219 Ceterum
993 2157 1043 2217 ex
1087 2111 1272 2256 captivis
1307 2112 1523 2254 cognovit
1556 2114 1836 2236 Massiliam,
1872 2157 1979 2258 quae
2128 2237 2129 2264 p

517 2259 690 2364 bonam
734 2299 906 2405 partem
950 2257 1140 2360 ambitur
1180 2257 1310 2378 mati,
1348 2257 1592 2358 multorum
1628 2296 1850 2399 praeterea
1885 2262 1975 2364 die·

518 2444 621 2508 rum
658 2404 866 2547 operibus
887 2407 913 2525 ,¹
939 2438 982 2505 et
1030 2401 1300 2503 delectorum
1344 2400 1598 2502 mortalium
1636 2402 1692 2502 ad
1738 2441 1845 2505 octo
1881 2406 1975 2506 mil-

518 2550 632 2651 lium
675 2549 926 2650 firmissImo
971 2545 1223 2687 praesidio,
1271 2583 1315 2647 et
1358 2584 1519 2686 magna
1568 2581 1893 2651 tormentonrm
1932 2547 1973 2648 vi

516 2691 862 2795 munitissimam
904 2731 1025 2800 esses
1063 2690 1214 2832 itaque
1250 2690 1286 2790 si
1326 2689 1568 2791 Massiliam
1610 2729 1872 2834 oppugnare
1902 2729 1973 2834 ag-

519 2837 805 2980 grederetur,
845 2871 1055 2937 conatum
1088 2829 1243 2934 frustra
1278 2828 1373 2933 fore
1407 2833 1643 2964 judicavit.

590 2989 793 3082 XXXIII.
866 2994 1032 3081 Interea
1068 2990 1165 3081 Rex
1206 2977 1397 3096 Gallus,
1435 2979 1515 3117 qui
1550 3014 1664 3080 trans
1708 2977 1973 3082 Rhodanum

516 3162 781 3243 recesserat,
818 3161 1095 3266 quamquam
1145 3121 1383 3223 exercitum
1433 3118 1661 3242 babebat,
1713 3161 1971 3265 poteratque

516 3267 659 3409 copiis
694 3267 936 3400 majoribus
972 3267 1132 3368 coactis
1158 3267 1324 3368 flumen
1357 3303 1434 3406 per
1468 3275 1652 3406 pontes,
1681 3307 1794 3410 quos
1825 3267 1971 3368 firmis·

515 3408 637 3513 simis
672 3413 897 3552 praesidiis
935 3409 1193 3530 obtinebat,
1225 3411 1360 3513 libere
1398 3411 1612 3543 trajicere,
1665 3446 1816 3512 tamen
1850 3451 1976 3554 prae-

514 3590 580 3657 ter
616 3595 788 3657 morem
823 3554 1050 3657 Gallorum
1086 3591 1130 3656 et
1166 3554 1316 3657 Caroli
1360 3552 1623 3694 opinionem
1663 3556 1787 3658 lentis
1831 3557 1979 3658 consi-

513 3698 582 3800 liis
600 3699 685 3802 uti
721 3698 978 3820 constituit,
1016 3695 1128 3798 nihil
1164 3739 1292 3841 agere
1327 3691 1561 3822 ferociter,
1600 3695 1812 3802 abstinere
1847 3737 1981 3841 prae-

513 3841 619 3962 lio,
663 3839 829 3944 bellum
870 3840 997 3944 omni
1040 3841 1211 3944 ratione
1255 3843 1449 3961 ducere,
1484 3842 1569 3942 suis
1607 3839 1808 3944 videlicet
1856 3843 1983 3944 malis

513 3987 725 4106 edocnrs,
765 4025 902 4127 quarn
936 4019 1041 4088 esset
1085 3984 1381 4128 periculosum
1417 4024 1520 4085 cum
1555 3982 1643 4085 hoc
1685 3984 1808 4087 hoste
1845 3987 1985 4129 quid-

514 4171 652 4272 quam
689 4165 852 4273 tcmere
888 4129 1070 4252 conati,
1108 4129 1359 4271 praesertim
1396 4169 1450 4229 eo
1487 4145 1688 4270 ternpore
1724 4169 1826 4233 cum
1857 4169 1985 4232 sum·

515 4311 590 4374 ma
636 4313 782 4377 return
828 4309 1051 4416 ageretur.
1097 4285 1289 4414 Itaque,
1327 4313 1383 4374 ne
1433 4284 1645 4414 Regnum
1694 4269 1982 4419 fortunasque

516 4455 609 4516 suas
646 4419 693 4518 in
728 4417 953 4536 dubium,
984 4417 1201 4558 uniusque
1239 4415 1391 4556 praelii
1433 4414 1669 4518 discrimen
1713 4421 1981 4540 adduceret,

515 4561 697 4664 munitis
732 4560 839 4662 locis
875 4560 1186 4662 transflumen
1223 4601 1267 4659 se
1302 4558 1537 4700 diligenter
1573 4600 1677 4662 cum
1713 4563 1799 4665 suis
1838 4564 1979 4706 copiis

514 4702 797 4824 continebat,
833 4702 932 4806 satis
968 4699 1132 4805 habens
1157 4695 1251 4805 vim
1287 4739 1418 4844 atque
1444 4703 1665 4845 impetum
1700 4704 1836 4808 bostis
1868 4747 1981 4846 qua-

515 4889 708 4997 cumque
742 4849 909 4953 ratione
927 4849 1170 4975 sustineres
1191 4884 1322 4991 atque
1345 4887 1398 4950 eo
1425 4849 1592 4994 magis,
1613 4852 1735 4992 quod
1761 4891 1815 4954 cx
1840 4850 1981 4973 Italia,

1864 5031 1977 5138 quae
