<?xml version="1.0" encoding="UTF-8"?>
<!DOCTYPE html PUBLIC "-//W3C//DTD XHTML 1.0 Transitional//EN"
    "http://www.w3.org/TR/xhtml1/DTD/xhtml1-transitional.dtd">
<html xmlns="http://www.w3.org/1999/xhtml" xml:lang="en" lang="en">
 <head>
  <title>
</title>
<meta http-equiv="Content-Type" content="text/html;charset=utf-8" />
  <meta name='ocr-system' content='tesseract 3.04.00' />
  <meta name='ocr-capabilities' content='ocr_page ocr_carea ocr_par ocr_line ocrx_word'/>
</head>
<body>
  <div class='ocr_page' id='page_1' title='image "./joannisgenesiis02sepgoog_0095.png"; bbox 0 0 4368 5984; ppageno 0'>
   <div class='ocr_carea' id='block_1_1' title="bbox 662 438 1607 512">
    <p class='ocr_par' dir='ltr' id='par_1_1' title="bbox 662 438 1607 512">
     <span class='ocr_line' id='line_1_1' title="bbox 662 438 1607 512; baseline 0.001 -4"><span class='ocrx_word' id='word_1_1' title='bbox 662 441 783 510; x_wconf 80' lang='lat' dir='ltr'>VITA</span> <span class='ocrx_word' id='word_1_2' title='bbox 809 441 874 510; x_wconf 83' lang='lat' dir='ltr'>ET</span> <span class='ocrx_word' id='word_1_3' title='bbox 899 438 1113 512; x_wconf 81' lang='lat' dir='ltr'><strong>SCRIPTA.</strong></span> <span class='ocrx_word' id='word_1_4' title='bbox 1453 442 1607 512; x_wconf 82' lang='lat' dir='ltr'>LXXIX.</span> 
     </span>
    </p>
   </div>
   <div class='ocr_carea' id='block_1_2' title="bbox 137 554 1630 4080">
    <p class='ocr_par' dir='ltr' id='par_1_2' title="bbox 137 554 1630 4080">
     <span class='ocr_line' id='line_1_2' title="bbox 189 554 1630 669; baseline -0.005 -22"><span class='ocrx_word' id='word_1_5' title='bbox 189 559 334 648; x_wconf 69' lang='lat' dir='ltr'>aanor</span> <span class='ocrx_word' id='word_1_6' title='bbox 347 559 393 644; x_wconf 88' lang='lat' dir='ltr'><em>V</em></span> <span class='ocrx_word' id='word_1_7' title='bbox 393 557 423 644; x_wconf 92' lang='lat' dir='ltr'>l.</span> <span class='ocrx_word' id='word_1_8' title='bbox 446 576 561 669; x_wconf 87' lang='lat' dir='ltr'>super</span> <span class='ocrx_word' id='word_1_9' title='bbox 585 560 822 668; x_wconf 74' lang='lat' dir='ltr'><strong><em>expeditione</em></strong></span> <span class='ocrx_word' id='word_1_10' title='bbox 839 566 881 642; x_wconf 81' lang='lat' dir='ltr'>in</span> <span class='ocrx_word' id='word_1_11' title='bbox 908 560 1095 642; x_wconf 75' lang='lat' dir='ltr'>herbosos</span> <span class='ocrx_word' id='word_1_12' title='bbox 1116 559 1208 644; x_wconf 76' lang='lat' dir='ltr'>mut·</span> <span class='ocrx_word' id='word_1_13' title='bbox 1240 554 1374 659; x_wconf 82' lang='lat' dir='ltr'>orbis,</span> <span class='ocrx_word' id='word_1_14' title='bbox 1406 580 1496 662; x_wconf 84' lang='lat' dir='ltr'>quos</span> <span class='ocrx_word' id='word_1_15' title='bbox 1521 557 1630 643; x_wconf 80' lang='lat' dir='ltr'><em>Indos</em></span> 
     </span>
     <span class='ocr_line' id='line_1_3' title="bbox 187 674 1628 790; baseline -0.001 -28"><span class='ocrx_word' id='word_1_16' title='bbox 187 695 356 783; x_wconf 69' lang='lat' dir='ltr'>want,</span> <span class='ocrx_word' id='word_1_17' title='bbox 384 707 487 762; x_wconf 88' lang='lat' dir='ltr'>anno</span> <span class='ocrx_word' id='word_1_18' title='bbox 509 705 616 788; x_wconf 87' lang='lat'>1493</span> <span class='ocrx_word' id='word_1_19' title='bbox 637 677 836 762; x_wconf 85' lang='lat' dir='ltr'>Fernando</span> <span class='ocrx_word' id='word_1_20' title='bbox 869 701 908 762; x_wconf 90' lang='lat' dir='ltr'>et</span> <span class='ocrx_word' id='word_1_21' title='bbox 932 675 1105 761; x_wconf 86' lang='lat' dir='ltr'>lsabellae</span> <span class='ocrx_word' id='word_1_22' title='bbox 1116 675 1289 790; x_wconf 89' lang='lat' dir='ltr'>Regibus</span> <span class='ocrx_word' id='word_1_23' title='bbox 1318 674 1451 760; x_wconf 88' lang='lat' dir='ltr'>nostris</span> <span class='ocrx_word' id='word_1_24' title='bbox 1477 676 1526 760; x_wconf 87' lang='lat' dir='ltr'>ab</span> <span class='ocrx_word' id='word_1_25' title='bbox 1556 677 1628 760; x_wconf 89' lang='lat' dir='ltr'>exi·</span> 
     </span>
     <span class='ocr_line' id='line_1_4' title="bbox 186 791 1629 912; baseline -0.001 -32"><span class='ocrx_word' id='word_1_26' title='bbox 186 797 264 880; x_wconf 88' lang='lat' dir='ltr'>mia</span> <span class='ocrx_word' id='word_1_27' title='bbox 296 795 477 912; x_wconf 85' lang='lat' dir='ltr'>religione</span> <span class='ocrx_word' id='word_1_28' title='bbox 506 795 712 880; x_wconf 80' lang='lat' dir='ltr'><em>Catholicis</em></span> <span class='ocrx_word' id='word_1_29' title='bbox 733 795 1009 910; x_wconf 88' lang='lat' dir='ltr'>cognominatis</span> <span class='ocrx_word' id='word_1_30' title='bbox 1036 795 1317 879; x_wconf 85' lang='lat' dir='ltr'>transmissum:</span> <span class='ocrx_word' id='word_1_31' title='bbox 1343 791 1382 876; x_wconf 94' lang='lat' dir='ltr'>in</span> <span class='ocrx_word' id='word_1_32' title='bbox 1425 823 1506 907; x_wconf 93' lang='lat' dir='ltr'>quo</span> <span class='ocrx_word' id='word_1_33' title='bbox 1535 793 1629 878; x_wconf 88' lang='lat' dir='ltr'>haec</span> 
     </span>
     <span class='ocr_line' id='line_1_5' title="bbox 183 908 1628 1026; baseline -0.003 -24"><span class='ocrx_word' id='word_1_34' title='bbox 183 915 305 1002; x_wconf 86' lang='lat' dir='ltr'>verba</span> <span class='ocrx_word' id='word_1_35' title='bbox 327 913 379 1000; x_wconf 91' lang='lat' dir='ltr'>ad</span> <span class='ocrx_word' id='word_1_36' title='bbox 408 913 645 1026; x_wconf 88' lang='lat' dir='ltr'>Sepulvedae</span> <span class='ocrx_word' id='word_1_37' title='bbox 672 912 893 998; x_wconf 87' lang='lat' dir='ltr'>sententiam</span> <span class='ocrx_word' id='word_1_38' title='bbox 920 911 1067 1026; x_wconf 79' lang='lat' dir='ltr'>egregie</span> <span class='ocrx_word' id='word_1_39' title='bbox 1083 910 1250 996; x_wconf 77' lang='lat' dir='ltr'>facientia</span> <span class='ocrx_word' id='word_1_40' title='bbox 1264 908 1462 1024; x_wconf 82' lang='lat' dir='ltr'>leguntur:</span> <span class='ocrx_word' id='word_1_41' title='bbox 1477 949 1504 990; x_wconf 72' lang='lat' dir='ltr'>ss</span> <span class='ocrx_word' id='word_1_42' title='bbox 1513 913 1628 998; x_wconf 88' lang='lat' dir='ltr'>Unde</span> 
     </span>
     <span class='ocr_line' id='line_1_6' title="bbox 185 1027 1628 1146; baseline 0.001 -35"><span class='ocrx_word' id='word_1_43' title='bbox 185 1031 405 1116; x_wconf 77' lang='lat' dir='ltr'>„omnibus</span> <span class='ocrx_word' id='word_1_44' title='bbox 420 1032 613 1146; x_wconf 87' lang='lat' dir='ltr'>diligenter</span> <span class='ocrx_word' id='word_1_45' title='bbox 638 1053 677 1115; x_wconf 91' lang='lat' dir='ltr'>et</span> <span class='ocrx_word' id='word_1_46' title='bbox 693 1030 903 1143; x_wconf 89' lang='lat' dir='ltr'>praesertim</span> <span class='ocrx_word' id='word_1_47' title='bbox 919 1029 1006 1114; x_wconf 86' lang='lat' dir='ltr'>fidei</span> <span class='ocrx_word' id='word_1_48' title='bbox 1020 1029 1227 1114; x_wconf 79' lang='lat' dir='ltr'>cadrolicae</span> <span class='ocrx_word' id='word_1_49' title='bbox 1238 1027 1463 1112; x_wconf 79' lang='lat' dir='ltr'>exaltatione</span> <span class='ocrx_word' id='word_1_50' title='bbox 1482 1054 1520 1114; x_wconf 91' lang='lat' dir='ltr'>et</span> <span class='ocrx_word' id='word_1_51' title='bbox 1537 1029 1628 1114; x_wconf 85' lang='lat' dir='ltr'>dila-</span> 
     </span>
     <span class='ocr_line' id='line_1_7' title="bbox 183 1144 1626 1264; baseline 0.001 -33"><span class='ocrx_word' id='word_1_52' title='bbox 183 1149 391 1250; x_wconf 69' lang='lat' dir='ltr'>tatatione,</span> <span class='ocrx_word' id='word_1_53' title='bbox 406 1173 521 1260; x_wconf 88' lang='lat' dir='ltr'>prout</span> <span class='ocrx_word' id='word_1_54' title='bbox 535 1149 645 1232; x_wconf 90' lang='lat' dir='ltr'>decet</span> <span class='ocrx_word' id='word_1_55' title='bbox 658 1147 862 1232; x_wconf 88' lang='lat' dir='ltr'>catholicos</span> <span class='ocrx_word' id='word_1_56' title='bbox 875 1177 980 1264; x_wconf 86' lang='lat' dir='ltr'>reges</span> <span class='ocrx_word' id='word_1_57' title='bbox 994 1171 1033 1230; x_wconf 90' lang='lat' dir='ltr'>ct</span> <span class='ocrx_word' id='word_1_58' title='bbox 1049 1146 1244 1260; x_wconf 82' lang='lat' dir='ltr'>principes,</span> <span class='ocrx_word' id='word_1_59' title='bbox 1258 1144 1496 1230; x_wconf 80' lang='lat' dir='ltr'>consideratis</span> <span class='ocrx_word' id='word_1_60' title='bbox 1518 1177 1626 1232; x_wconf 89' lang='lat' dir='ltr'>more</span> 
     </span>
     <span class='ocr_line' id='line_1_8' title="bbox 184 1261 1629 1382; baseline 0.004 -36"><span class='ocrx_word' id='word_1_61' title='bbox 184 1267 517 1382; x_wconf 72' lang='lat' dir='ltr'>„progenitorum</span> <span class='ocrx_word' id='word_1_62' title='bbox 542 1291 754 1352; x_wconf 84' lang='lat' dir='ltr'>vestrorum</span> <span class='ocrx_word' id='word_1_63' title='bbox 767 1263 887 1350; x_wconf 87' lang='lat' dir='ltr'>clarae</span> <span class='ocrx_word' id='word_1_64' title='bbox 915 1263 1117 1350; x_wconf 82' lang='lat' dir='ltr'>memoriae</span> <span class='ocrx_word' id='word_1_65' title='bbox 1134 1267 1281 1380; x_wconf 88' lang='lat' dir='ltr'>Regum</span> <span class='ocrx_word' id='word_1_66' title='bbox 1307 1285 1422 1348; x_wconf 88' lang='lat' dir='ltr'>terras</span> <span class='ocrx_word' id='word_1_67' title='bbox 1443 1261 1567 1350; x_wconf 85' lang='lat' dir='ltr'>firmas</span> <span class='ocrx_word' id='word_1_68' title='bbox 1590 1289 1629 1352; x_wconf 89' lang='lat' dir='ltr'>et</span> 
     </span>
     <span class='ocr_line' id='line_1_9' title="bbox 181 1381 1628 1498; baseline 0.004 -36"><span class='ocrx_word' id='word_1_69' title='bbox 181 1383 366 1468; x_wconf 74' lang='lat' dir='ltr'>„insulas</span> <span class='ocrx_word' id='word_1_70' title='bbox 389 1384 621 1498; x_wconf 77' lang='lat' dir='ltr'>praedictas,</span> <span class='ocrx_word' id='word_1_71' title='bbox 647 1382 869 1496; x_wconf 88' lang='lat' dir='ltr'>illarumque</span> <span class='ocrx_word' id='word_1_72' title='bbox 896 1383 1036 1467; x_wconf 90' lang='lat' dir='ltr'>incolas</span> <span class='ocrx_word' id='word_1_73' title='bbox 1062 1405 1102 1466; x_wconf 89' lang='lat' dir='ltr'>et</span> <span class='ocrx_word' id='word_1_74' title='bbox 1123 1381 1352 1467; x_wconf 78' lang='lat' dir='ltr'>habitatores</span> <span class='ocrx_word' id='word_1_75' title='bbox 1376 1381 1485 1466; x_wconf 90' lang='lat' dir='ltr'>vobis</span> <span class='ocrx_word' id='word_1_76' title='bbox 1500 1381 1628 1468; x_wconf 87' lang='lat' dir='ltr'>divina</span> 
     </span>
     <span class='ocr_line' id='line_1_10' title="bbox 182 1497 1628 1614; baseline 0.003 -32"><span class='ocrx_word' id='word_1_77' title='bbox 182 1537 211 1582; x_wconf 75' lang='lat' dir='ltr'>rs</span> <span class='ocrx_word' id='word_1_78' title='bbox 224 1497 382 1586; x_wconf 85' lang='lat' dir='ltr'>fauente</span> <span class='ocrx_word' id='word_1_79' title='bbox 408 1501 606 1586; x_wconf 87' lang='lat' dir='ltr'>clementia</span> <span class='ocrx_word' id='word_1_80' title='bbox 622 1499 797 1612; x_wconf 71' lang='lat' dir='ltr'>subjicere</span> <span class='ocrx_word' id='word_1_81' title='bbox 817 1525 856 1585; x_wconf 89' lang='lat' dir='ltr'>et</span> <span class='ocrx_word' id='word_1_82' title='bbox 870 1502 921 1587; x_wconf 91' lang='lat' dir='ltr'>ad</span> <span class='ocrx_word' id='word_1_83' title='bbox 936 1498 1050 1584; x_wconf 89' lang='lat' dir='ltr'>hdem</span> <span class='ocrx_word' id='word_1_84' title='bbox 1065 1499 1286 1586; x_wconf 72' lang='lat' dir='ltr'>catholicam</span> <span class='ocrx_word' id='word_1_85' title='bbox 1303 1499 1478 1584; x_wconf 83' lang='lat' dir='ltr'>reducere</span> <span class='ocrx_word' id='word_1_86' title='bbox 1492 1529 1628 1614; x_wconf 84' lang='lat' dir='ltr'>propo</span> 
     </span>
     <span class='ocr_line' id='line_1_11' title="bbox 182 1613 1623 1734; baseline 0.001 -34"><span class='ocrx_word' id='word_1_87' title='bbox 182 1619 354 1704; x_wconf 72' lang='lat' dir='ltr'>sssuistis.</span> <span class='ocrx_word' id='word_1_88' title='bbox 386 1621 472 1703; x_wconf 90' lang='lat' dir='ltr'>Nos</span> <span class='ocrx_word' id='word_1_89' title='bbox 486 1618 596 1734; x_wconf 89' lang='lat' dir='ltr'>igitur</span> <span class='ocrx_word' id='word_1_90' title='bbox 613 1615 826 1728; x_wconf 77' lang='lat' dir='ltr'>hujusmodi</span> <span class='ocrx_word' id='word_1_91' title='bbox 842 1642 1008 1706; x_wconf 90' lang='lat' dir='ltr'>vestrum</span> <span class='ocrx_word' id='word_1_92' title='bbox 1023 1613 1165 1701; x_wconf 84' lang='lat' dir='ltr'>factum</span> <span class='ocrx_word' id='word_1_93' title='bbox 1188 1643 1234 1699; x_wconf 89' lang='lat' dir='ltr'>ac</span> <span class='ocrx_word' id='word_1_94' title='bbox 1247 1616 1434 1700; x_wconf 82' lang='lat' dir='ltr'>laudabile</span> <span class='ocrx_word' id='word_1_95' title='bbox 1456 1619 1623 1730; x_wconf 86' lang='lat' dir='ltr'>proposi·</span> 
     </span>
     <span class='ocr_line' id='line_1_12' title="bbox 184 1733 1625 1850; baseline 0.005 -35"><span class='ocrx_word' id='word_1_96' title='bbox 184 1771 213 1816; x_wconf 73' lang='lat' dir='ltr'>ss</span> <span class='ocrx_word' id='word_1_97' title='bbox 225 1759 308 1820; x_wconf 89' lang='lat' dir='ltr'>tum</span> <span class='ocrx_word' id='word_1_98' title='bbox 324 1736 527 1850; x_wconf 89' lang='lat' dir='ltr'>plurimum</span> <span class='ocrx_word' id='word_1_99' title='bbox 543 1735 581 1820; x_wconf 91' lang='lat' dir='ltr'>in</span> <span class='ocrx_word' id='word_1_100' title='bbox 594 1735 765 1820; x_wconf 90' lang='lat' dir='ltr'>Domino</span> <span class='ocrx_word' id='word_1_101' title='bbox 778 1735 1087 1820; x_wconf 84' lang='lat' dir='ltr'>commendantes</span> <span class='ocrx_word' id='word_1_102' title='bbox 1103 1792 1120 1838; x_wconf 85' lang='lat'><strong>‚</strong></span> <span class='ocrx_word' id='word_1_103' title='bbox 1134 1761 1177 1818; x_wconf 91' lang='lat' dir='ltr'>ac</span> <span class='ocrx_word' id='word_1_104' title='bbox 1192 1733 1393 1846; x_wconf 87' lang='lat' dir='ltr'>cupientes,</span> <span class='ocrx_word' id='word_1_105' title='bbox 1412 1759 1458 1818; x_wconf 90' lang='lat' dir='ltr'>ut</span> <span class='ocrx_word' id='word_1_106' title='bbox 1471 1733 1562 1820; x_wconf 90' lang='lat' dir='ltr'>illud</span> <span class='ocrx_word' id='word_1_107' title='bbox 1575 1734 1625 1822; x_wconf 89' lang='lat' dir='ltr'>ad</span> 
     </span>
     <span class='ocr_line' id='line_1_13' title="bbox 186 1849 1627 1968; baseline 0.003 -34"><span class='ocrx_word' id='word_1_108' title='bbox 186 1853 396 1939; x_wconf 68' lang='lat' dir='ltr'>„debitum</span> <span class='ocrx_word' id='word_1_109' title='bbox 420 1852 536 1940; x_wconf 86' lang='lat' dir='ltr'>finem</span> <span class='ocrx_word' id='word_1_110' title='bbox 559 1853 814 1968; x_wconf 81' lang='lat' dir='ltr'>perducatur,</span> <span class='ocrx_word' id='word_1_111' title='bbox 831 1854 1025 1938; x_wconf 87' lang='lat' dir='ltr'>hortamur</span> <span class='ocrx_word' id='word_1_112' title='bbox 1051 1883 1123 1937; x_wconf 90' lang='lat' dir='ltr'>vos</span> <span class='ocrx_word' id='word_1_113' title='bbox 1146 1849 1467 1967; x_wconf 88' lang='lat' dir='ltr'>quamplurimum</span> <span class='ocrx_word' id='word_1_114' title='bbox 1488 1851 1529 1936; x_wconf 85' lang='lat' dir='ltr'>in</span> <span class='ocrx_word' id='word_1_115' title='bbox 1542 1857 1627 1938; x_wconf 89' lang='lat' dir='ltr'>Do-</span> 
     </span>
     <span class='ocr_line' id='line_1_14' title="bbox 182 1967 1630 2085; baseline 0.005 -37"><span class='ocrx_word' id='word_1_116' title='bbox 182 2006 212 2050; x_wconf 74' lang='lat' dir='ltr'>ss</span> <span class='ocrx_word' id='word_1_117' title='bbox 224 1969 366 2074; x_wconf 86' lang='lat' dir='ltr'>mino,</span> <span class='ocrx_word' id='word_1_118' title='bbox 394 1995 436 2055; x_wconf 87' lang='lat' dir='ltr'>et</span> <span class='ocrx_word' id='word_1_119' title='bbox 464 1999 532 2085; x_wconf 88' lang='lat' dir='ltr'>per</span> <span class='ocrx_word' id='word_1_120' title='bbox 559 1971 651 2055; x_wconf 88' lang='lat' dir='ltr'>sacri</span> <span class='ocrx_word' id='word_1_121' title='bbox 678 1969 814 2056; x_wconf 84' lang='lat' dir='ltr'>lavacri</span> <span class='ocrx_word' id='word_1_122' title='bbox 843 1969 1113 2084; x_wconf 86' lang='lat' dir='ltr'>susceptionem</span> <span class='ocrx_word' id='word_1_123' title='bbox 1137 2030 1152 2074; x_wconf 82' lang='lat'>,</span> <span class='ocrx_word' id='word_1_124' title='bbox 1173 1999 1251 2084; x_wconf 91' lang='lat' dir='ltr'>qua</span> <span class='ocrx_word' id='word_1_125' title='bbox 1277 1967 1462 2053; x_wconf 87' lang='lat' dir='ltr'>mandatis</span> <span class='ocrx_word' id='word_1_126' title='bbox 1479 1981 1630 2082; x_wconf 82' lang='lat' dir='ltr'>aposto·</span> 
     </span>
     <span class='ocr_line' id='line_1_15' title="bbox 184 2084 1628 2205; baseline 0.004 -41"><span class='ocrx_word' id='word_1_127' title='bbox 184 2123 213 2165; x_wconf 74' lang='lat' dir='ltr'>o</span> <span class='ocrx_word' id='word_1_128' title='bbox 225 2086 301 2171; x_wconf 92' lang='lat' dir='ltr'>licis</span> <span class='ocrx_word' id='word_1_129' title='bbox 330 2087 487 2205; x_wconf 86' lang='lat' dir='ltr'>obligati</span> <span class='ocrx_word' id='word_1_130' title='bbox 516 2087 629 2194; x_wconf 85' lang='lat' dir='ltr'>estis,</span> <span class='ocrx_word' id='word_1_131' title='bbox 660 2111 700 2173; x_wconf 93' lang='lat' dir='ltr'>et</span> <span class='ocrx_word' id='word_1_132' title='bbox 730 2087 870 2174; x_wconf 86' lang='lat' dir='ltr'>viscera</span> <span class='ocrx_word' id='word_1_133' title='bbox 897 2087 1162 2174; x_wconf 84' lang='lat' dir='ltr'>misericordiae</span> <span class='ocrx_word' id='word_1_134' title='bbox 1194 2084 1359 2171; x_wconf 85' lang='lat' dir='ltr'>Domini.</span> <span class='ocrx_word' id='word_1_135' title='bbox 1381 2086 1498 2171; x_wconf 88' lang='lat' dir='ltr'>nostri</span> <span class='ocrx_word' id='word_1_136' title='bbox 1521 2089 1628 2199; x_wconf 86' lang='lat' dir='ltr'>Jesu·</span> 
     </span>
     <span class='ocr_line' id='line_1_16' title="bbox 183 2202 1628 2319; baseline 0.005 -36"><span class='ocrx_word' id='word_1_137' title='bbox 183 2239 213 2286; x_wconf 75' lang='lat' dir='ltr'>ss</span> <span class='ocrx_word' id='word_1_138' title='bbox 225 2205 365 2290; x_wconf 88' lang='lat' dir='ltr'>Christi</span> <span class='ocrx_word' id='word_1_139' title='bbox 379 2229 522 2290; x_wconf 88' lang='lat' dir='ltr'>attente</span> <span class='ocrx_word' id='word_1_140' title='bbox 537 2205 784 2319; x_wconf 85' lang='lat' dir='ltr'>requirimus,</span> <span class='ocrx_word' id='word_1_141' title='bbox 800 2229 845 2290; x_wconf 90' lang='lat' dir='ltr'>ut</span> <span class='ocrx_word' id='word_1_142' title='bbox 859 2234 947 2289; x_wconf 93' lang='lat' dir='ltr'>cum</span> <span class='ocrx_word' id='word_1_143' title='bbox 970 2205 1243 2318; x_wconf 84' lang='lat' dir='ltr'>expeditionem</span> <span class='ocrx_word' id='word_1_144' title='bbox 1271 2202 1485 2314; x_wconf 74' lang='lat' dir='ltr'>huiusmodi</span> <span class='ocrx_word' id='word_1_145' title='bbox 1507 2205 1628 2290; x_wconf 89' lang='lat' dir='ltr'>omni·</span> 
     </span>
     <span class='ocr_line' id='line_1_17' title="bbox 137 2313 1628 2437; baseline 0.003 -37"><span class='ocrx_word' id='word_1_146' title='bbox 137 2313 141 2322; x_wconf 85' lang='grc'><strong>’</strong></span> <span class='ocrx_word' id='word_1_147' title='bbox 187 2355 215 2400; x_wconf 75' lang='lat' dir='ltr'>ss</span> <span class='ocrx_word' id='word_1_148' title='bbox 230 2349 286 2406; x_wconf 92' lang='lat' dir='ltr'>no</span> <span class='ocrx_word' id='word_1_149' title='bbox 312 2322 485 2437; x_wconf 84' lang='lat' dir='ltr'>prosequi</span> <span class='ocrx_word' id='word_1_150' title='bbox 501 2347 539 2407; x_wconf 87' lang='lat' dir='ltr'>et</span> <span class='ocrx_word' id='word_1_151' title='bbox 556 2349 740 2406; x_wconf 88' lang='lat' dir='ltr'>assumere</span> <span class='ocrx_word' id='word_1_152' title='bbox 756 2350 876 2434; x_wconf 88' lang='lat' dir='ltr'>prona</span> <span class='ocrx_word' id='word_1_153' title='bbox 896 2346 1023 2405; x_wconf 87' lang='lat' dir='ltr'>mente</span> <span class='ocrx_word' id='word_1_154' title='bbox 1048 2321 1283 2407; x_wconf 86' lang='lat' dir='ltr'>orthodoxae</span> <span class='ocrx_word' id='word_1_155' title='bbox 1299 2319 1384 2405; x_wconf 87' lang='lat' dir='ltr'>fidei</span> <span class='ocrx_word' id='word_1_156' title='bbox 1400 2317 1484 2404; x_wconf 91' lang='lat' dir='ltr'>zelo</span> <span class='ocrx_word' id='word_1_157' title='bbox 1508 2320 1628 2407; x_wconf 89' lang='lat' dir='ltr'>inten-</span> 
     </span>
     <span class='ocr_line' id='line_1_18' title="bbox 188 2437 1628 2555; baseline 0.004 -37"><span class='ocrx_word' id='word_1_158' title='bbox 188 2438 348 2542; x_wconf 79' lang='lat' dir='ltr'>rsdatis,</span> <span class='ocrx_word' id='word_1_159' title='bbox 417 2439 524 2553; x_wconf 90' lang='lat' dir='ltr'>pulos</span> <span class='ocrx_word' id='word_1_160' title='bbox 540 2440 580 2524; x_wconf 89' lang='lat' dir='ltr'>in</span> <span class='ocrx_word' id='word_1_161' title='bbox 593 2438 775 2551; x_wconf 82' lang='lat' dir='ltr'>ejusmodi</span> <span class='ocrx_word' id='word_1_162' title='bbox 790 2437 915 2524; x_wconf 88' lang='lat' dir='ltr'>insulis</span> <span class='ocrx_word' id='word_1_163' title='bbox 926 2463 964 2523; x_wconf 87' lang='lat' dir='ltr'>et</span> <span class='ocrx_word' id='word_1_164' title='bbox 991 2439 1096 2524; x_wconf 87' lang='lat' dir='ltr'>tetris</span> <span class='ocrx_word' id='word_1_165' title='bbox 1110 2438 1290 2555; x_wconf 85' lang='lat' dir='ltr'>degentes</span> <span class='ocrx_word' id='word_1_166' title='bbox 1312 2438 1364 2522; x_wconf 87' lang='lat' dir='ltr'>ad</span> <span class='ocrx_word' id='word_1_167' title='bbox 1379 2437 1628 2524; x_wconf 77' lang='lat' dir='ltr'>Chr&#39;utianant</span> 
     </span>
     <span class='ocr_line' id='line_1_19' title="bbox 183 2553 1626 2672; baseline 0.001 -33"><span class='ocrx_word' id='word_1_168' title='bbox 183 2556 444 2672; x_wconf 64' lang='lat' dir='ltr'>”religionem</span> <span class='ocrx_word' id='word_1_169' title='bbox 467 2557 735 2672; x_wconf 89' lang='lat' dir='ltr'>suscipiendam</span> <span class='ocrx_word' id='word_1_170' title='bbox 746 2557 926 2642; x_wconf 83' lang='lat' dir='ltr'>inducere</span> <span class='ocrx_word' id='word_1_171' title='bbox 954 2555 1070 2642; x_wconf 89' lang='lat' dir='ltr'>velitis</span> <span class='ocrx_word' id='word_1_172' title='bbox 1085 2615 1102 2661; x_wconf 86' lang='lat'>‚</span> <span class='ocrx_word' id='word_1_173' title='bbox 1115 2579 1155 2641; x_wconf 86' lang='lat' dir='ltr'>et</span> <span class='ocrx_word' id='word_1_174' title='bbox 1184 2553 1377 2659; x_wconf 76' lang='lat' dir='ltr'>debeatis,</span> <span class='ocrx_word' id='word_1_175' title='bbox 1392 2581 1462 2638; x_wconf 91' lang='lat' dir='ltr'>nec</span> <span class='ocrx_word' id='word_1_176' title='bbox 1485 2555 1626 2668; x_wconf 83' lang='lat' dir='ltr'>pericu·</span> 
     </span>
     <span class='ocr_line' id='line_1_20' title="bbox 183 2669 1625 2788; baseline 0.003 -35"><span class='ocrx_word' id='word_1_177' title='bbox 183 2671 257 2756; x_wconf 74' lang='lat' dir='ltr'>ula</span> <span class='ocrx_word' id='word_1_178' title='bbox 274 2732 286 2778; x_wconf 93' lang='lat'>,</span> <span class='ocrx_word' id='word_1_179' title='bbox 305 2702 374 2759; x_wconf 86' lang='lat' dir='ltr'>nec</span> <span class='ocrx_word' id='word_1_180' title='bbox 389 2673 536 2760; x_wconf 83' lang='lat' dir='ltr'>labores</span> <span class='ocrx_word' id='word_1_181' title='bbox 550 2675 630 2760; x_wconf 87' lang='lat' dir='ltr'>ullo</span> <span class='ocrx_word' id='word_1_182' title='bbox 644 2703 814 2787; x_wconf 85' lang='lat' dir='ltr'>unquam</span> <span class='ocrx_word' id='word_1_183' title='bbox 828 2699 1003 2788; x_wconf 88' lang='lat' dir='ltr'>tempore</span> <span class='ocrx_word' id='word_1_184' title='bbox 1016 2673 1340 2784; x_wconf 74' lang='lat' dir='ltr'>vosdeterreant,</span> <span class='ocrx_word' id='word_1_185' title='bbox 1357 2671 1434 2758; x_wconf 85' lang='lat' dir='ltr'>lida</span> <span class='ocrx_word' id='word_1_186' title='bbox 1448 2669 1625 2785; x_wconf 75' lang='lat' dir='ltr'>spe&#39;fidu·</span> 
     </span>
     <span class='ocr_line' id='line_1_21' title="bbox 183 2785 1626 2906; baseline 0.003 -33"><span class='ocrx_word' id='word_1_187' title='bbox 183 2790 361 2904; x_wconf 79' lang='lat' dir='ltr'>udaque</span> <span class='ocrx_word' id='word_1_188' title='bbox 379 2792 601 2906; x_wconf 83' lang='lat' dir='ltr'>conceptis,</span> <span class='ocrx_word' id='word_1_189' title='bbox 626 2792 736 2906; x_wconf 92' lang='lat' dir='ltr'>quod</span> <span class='ocrx_word' id='word_1_190' title='bbox 758 2796 865 2876; x_wconf 88' lang='lat' dir='ltr'>Deus</span> <span class='ocrx_word' id='word_1_191' title='bbox 891 2793 1133 2906; x_wconf 88' lang='lat' dir='ltr'>omnipotens</span> <span class='ocrx_word' id='word_1_192' title='bbox 1145 2817 1306 2876; x_wconf 83' lang='lat' dir='ltr'>conants</span> <span class='ocrx_word' id='word_1_193' title='bbox 1318 2815 1463 2877; x_wconf 89' lang='lat' dir='ltr'>vestros</span> <span class='ocrx_word' id='word_1_194' title='bbox 1477 2785 1626 2877; x_wconf 85' lang='lat' dir='ltr'>feliciter</span> 
     </span>
     <span class='ocr_line' id='line_1_22' title="bbox 184 2909 1524 3023; baseline 0.004 -35"><span class='ocrx_word' id='word_1_195' title='bbox 184 2909 509 3023; x_wconf 73' lang='lat' dir='ltr'>„prosequiturt‘</span> <span class='ocrx_word' id='word_1_196' title='bbox 1520 2953 1524 2962; x_wconf 51' lang='lat'><strong>⁴</strong></span> 
     </span>
     <span class='ocr_line' id='line_1_23' title="bbox 268 3021 1623 3141; baseline 0.001 -31"><span class='ocrx_word' id='word_1_197' title='bbox 268 3031 352 3110; x_wconf 94' lang='lat' dir='ltr'>Tot</span> <span class='ocrx_word' id='word_1_198' title='bbox 370 3027 452 3110; x_wconf 91' lang='lat' dir='ltr'>licet</span> <span class='ocrx_word' id='word_1_199' title='bbox 468 3026 685 3111; x_wconf 88' lang='lat' dir='ltr'>testimoniis</span> <span class='ocrx_word' id='word_1_200' title='bbox 698 3027 887 3131; x_wconf 87' lang='lat' dir='ltr'>munitus,</span> <span class='ocrx_word' id='word_1_201' title='bbox 903 3024 1145 3112; x_wconf 84' lang='lat' dir='ltr'>rotlandibus</span> <span class='ocrx_word' id='word_1_202' title='bbox 1160 3050 1336 3141; x_wconf 80' lang='lat' dir='ltr'>exceptus</span> <span class='ocrx_word' id='word_1_203' title='bbox 1360 3021 1472 3110; x_wconf 83' lang='lat' dir='ltr'>fiterit</span> <span class='ocrx_word' id='word_1_204' title='bbox 1490 3029 1623 3111; x_wconf 88' lang='lat' dir='ltr'>Gene-</span> 
     </span>
     <span class='ocr_line' id='line_1_24' title="bbox 181 3136 1625 3260; baseline 0.003 -36"><span class='ocrx_word' id='word_1_205' title='bbox 181 3136 355 3228; x_wconf 87' lang='lat' dir='ltr'>siinostri</span> <span class='ocrx_word' id='word_1_206' title='bbox 382 3143 555 3248; x_wconf 89' lang='lat' dir='ltr'>libellus,</span> <span class='ocrx_word' id='word_1_207' title='bbox 583 3141 747 3260; x_wconf 71' lang='lat' dir='ltr'>elingere</span> <span class='ocrx_word' id='word_1_208' title='bbox 777 3169 905 3229; x_wconf 90' lang='lat' dir='ltr'>tamen</span> <span class='ocrx_word' id='word_1_209' title='bbox 932 3171 1012 3227; x_wconf 91' lang='lat' dir='ltr'>non</span> <span class='ocrx_word' id='word_1_210' title='bbox 1039 3143 1165 3256; x_wconf 90' lang='lat' dir='ltr'>potuit</span> <span class='ocrx_word' id='word_1_211' title='bbox 1194 3147 1368 3229; x_wconf 86' lang='lat' dir='ltr'>acerbum</span> <span class='ocrx_word' id='word_1_212' title='bbox 1396 3138 1530 3228; x_wconf 88' lang='lat' dir='ltr'>farum.</span> <span class='ocrx_word' id='word_1_213' title='bbox 1557 3149 1625 3229; x_wconf 84' lang='lat' dir='ltr'>lta·</span> 
     </span>
     <span class='ocr_line' id='line_1_25' title="bbox 182 3259 1625 3371; baseline -0.001 -23"><span class='ocrx_word' id='word_1_214' title='bbox 182 3286 257 3371; x_wconf 80' lang='lat' dir='ltr'>que</span> <span class='ocrx_word' id='word_1_215' title='bbox 286 3260 414 3346; x_wconf 88' lang='lat' dir='ltr'>statim</span> <span class='ocrx_word' id='word_1_216' title='bbox 440 3261 656 3346; x_wconf 85' lang='lat' dir='ltr'>adversariis</span> <span class='ocrx_word' id='word_1_217' title='bbox 686 3260 934 3346; x_wconf 87' lang='lat' dir='ltr'>achtitentibus</span> <span class='ocrx_word' id='word_1_218' title='bbox 949 3261 1075 3344; x_wconf 83' lang='lat' dir='ltr'>Caroli</span> <span class='ocrx_word' id='word_1_219' title='bbox 1089 3264 1144 3346; x_wconf 84' lang='lat' dir='ltr'>V.</span> <span class='ocrx_word' id='word_1_220' title='bbox 1168 3260 1322 3346; x_wconf 87' lang='lat' dir='ltr'>decreto</span> <span class='ocrx_word' id='word_1_221' title='bbox 1349 3259 1518 3346; x_wconf 87' lang='lat' dir='ltr'>confixus</span> <span class='ocrx_word' id='word_1_222' title='bbox 1541 3285 1625 3366; x_wconf 87' lang='lat' dir='ltr'>est,</span> 
     </span>
     <span class='ocr_line' id='line_1_26' title="bbox 180 3377 1626 3496; baseline 0.006 -38"><span class='ocrx_word' id='word_1_223' title='bbox 180 3377 389 3492; x_wconf 88' lang='lat' dir='ltr'>omniaque</span> <span class='ocrx_word' id='word_1_224' title='bbox 412 3377 491 3488; x_wconf 68' lang='lat' dir='ltr'>ejus</span> <span class='ocrx_word' id='word_1_225' title='bbox 513 3378 734 3492; x_wconf 86' lang='lat' dir='ltr'>exemplaria</span> <span class='ocrx_word' id='word_1_226' title='bbox 757 3408 896 3494; x_wconf 87' lang='lat' dir='ltr'>magna</span> <span class='ocrx_word' id='word_1_227' title='bbox 921 3377 1110 3494; x_wconf 82' lang='lat' dir='ltr'>diligentia</span> <span class='ocrx_word' id='word_1_228' title='bbox 1135 3381 1306 3496; x_wconf 85' lang='lat' dir='ltr'>undique</span> <span class='ocrx_word' id='word_1_229' title='bbox 1330 3379 1541 3492; x_wconf 87' lang='lat' dir='ltr'>conquisita</span> <span class='ocrx_word' id='word_1_230' title='bbox 1555 3403 1626 3466; x_wconf 88' lang='lat' dir='ltr'>aut</span> 
     </span>
     <span class='ocr_line' id='line_1_27' title="bbox 179 3487 1626 3610; baseline 0.004 -34"><span class='ocrx_word' id='word_1_231' title='bbox 179 3487 342 3580; x_wconf 85' lang='lat' dir='ltr'>flammis</span> <span class='ocrx_word' id='word_1_232' title='bbox 367 3496 503 3582; x_wconf 84' lang='lat' dir='ltr'>tradita</span> <span class='ocrx_word' id='word_1_233' title='bbox 521 3553 533 3600; x_wconf 78' lang='lat'>‚</span> <span class='ocrx_word' id='word_1_234' title='bbox 561 3521 628 3580; x_wconf 88' lang='lat' dir='ltr'>aut</span> <span class='ocrx_word' id='word_1_235' title='bbox 660 3497 846 3609; x_wconf 78' lang='lat' dir='ltr'>perpensis</span> <span class='ocrx_word' id='word_1_236' title='bbox 861 3497 1019 3580; x_wconf 83' lang='lat' dir='ltr'>tenebris</span> <span class='ocrx_word' id='word_1_237' title='bbox 1034 3498 1214 3580; x_wconf 84' lang='lat' dir='ltr'>damnata</span> <span class='ocrx_word' id='word_1_238' title='bbox 1232 3559 1243 3602; x_wconf 93' lang='lat'>,</span> <span class='ocrx_word' id='word_1_239' title='bbox 1261 3519 1406 3610; x_wconf 84' lang='lat' dir='ltr'>praeter</span> <span class='ocrx_word' id='word_1_240' title='bbox 1422 3524 1542 3580; x_wconf 91' lang='lat' dir='ltr'>unum</span> <span class='ocrx_word' id='word_1_241' title='bbox 1558 3520 1626 3582; x_wconf 87' lang='lat' dir='ltr'>aut</span> 
     </span>
     <span class='ocr_line' id='line_1_28' title="bbox 181 3605 1624 3730; baseline 0.002 -39"><span class='ocrx_word' id='word_1_242' title='bbox 181 3605 267 3694; x_wconf 90' lang='lat' dir='ltr'>item</span> <span class='ocrx_word' id='word_1_243' title='bbox 294 3615 486 3716; x_wconf 89' lang='lat' dir='ltr'>alterum,</span> <span class='ocrx_word' id='word_1_244' title='bbox 515 3612 627 3728; x_wconf 93' lang='lat' dir='ltr'>quod</span> <span class='ocrx_word' id='word_1_245' title='bbox 647 3612 947 3728; x_wconf 88' lang='lat' dir='ltr'>conquirentium</span> <span class='ocrx_word' id='word_1_246' title='bbox 981 3640 1115 3698; x_wconf 88' lang='lat' dir='ltr'>manus</span> <span class='ocrx_word' id='word_1_247' title='bbox 1140 3611 1270 3730; x_wconf 77' lang='lat' dir='ltr'>elingit</span> <span class='ocrx_word' id='word_1_248' title='bbox 1291 3641 1369 3697; x_wconf 93' lang='lat' dir='ltr'>non</span> <span class='ocrx_word' id='word_1_249' title='bbox 1399 3613 1476 3696; x_wconf 91' lang='lat' dir='ltr'>sine</span> <span class='ocrx_word' id='word_1_250' title='bbox 1491 3612 1624 3724; x_wconf 87' lang='lat' dir='ltr'>Reipu-</span> 
     </span>
     <span class='ocr_line' id='line_1_29' title="bbox 182 3725 1625 3844; baseline -0.001 -33"><span class='ocrx_word' id='word_1_251' title='bbox 182 3725 300 3813; x_wconf 88' lang='lat' dir='ltr'>blicae</span> <span class='ocrx_word' id='word_1_252' title='bbox 321 3728 515 3814; x_wconf 86' lang='lat' dir='ltr'>litterariae</span> <span class='ocrx_word' id='word_1_253' title='bbox 530 3731 770 3834; x_wconf 84' lang='lat' dir='ltr'>commodo,</span> <span class='ocrx_word' id='word_1_254' title='bbox 797 3755 836 3816; x_wconf 91' lang='lat' dir='ltr'>ct</span> <span class='ocrx_word' id='word_1_255' title='bbox 865 3729 1154 3844; x_wconf 86' lang='lat' dir='ltr'>eloquentissimi</span> <span class='ocrx_word' id='word_1_256' title='bbox 1179 3728 1353 3820; x_wconf 87' lang='lat' dir='ltr'>Auctoris</span> <span class='ocrx_word' id='word_1_257' title='bbox 1381 3728 1509 3813; x_wconf 77' lang='lat' dir='ltr'>laude.</span> <span class='ocrx_word' id='word_1_258' title='bbox 1534 3732 1625 3812; x_wconf 88' lang='lat' dir='ltr'>Bar·</span> 
     </span>
     <span class='ocr_line' id='line_1_30' title="bbox 181 3841 1624 3962; baseline 0.003 -36"><span class='ocrx_word' id='word_1_259' title='bbox 181 3841 398 3930; x_wconf 88' lang='lat' dir='ltr'>tholomeus</span> <span class='ocrx_word' id='word_1_260' title='bbox 418 3851 559 3951; x_wconf 85' lang='lat' dir='ltr'>Casas,</span> <span class='ocrx_word' id='word_1_261' title='bbox 589 3845 656 3962; x_wconf 92' lang='lat' dir='ltr'>qui</span> <span class='ocrx_word' id='word_1_262' title='bbox 685 3846 825 3932; x_wconf 90' lang='lat' dir='ltr'>nullam</span> <span class='ocrx_word' id='word_1_263' title='bbox 853 3847 1108 3961; x_wconf 88' lang='lat' dir='ltr'>praetermittit</span> <span class='ocrx_word' id='word_1_264' title='bbox 1134 3850 1367 3934; x_wconf 85' lang='lat' dir='ltr'>occasionem</span> <span class='ocrx_word' id='word_1_265' title='bbox 1399 3845 1624 3931; x_wconf 84' lang='lat' dir='ltr'>contrariam</span> 
     </span>
     <span class='ocr_line' id='line_1_31' title="bbox 181 3962 1621 4080; baseline 0.001 -33"><span class='ocrx_word' id='word_1_266' title='bbox 181 3962 419 4078; x_wconf 83' lang='lat' dir='ltr'>Sepulvedae</span> <span class='ocrx_word' id='word_1_267' title='bbox 455 3963 674 4080; x_wconf 87' lang='lat' dir='ltr'>opinionem</span> <span class='ocrx_word' id='word_1_268' title='bbox 702 3966 837 4053; x_wconf 89' lang='lat' dir='ltr'>tuendi</span> <span class='ocrx_word' id='word_1_269' title='bbox 879 3964 980 4049; x_wconf 87' lang='lat' dir='ltr'>hanc</span> <span class='ocrx_word' id='word_1_270' title='bbox 1012 3965 1125 4050; x_wconf 90' lang='lat' dir='ltr'>etiam</span> <span class='ocrx_word' id='word_1_271' title='bbox 1156 3966 1267 4052; x_wconf 91' lang='lat' dir='ltr'>libelli</span> <span class='ocrx_word' id='word_1_272' title='bbox 1299 3964 1621 4050; x_wconf 82' lang='lat' dir='ltr'>damnationem1</span> 
     </span>
    </p>
   </div>
   <div class='ocr_carea' id='block_1_3' title="bbox 1513 4111 1625 4168">
    <p class='ocr_par' dir='ltr' id='par_1_3' title="bbox 1513 4111 1625 4168">
     <span class='ocr_line' id='line_1_32' title="bbox 1513 4111 1625 4168; baseline 0.018 -2"><span class='ocrx_word' id='word_1_273' title='bbox 1513 4111 1625 4168; x_wconf 72' lang='lat' dir='ltr'>(Om-</span> 
     </span>
    </p>
   </div>
   <div class='ocr_carea' id='block_1_4' title="bbox 178 4194 1625 5055">
    <p class='ocr_par' dir='ltr' id='par_1_4' title="bbox 178 4194 1625 5054">
     <span class='ocr_line' id='line_1_33' title="bbox 224 4194 1625 4272; baseline 0.008 -23"><span class='ocrx_word' id='word_1_274' title='bbox 224 4211 238 4249; x_wconf 92' lang='lat' dir='ltr'>r</span> <span class='ocrx_word' id='word_1_275' title='bbox 280 4195 361 4253; x_wconf 76' lang='lat' dir='ltr'>vide</span> <span class='ocrx_word' id='word_1_276' title='bbox 382 4194 593 4272; x_wconf 81' lang='lat' dir='ltr'>praefationem</span> <span class='ocrx_word' id='word_1_277' title='bbox 617 4200 832 4256; x_wconf 83' lang='lat' dir='ltr'>controuersiae</span> <span class='ocrx_word' id='word_1_278' title='bbox 849 4196 959 4256; x_wconf 77' lang='lat' dir='ltr'>Casum</span> <span class='ocrx_word' id='word_1_279' title='bbox 978 4198 1055 4254; x_wconf 84' lang='lat' dir='ltr'>inter</span> <span class='ocrx_word' id='word_1_280' title='bbox 1075 4210 1104 4254; x_wconf 82' lang='lat' dir='ltr'>et</span> <span class='ocrx_word' id='word_1_281' title='bbox 1132 4195 1324 4270; x_wconf 83' lang='lat' dir='ltr'>Sepulredrm</span> <span class='ocrx_word' id='word_1_282' title='bbox 1349 4195 1494 4255; x_wconf 77' lang='lat' dir='ltr'>valdoliti</span> <span class='ocrx_word' id='word_1_283' title='bbox 1513 4200 1625 4260; x_wconf 81' lang='lat' dir='ltr'>editam</span> 
     </span>
     <span class='ocr_line' id='line_1_34' title="bbox 184 4275 1624 4354; baseline 0.008 -27"><span class='ocrx_word' id='word_1_284' title='bbox 184 4288 262 4330; x_wconf 79' lang='lat' dir='ltr'>anuo</span> <span class='ocrx_word' id='word_1_285' title='bbox 278 4287 363 4348; x_wconf 71' lang='lat'>1552.</span> <span class='ocrx_word' id='word_1_286' title='bbox 379 4279 425 4332; x_wconf 87' lang='lat' dir='ltr'>ubi</span> <span class='ocrx_word' id='word_1_287' title='bbox 442 4277 514 4334; x_wconf 84' lang='lat' dir='ltr'>haee</span> <span class='ocrx_word' id='word_1_288' title='bbox 526 4278 585 4334; x_wconf 86' lang='lat' dir='ltr'>ille.</span> <span class='ocrx_word' id='word_1_289' title='bbox 612 4279 665 4335; x_wconf 91' lang='lat' dir='ltr'>No</span> <span class='ocrx_word' id='word_1_290' title='bbox 678 4288 807 4334; x_wconf 80' lang='lat' dir='ltr'>contente</span> <span class='ocrx_word' id='word_1_291' title='bbox 820 4275 850 4334; x_wconf 84' lang='lat' dir='ltr'>el</span> <span class='ocrx_word' id='word_1_292' title='bbox 863 4279 985 4340; x_wconf 87' lang='lat' dir='ltr'>doctor(</span> <span class='ocrx_word' id='word_1_293' title='bbox 996 4275 1178 4348; x_wconf 82' lang='lat' dir='ltr'>Sepulveda)</span> <span class='ocrx_word' id='word_1_294' title='bbox 1193 4289 1299 4350; x_wconf 80' lang='lat' dir='ltr'>,antes</span> <span class='ocrx_word' id='word_1_295' title='bbox 1317 4296 1379 4354; x_wconf 75' lang='lat' dir='ltr'>moy</span> <span class='ocrx_word' id='word_1_296' title='bbox 1393 4293 1515 4350; x_wconf 69' lang='lat' dir='ltr'>questoso</span> <span class='ocrx_word' id='word_1_297' title='bbox 1527 4279 1562 4336; x_wconf 86' lang='lat' dir='ltr'>de</span> <span class='ocrx_word' id='word_1_298' title='bbox 1576 4280 1624 4338; x_wconf 84' lang='lat' dir='ltr'>les</span> 
     </span>
     <span class='ocr_line' id='line_1_35' title="bbox 182 4352 1625 4432; baseline 0.007 -23"><span class='ocrx_word' id='word_1_299' title='bbox 182 4352 413 4412; x_wconf 79' lang='lat' dir='ltr'>Universt&#39;dades</span> <span class='ocrx_word' id='word_1_300' title='bbox 422 4395 434 4426; x_wconf 91' lang='lat'><strong><em>,</em></strong></span> <span class='ocrx_word' id='word_1_301' title='bbox 445 4356 571 4428; x_wconf 75' lang='lat' dir='ltr'>acordt,</span> <span class='ocrx_word' id='word_1_302' title='bbox 585 4374 620 4412; x_wconf 86' lang='lat' dir='ltr'>no</span> <span class='ocrx_word' id='word_1_303' title='bbox 632 4355 778 4414; x_wconf 62' lang='lat' dir='ltr'>metantes</span> <span class='ocrx_word' id='word_1_304' title='bbox 791 4355 837 4411; x_wconf 85' lang='lat' dir='ltr'>los</span> <span class='ocrx_word' id='word_1_305' title='bbox 850 4357 966 4414; x_wconf 75' lang='lat' dir='ltr'>mucias</span> <span class='ocrx_word' id='word_1_306' title='bbox 977 4353 1110 4428; x_wconf 81' lang='lat' dir='ltr'>repulsos</span> <span class='ocrx_word' id='word_1_307' title='bbox 1129 4373 1181 4432; x_wconf 81' lang='lat' dir='ltr'>que</span> <span class='ocrx_word' id='word_1_308' title='bbox 1197 4357 1292 4415; x_wconf 85' lang='lat' dir='ltr'>ambos</span> <span class='ocrx_word' id='word_1_309' title='bbox 1312 4361 1443 4427; x_wconf 73' lang='lat' dir='ltr'>noroeyos</span> <span class='ocrx_word' id='word_1_310' title='bbox 1464 4357 1574 4418; x_wconf 84' lang='lat' dir='ltr'>Reoler</span> <span class='ocrx_word' id='word_1_311' title='bbox 1593 4359 1625 4419; x_wconf 79' lang='lat' dir='ltr'>le</span> 
     </span>
     <span class='ocr_line' id='line_1_36' title="bbox 184 4429 1625 4516; baseline 0.008 -30"><span class='ocrx_word' id='word_1_312' title='bbox 184 4429 290 4488; x_wconf 78' lang='lat' dir='ltr'>bobien</span> <span class='ocrx_word' id='word_1_313' title='bbox 306 4434 401 4504; x_wconf 81' lang='lat' dir='ltr'>dedo,</span> <span class='ocrx_word' id='word_1_314' title='bbox 417 4435 522 4492; x_wconf 76' lang='lat' dir='ltr'>ennias</span> <span class='ocrx_word' id='word_1_315' title='bbox 539 4452 572 4492; x_wconf 84' lang='lat' dir='ltr'>tu</span> <span class='ocrx_word' id='word_1_316' title='bbox 585 4436 703 4492; x_wconf 84' lang='lat' dir='ltr'>trorado</span> <span class='ocrx_word' id='word_1_317' title='bbox 716 4453 734 4490; x_wconf 87' lang='lat' dir='ltr'>o</span> <span class='ocrx_word' id='word_1_318' title='bbox 747 4433 839 4494; x_wconf 82' lang='lat' dir='ltr'>Romo</span> <span class='ocrx_word' id='word_1_319' title='bbox 857 4453 874 4491; x_wconf 87' lang='lat' dir='ltr'>o</span> <span class='ocrx_word' id='word_1_320' title='bbox 895 4455 943 4492; x_wconf 82' lang='lat' dir='ltr'>stes</span> <span class='ocrx_word' id='word_1_321' title='bbox 954 4437 1089 4516; x_wconf 77' lang='lat' dir='ltr'>staigos„</span> <span class='ocrx_word' id='word_1_322' title='bbox 1103 4450 1179 4510; x_wconf 84' lang='lat' dir='ltr'>poro</span> <span class='ocrx_word' id='word_1_323' title='bbox 1206 4455 1258 4512; x_wconf 75' lang='lat' dir='ltr'>que</span> <span class='ocrx_word' id='word_1_324' title='bbox 1273 4437 1306 4494; x_wconf 85' lang='lat' dir='ltr'>lo</span> <span class='ocrx_word' id='word_1_325' title='bbox 1325 4438 1453 4496; x_wconf 80' lang='lat' dir='ltr'>bicieserr</span> <span class='ocrx_word' id='word_1_326' title='bbox 1473 4439 1625 4512; x_wconf 69' lang='lat' dir='ltr'>imprimit*</span> 
     </span>
     <span class='ocr_line' id='line_1_37' title="bbox 181 4511 1621 4599; baseline 0.011 -35"><span class='ocrx_word' id='word_1_327' title='bbox 181 4525 289 4584; x_wconf 76' lang='lat' dir='ltr'>auoque</span> <span class='ocrx_word' id='word_1_328' title='bbox 302 4512 403 4582; x_wconf 77' lang='lat' dir='ltr'>debajo</span> <span class='ocrx_word' id='word_1_329' title='bbox 420 4515 454 4572; x_wconf 82' lang='lat' dir='ltr'>de</span> <span class='ocrx_word' id='word_1_330' title='bbox 467 4511 575 4587; x_wconf 73' lang='lat' dir='ltr'>forato</span> <span class='ocrx_word' id='word_1_331' title='bbox 598 4515 633 4572; x_wconf 84' lang='lat' dir='ltr'>de</span> <span class='ocrx_word' id='word_1_332' title='bbox 647 4515 744 4572; x_wconf 75' lang='lat' dir='ltr'>cierta</span> <span class='ocrx_word' id='word_1_333' title='bbox 757 4513 896 4594; x_wconf 80' lang='lat' dir='ltr'>apologlo</span> <span class='ocrx_word' id='word_1_334' title='bbox 908 4555 922 4588; x_wconf 73' lang='lat'>,</span> <span class='ocrx_word' id='word_1_335' title='bbox 932 4533 986 4590; x_wconf 78' lang='lat' dir='ltr'>qur</span> <span class='ocrx_word' id='word_1_336' title='bbox 999 4517 1086 4574; x_wconf 78' lang='lat' dir='ltr'>hobia</span> <span class='ocrx_word' id='word_1_337' title='bbox 1099 4519 1229 4592; x_wconf 77' lang='lat' dir='ltr'>ascripto</span> <span class='ocrx_word' id='word_1_338' title='bbox 1245 4517 1275 4574; x_wconf 83' lang='lat' dir='ltr'>al</span> <span class='ocrx_word' id='word_1_339' title='bbox 1289 4517 1397 4592; x_wconf 79' lang='lat' dir='ltr'>Ohr&#39;spo</span> <span class='ocrx_word' id='word_1_340' title='bbox 1416 4521 1454 4577; x_wconf 85' lang='lat' dir='ltr'>de</span> <span class='ocrx_word' id='word_1_341' title='bbox 1471 4518 1621 4599; x_wconf 80' lang='lat' dir='ltr'>Segoniar</span> 
     </span>
     <span class='ocr_line' id='line_1_38' title="bbox 178 4591 1623 4690; baseline 0.007 -40"><span class='ocrx_word' id='word_1_342' title='bbox 178 4600 288 4666; x_wconf 70' lang='lat' dir='ltr'>perque</span> <span class='ocrx_word' id='word_1_343' title='bbox 311 4591 341 4650; x_wconf 83' lang='lat' dir='ltr'>el</span> <span class='ocrx_word' id='word_1_344' title='bbox 361 4593 446 4650; x_wconf 80' lang='lat' dir='ltr'>dicho</span> <span class='ocrx_word' id='word_1_345' title='bbox 466 4610 498 4648; x_wconf 85' lang='lat' dir='ltr'>ru</span> <span class='ocrx_word' id='word_1_346' title='bbox 518 4591 619 4664; x_wconf 81' lang='lat' dir='ltr'>libro,</span> <span class='ocrx_word' id='word_1_347' title='bbox 639 4593 668 4690; x_wconf 68' lang='lat' dir='ltr'>Ie</span> <span class='ocrx_word' id='word_1_348' title='bbox 691 4593 781 4652; x_wconf 75' lang='lat' dir='ltr'>lauta</span> <span class='ocrx_word' id='word_1_349' title='bbox 803 4611 880 4652; x_wconf 86' lang='lat' dir='ltr'>como</span> <span class='ocrx_word' id='word_1_350' title='bbox 905 4607 987 4654; x_wconf 80' lang='lat' dir='ltr'>entre</span> <span class='ocrx_word' id='word_1_351' title='bbox 1011 4600 1123 4678; x_wconf 69' lang='lat' dir='ltr'>uulgus</span> <span class='ocrx_word' id='word_1_352' title='bbox 1142 4618 1164 4676; x_wconf 84' lang='lat' dir='ltr'><em>y</em></span> <span class='ocrx_word' id='word_1_353' title='bbox 1180 4600 1327 4674; x_wconf 67' lang='lat' dir='ltr'>prosim</span> <span class='ocrx_word' id='word_1_354' title='bbox 1344 4613 1399 4672; x_wconf 81' lang='lat' dir='ltr'>por</span> <span class='ocrx_word' id='word_1_355' title='bbox 1418 4602 1514 4657; x_wconf 66' lang='lat' dir='ltr'>merto</span> <span class='ocrx_word' id='word_1_356' title='bbox 1534 4610 1623 4660; x_wconf 86' lang='lat' dir='ltr'>corta</span> 
     </span>
     <span class='ocr_line' id='line_1_39' title="bbox 181 4665 1622 4838; baseline 0.008 -33"><span class='ocrx_word' id='word_1_357' title='bbox 181 4665 1169 4829; x_wconf 55' lang='lat' dir='ltr'>tttihtllltff&#39;matttlaldttl,iahtsah</span> <span class='ocrx_word' id='word_1_358' title='bbox 1183 4676 1622 4838; x_wconf 55' lang='lat' dir='ltr'>staretstart}</span> 
     </span>
     <span class='ocr_line' id='line_1_40' title="bbox 181 4827 1623 4918; baseline 0.012 -40"><span class='ocrx_word' id='word_1_359' title='bbox 181 4838 215 4878; x_wconf 79' lang='lat' dir='ltr'>tro</span> <span class='ocrx_word' id='word_1_360' title='bbox 238 4829 424 4899; x_wconf 76' lang='lat' dir='ltr'>parentemn</span> <span class='ocrx_word' id='word_1_361' title='bbox 451 4829 532 4887; x_wconf 77' lang='lat' dir='ltr'>rodes</span> <span class='ocrx_word' id='word_1_362' title='bbox 554 4827 599 4888; x_wconf 82' lang='lat' dir='ltr'>los</span> <span class='ocrx_word' id='word_1_363' title='bbox 620 4829 713 4887; x_wconf 76' lang='lat' dir='ltr'>libros</span> <span class='ocrx_word' id='word_1_364' title='bbox 732 4833 755 4889; x_wconf 86' lang='grc' dir='ltr'><em>ό</em></span> <span class='ocrx_word' id='word_1_365' title='bbox 775 4841 842 4890; x_wconf 84' lang='lat' dir='ltr'>tros</span> <span class='ocrx_word' id='word_1_366' title='bbox 855 4834 925 4890; x_wconf 86' lang='lat' dir='ltr'>ades</span> <span class='ocrx_word' id='word_1_367' title='bbox 951 4833 1029 4892; x_wconf 81' lang='lat' dir='ltr'>della</span> <span class='ocrx_word' id='word_1_368' title='bbox 1045 4853 1054 4894; x_wconf 77' lang='lat' dir='ltr'>a</span> <span class='ocrx_word' id='word_1_369' title='bbox 1073 4854 1094 4912; x_wconf 84' lang='lat' dir='ltr'><em>y</em></span> <span class='ocrx_word' id='word_1_370' title='bbox 1113 4836 1162 4892; x_wconf 82' lang='lat' dir='ltr'>osi</span> <span class='ocrx_word' id='word_1_371' title='bbox 1188 4853 1221 4894; x_wconf 85' lang='lat' dir='ltr'>se</span> <span class='ocrx_word' id='word_1_372' title='bbox 1242 4837 1408 4893; x_wconf 71' lang='lat' dir='ltr'>mandaret</span> <span class='ocrx_word' id='word_1_373' title='bbox 1423 4855 1547 4918; x_wconf 81' lang='lat' dir='ltr'>recoger</span> <span class='ocrx_word' id='word_1_374' title='bbox 1564 4852 1623 4911; x_wconf 87' lang='lat' dir='ltr'>por·</span> 
     </span>
     <span class='ocr_line' id='line_1_41' title="bbox 181 4903 1623 5054; baseline 0.011 -96"><span class='ocrx_word' id='word_1_375' title='bbox 181 4903 402 4970; x_wconf 68' lang='lat' dir='ltr'>redemtus.</span> <span class='ocrx_word' id='word_1_376' title='bbox 420 4907 446 4984; x_wconf 54' lang='grc' dir='ltr'>Υ,</span> <span class='ocrx_word' id='word_1_377' title='bbox 454 4920 565 4990; x_wconf 73' lang='lat' dir='ltr'>perque</span> <span class='ocrx_word' id='word_1_378' title='bbox 578 4907 609 4968; x_wconf 84' lang='lat' dir='ltr'>el</span> <span class='ocrx_word' id='word_1_379' title='bbox 620 4909 835 4990; x_wconf 53' lang='lat' dir='ltr'>diebodoetor,</span> <span class='ocrx_word' id='word_1_380' title='bbox 851 4912 1036 4974; x_wconf 75' lang='lat' dir='ltr'>ltr&#39;aoclerto</span> <span class='ocrx_word' id='word_1_381' title='bbox 1053 4913 1198 4988; x_wconf 74' lang='lat' dir='ltr'>Sertorio</span> <span class='ocrx_word' id='word_1_382' title='bbox 1212 4930 1248 4988; x_wconf 77' lang='lat' dir='ltr'>tp</span> <span class='ocrx_word' id='word_1_383' title='bbox 1262 4914 1406 4977; x_wconf 74' lang='lat' dir='ltr'>Rumam</span> <span class='ocrx_word' id='word_1_384' title='bbox 1427 4915 1477 4978; x_wconf 79' lang='lat' dir='ltr'>del</span> <span class='ocrx_word' id='word_1_385' title='bbox 1489 4917 1623 5054; x_wconf 55' lang='grc' dir='ltr'>άίεὶοῖρ</span> 
     </span>
    </p>

    <p class='ocr_par' dir='ltr' id='par_1_5' title="bbox 507 5011 1623 5055">
     <span class='ocr_line' id='line_1_42' title="bbox 507 5011 1623 5055; baseline 0.004 0"><span class='ocrx_word' id='word_1_386' title='bbox 507 5045 518 5055; x_wconf 43' lang='lat'>,2</span> <span class='ocrx_word' id='word_1_387' title='bbox 1592 5011 1623 5052; x_wconf 67' lang='grc' dir='ltr'>Ι·</span> 
     </span>
    </p>
   </div>
   <div class='ocr_carea' id='block_1_5' title="bbox 0 0 2188 5984">
    <p class='ocr_par' dir='ltr' id='par_1_6' title="bbox 0 0 2188 5984">
     <span class='ocr_line' id='line_1_43' title="bbox 0 0 2188 5984; baseline 0 1"><span class='ocrx_word' id='word_1_388' title='bbox 0 0 2188 5984; x_wconf 95' lang='lat' dir='ltr'> </span> 
     </span>
    </p>
   </div>
  </div>
 </body>
</html>
