4284 5982
547 423 1130 539 uuuunnrtottrssnrs.
1221 370 1228 387 ’
1370 431 1607 523 „cxxxvii

210 563 310 630 Euro.
325 563 414 630 1³11.
1370 553 1469 634 Eure.
1484 554 1604 624 Mart.

467 653 555 747 Cap.
593 651 641 720 11.

166 772 249 822 ιιι.
303 773 366 844 ²4·
464 749 628 828 Secundam
660 749 804 820 ιὶιιιιιιιιι
828 747 909 843 copia
940 767 1038 820 reram
1058 749 1283 820 necessariarum
1298 765 1330 818 rt
1380 763 1463 834 255.
1506 747 1619 836 olim.

510 849 722 920 remeatum
744 848 932 918 imtractrtrt.

160 941 247 1025 ibid.
304 969 366 1040 31.
466 947 535 1018 Vix
557 963 666 1042 potest
690 944 777 1016 inter
794 945 1015 1040 Respublicas
1035 943 1138 1016 etiam
1163 942 1325 1040 deprava·
1377 944 1459 1036 256.
1511 962 1543 1032 5.

506 1063 564 1116 'tas
590 1042 785 1128 numerari,
811 1062 850 1114 ut
875 1044 943 1140 ipse
974 1042 1078 1116 docet
1105 1043 1191 1114 libro
1219 1065 1324 1136 quar·

510 1161 552 1214 to
609 1167 639 1214 c.
662 1143 701 1212 8.

120 1271 130 1280 ·
162 1238 249 1322 ibid.
258 1241 294 1321 b.
345 1271 383 1340 7.
463 1242 552 1314 Nam
570 1191 771 1338 popularem
788 1239 1047 1339 Rempublicatn
1068 1239 1232 1312 bonarum
1249 1261 1324 1338 pes·
1374 1237 1459 1320 ibid·
1532 1243 1568 1314 8.

509 1342 650 1424 simam,
668 1341 831 1414 malarum
846 1340 1009 1439 optimam
1033 1360 1100 1410 csse
1122 1339 1218 1412 dixit.

458 1440 528 1516 Hic
537 1438 696 1528 interjicit
718 1457 836 1510 auctor
858 1461 996 1535 sequens
1018 1437 1179 1511 scholion.

457 1541 494 1614 ld
515 1559 587 1623 ert,
618 1540 728 1634 optim
755 1558 913 1632 perrarum
947 1538 1093 1634 puertia.
1127 1543 1314 1614 Paucorum

446 1717 450 1723 ,
508 1637 659 1734 potentia
689 1633 773 1708 dixit
810 1661 872 1733 pro
899 1655 987 1708 statu
1014 1635 1230 1732 optimatum.
1258 1641 1317 1710 De

509 1735 605 1808 bonis
630 1735 720 1816 enirn
749 1733 990 1833 rebuspublicis
1017 1735 1118 1808 verba
1146 1732 1251 1818 facit,
1280 1754 1314 1810 et

506 1853 614 1908 status
645 1833 846 1931 optimatum
886 1855 1071 1932 paucorum
1106 1834 1314 1931 optimorum
1419 1915 1422 1924 ,

507 1933 657 2006 virorum
686 1932 871 2030 respublica
899 1953 959 2004 cst.
997 1935 1093 2002 Plato
1118 1933 1221 2034 igitur
1247 1956 1312 2030 po·

507 2035 655 2130 palareor
695 2031 941 2129 rempublicam
973 2049 1063 2104 stou
1095 2031 1311 2132 optimatum,

504 2149 538 2201 et
561 2155 699 2230 regno,
729 2151 763 2201 ct
786 2131 956 2228 republica
989 2130 1133 2227 pejorem
1158 2151 1223 2200 esse
1254 2131 1309 2204 di·

503 2228 633 2309 cebata
660 2227 831 2302 meliorem
872 2247 985 2301 autem
1026 2226 1238 2322 tyrannide,
1273 2247 1307 2299 et

503 2351 691 2427 paucorum
715 2325 900 2424 potentia,
929 2347 1016 2422 quae
1039 2327 1168 2441 proprie
1189 2325 1311 2398 intelli·
1421 2406 1424 2417 Ι
1481 2405 1487 2417 ,

503 2427 605 2526 gitur.
644 2425 752 2517 Quod
767 2448 940 2525 perperam
964 2423 1124 2498 tradrtum
1151 2445 1216 2496 esse
1234 2426 1311 2500 Ati-

505 2528 639 2600 stoteles
663 2527 709 2598 ait
719 2533 786 2597 &o

457 2630 543 2722 cap
571 2629 636 2698 111.

456 2721 506 2794 Ut
534 2725 600 2822 ipse
618 2724 769 2798 declarat
792 2727 898 2822 ,paulo
921 2741 997 2822 post
1018 2727 1128 2820 capite
1154 2726 1236 2796 1111.
1364 2724 1446 2819 258.
1500 2751 1535 2820 ς,

456 2822 504 2893 Ut
521 2841 704 2899 auctorest
729 2823 818 2896 idem
849 2825 1045 2900 Aristotcles
1071 2825 1314 2922 Meteorologi·
1364 2845 1448 2916 259.
1477 2850 1534 2898 ιο.

504 2945 621 2996 comm
644 2923 735 2994 libro
760 2927 807 2994 He
1132 2976 1135 2984 ·

454 3021 535 3096 Hoc
554 3023 594 3097 io
618 3023 695 3094 loeo
720 3021 880 3094 interserit
905 3040 1025 3096 auctor
1057 3019 1124 3094 boc
1154 3022 1315 3104 scholion.
1370 3027 1451 3096 262.
1475 3041 1552 3118 post

454 3126 510 3198 rer
544 3145 593 3194 ιιιι
619 3140 695 3192 ιιιιι
721 3141 819 3192 statar
850 3123 1006 3216 popularis.
1041 3121 1085 3192 td
1109 3140 1183 3206 est,
1207 3123 1315 3206 elpis.
1364 3123 1466 3198 schol.
1498 3139 1534 3210 9.

504 3221 557 3292 Sic
590 3219 749 3314 scriptum
781 3238 830 3290 est
859 3221 896 3290 in
931 3217 1087 3290 omnibus
1114 3223 1315 3314 exemplari-

502 3320 569 3393 bus
594 3315 759 3401 Graecis,
787 3339 874 3412 quae
909 3317 991 3388 milri
1023 3317 1132 3388 videre
1154 3315 1309 3412 contigit.

503 3418 536 3488 si
544 3415 781 3509 ·quod,tamen
798 3439 860 3512 pro
882 3416 1121 3500 arpenaberee
1140 3409 1309 3502 ὅλιγιςχῖκ,

462 3567 467 3574 -
503 3513 714 3588 commodior
735 3537 845 3588 sensus
866 3513 1057 3599 videretur,
1078 3537 1122 3586 ne
1147 3516 1196 3586 bis
1218 3517 1308 3586 idem

503 3615 694 3710 exemplum
735 3633 938 3712 repeteretur
965 3615 1001 3686 in
1033 3612 1153 3686 codem
1189 3614 1309 3710 capite.

507 3717 595 3786 Nam
624 3711 721 3807 quod
751 3736 848 3810 supra
879 3712 1055 3785 diritati
1088 3733 1182 3785 errent
1214 3735 1311 3786 amnes

504 3816 583 3884 nite
606 3813 726 3882 cruenti
752 3831 785 3882 ct
809 3834 839 3884 ο.
860 3810 1018 3884 eumdem
1040 3834 1169 3886 emtum
1192 3807 1336 3897 habet„

505 3934 608 4006 quem
634 3907 714 3981 haec
736 3911 866 3981 oratio:
888 3912 944 3981 Stel
968 3930 1142 3982 tetstatur
1164 3911 1311 4004 popularis

393 4051 397 4060 ·
506 4029 541 4090 et
564 4031 595 4082 c.
615 4011 655 4080 In
673 4011 827 4106 exemplo
846 4010 935 4081 enim
953 4010 1117 4105 superiore
1138 4005 1311 4101 proximo·
1418 4068 1420 4079 .

501 4129 573 4202 que
588 4107 700 4200 siquis
725 4109 889 4206 proditae
903 4125 1072 4202 reponeret
1088 4103 1254 4198 ὄιιγιςχίιι,
1271 4122 1311 4194 ut

505 4207 612 4279 lacere
641 4203 779 4298 quidam
812 4205 863 4275 vir
893 4203 1015 4278 doctus
1053 4225 1145 4290 meus
1185 4204 1311 4278 amicus
1367 4295 1369 4302 y

507 4304 688 4387 censebat,
710 4325 838 4376 sensum
857 4326 1095 4400 corrumperet.
1113 4306 1205 4373 Esset
1220 4303 1311 4376 eninr

504 4402 653 4492 ejusdem
689 4402 830 4498 exempli
864 4402 975 4498 inepta
1011 4400 1165 4502 repetitio
1194 4399 1228 4470 in
1253 4425 1311 4473 eo·

503 4502 585 4574 dem
620 4499 726 4596 capite
749 4549 760 4585 ,
783 4522 863 4571 curo
898 4499 1053 4576 eumdem
1088 4522 1217 4572 sensum
1249 4499 1312 4572 ba·
1455 4511 1464 4542 ⁸

508 4599 608 4672 beant
639 4601 739 4671 verba
768 4600 898 4670 illaesi
925 4603 1009 4696 peuri
1040 4621 1135 4674 errent
1169 4604 1248 4693 egeni
1274 4619 1308 4671 ct

507 4721 539 4768 c.
565 4696 654 4770 Illud
679 4715 791 4770 autem
813 4717 943 4770 certum
970 4719 1046 4787 est,
1070 4711 1228 4786 neutrum
1256 4702 1311 4771 lo·

508 4818 588 4866 cum
619 4818 710 4897 posse
741 4794 809 4868 falsi
835 4797 1014 4884 convinci,
1038 4819 1096 4869 aut
1119 4799 1314 4870 inconstan·
1402 4849 1405 4858 ·

509 4892 602 4982 tiae,
628 4895 723 4988 quasi
754 4895 880 4990 aliquid
911 4893 1029 4968 habeat
1063 4895 1241 4972 abhorrens
1270 4897 1315 4967 ab

912 4996 933 5063 S
1236 4993 1318 5082 Aria
