4298 5980
588 493 825 582 ennom
874 498 927 580 v.
969 499 1085 579 cru.
1126 497 1180 578 ν.
1511 501 1587 591 171
1728 469 1757 542 -’

168 657 303 764 tribus
339 652 432 760 aliis
469 649 695 800 equitibus
730 653 913 758 invectis
925 734 941 779 ,
977 691 1021 759 et
1057 652 1114 758 ab
1148 651 1248 780 his,
1284 687 1335 762 ut
1368 655 1415 760 in
1452 659 1630 762 societa-

166 841 260 908 tem
296 803 509 948 praedae,
545 797 753 944 captique
789 803 923 944 Regis
960 802 1322 940 admitterentur,
1370 805 1629 945 postulanti-

166 950 277 1113 btp,
320 947 504 1049 Carolus
546 954 738 1078 Lanojus
784 947 1089 1088 superveniens
1131 949 1475 1049 controversiam
1511 948 1629 1049 dire-

163 1131 283 1210 mrt,
319 1132 481 1234 eosque
517 1131 584 1212 se,
616 1125 748 1232 prout
784 1092 972 1234 quisque
998 1091 1177 1212 meritus
1202 1127 1312 1194 esset
1323 1168 1338 1213 ‚
1366 1093 1629 1195 donaturum

163 1235 425 1377 pollicitus,
459 1247 635 1378 Regem
671 1234 881 1338 abduxit.

258 1388 453 1482 XXXV.
545 1376 679 1520 Capti
719 1377 853 1478 etiam
896 1379 1194 1504 Almirallius,
1231 1418 1274 1483 et
1309 1377 1509 1483 Thomas
1545 1393 1630 1484 Fu-

163 1521 286 1642 sius,
323 1521 558 1624 Galleatius
592 1521 921 1644 Sanseverinus,
965 1525 1046 1666 qui
1082 1529 1137 1629 ab
1179 1521 1333 1628 officio
1375 1563 1419 1626 et
1462 1525 1629 1628 honore
1722 1537 1724 1542 ’

163 1707 326 1802 magnus
371 1671 550 1802 Scutifo
591 1707 618 1766 a
662 1665 794 1768 Gallis
843 1667 1107 1779 dicebatur3
1156 1709 1376 1814 praeterea
1431 1668 1628 1807 Jacobus

164 1806 458 1931 Cabanaeus,
505 1846 550 1910 et
590 1809 681 1911 alii·
707 1809 839 1912 multi
880 1852 1119 1953 proceres3
1166 1851 1246 1913 nec
1287 1813 1417 1948 hujus
1464 1812 1629 1912 ordinis

165 1952 405 2094 quisquam
445 1945 652 2055 omnium
694 1949 886 2093 effugit,
930 1991 1097 2094 praeter
1140 1957 1352 2057 Carolum
1396 1954 1630 2057 Alansonii

165 2107 382 2218 Ducem,
423 2135 560 2238 quern
600 2131 730 2235 supra
777 2094 1139 2198 nominavimus.
1190 2107 1357 2238 Magna
1411 2133 1630 2238 praeterea

56 2321 59 2328 .
165 2240 298 2341 rurba
333 2241 565 2341 Gallorum
599 2239 799 2382 equitum
834 2275 996 2379 capta,
1033 2240 1115 2380 qui
1156 2247 1482 2342 Germanorum
1524 2279 1630 2380 par·
1708 2349 1710 2354 ,

166 2417 214 2480 ta
254 2379 404 2484 eriam*
429 2382 612 2484 victoria
647 2383 935 2484 saevientium
970 2383 1084 2485 iram
1121 2418 1393 2503 metuentes,
1430 2424 1516 2482 sese
1545 2383 1631 2484 Hi-

165 2525 344 2664 spanis,
380 2563 572 2667 quorum
610 2525 761 2626 mitior
797 2562 861 2626 est
895 2524 1218 2666 humaniorque
1253 2561 1438 2645 natura,
1474 2560 1516 2628 et
1552 2566 1631 2626 ex-

165 2702 233 2766 tra
268 2666 479 2813 praelium
514 2668 770 2771 acaedibus
806 2667 1076 2790 abhorrens,
1113 2705 1271 2810 sponte
1307 2671 1550 2789 dedebant,
1587 2705 1632 2770 et

167 2812 569 2934 commendabant,
611 2854 667 2916 ne
695 2814 756 2915 sic
785 2815 969 2956 quidem
995 2814 1237 2917 valentibus
1283 2813 1501 2914 nonnullis
1537 2853 1632 2914 ma·
1746 2889 1749 2896 -

166 2991 251 3054 nus
287 2968 612 3059 Germanorum
646 2955 864 3102 effugere.
897 2969 961 3060 Ex
1001 2958 1267 3062 Caesarianis
1306 2955 1512 3100 perpauci
1549 2957 1632 3057 de-

167 3097 374 3208 sideratis
411 3101 620 3205 Marchio
660 3103 900 3224 Piscariae,
936 3104 1045 3203 dum
1081 3104 1194 3204 inter
1211 3102 1398 3346 primos
1435 3135 1632 3202 versatur
1676 3099 1680 3110 ’

166 3242 221 3344 in
262 3245 458 3382 praelio,
502 3286 594 3387 quo
636 3248 836 3350 Helvetii
877 3289 904 3349 a
944 3247 1171 3350 Germanis
1231 3247 1298 3347 usi
1339 3281 1478 3365 sunt,
1526 3246 1631 3345 duas

165 3385 355 3529 plagas,
391 3389 573 3492 alteram
609 3392 819 3495 leviorem
855 3392 901 3493 in
937 3385 1076 3515 facie,
1112 3391 1292 3494 alteram
1326 3390 1566 3491 secundum
1600 3387 1632 3488 i·

167 3529 232 3630 lia
262 3531 499 3673 ancipitem
527 3535 718 3677 accepit.
749 3539 832 3638 His
860 3536 1041 3639 Carolus
1077 3533 1371 3657 Madrit'rum,
1407 3532 1488 3636 ubi
1523 3569 1631 3634 tunc

166 3673 399 3818 agitabat,
431 3679 671 3800 nuntiatb,
699 3719 974 3822 quamquam
1008 3680 1218 3783 victoriae
1253 3681 1427 3782 nuntius
1464 3677 1504 3777 ei
1540 3711 1633 3774 non

168 3814 366 3962 ingratus
403 3823 547 3924 evenit
559 3902 577 3945 ,
612 3859 758 3928 tamen
795 3827 1037 3968 quiscum
1073 3826 1317 3930 multorum
1353 3819 1632 3922 Christiano-

172 3997 273 4064 rum
316 3968 447 4068 caede
490 4006 613 4112 parta
654 4007 744 4072 erat
767 3973 793 4091 ,'
825 3971 989 4074 nullam
1031 4013 1083 4073 ex
1124 4009 1248 4072 more
1292 3960 1631 4110 gratulationem

171 4101 348 4243 publice
385 4107 476 4209 fieri
516 4099 665 4250 passus
701 4152 793 4235 est,
831 4157 912 4217 nec
948 4118 1040 4256 ipse
1076 4111 1237 4214 laetitia
1273 4105 1528 4228 exsultavit,
1556 4105 1631 4206 sed
1688 4219 1689 4223 Ν

174 4246 391 4390 gaudium
426 4255 650 4357 moderate
683 4295 769 4398 pro
806 4298 883 4360 sua
919 4255 1130 4399 gravitate
1167 4256 1290 4360 tulit.
