4284 5982
522 394 530 460 ζ
638 379 757 454 VITA
782 379 847 452 ET
872 379 1125 454 SCRIPTA
1457 379 1571 462 eut>

145 515 263 630 risque
295 501 534 626 Sepulvedat
559 503 791 594 historiae
766 531 810 594 sat
847 504 1094 610 habendum,
1125 501 1256 592 facili
1250 505 1470 622 conjectura
1495 515 1586 645 quis

146 631 376 718 existimabit
531 677 533 684 ν
1204 676 1209 691 .
1584 662 1593 742 3

209 755 294 834 De
308 746 380 834 stili
393 745 577 862 elegantia
593 771 671 828 non
691 757 787 856 opus
808 766 863 828 est
879 741 1032 849 dicere,
1050 772 1136 829 cum
1161 733 1334 830 eamdem
1360 691 1499 864 ubique
1525 753 1595 838 de

141 866 446 978 prehendimus,
474 891 590 978 quam
619 863 657 946 in
680 861 826 975 reliquis
852 860 1011 944 auctoris
1051 861 1249 995 operibus,
1278 892 1389 998 quae
1397 895 1475 950 non
1506 867 1585 954 infi-

142 1013 249 1068 mum
274 983 309 1068 ei
336 982 463 1068 locum
488 977 689 1064 fecerunt
681 1005 775 1065 mter
792 977 1074 1092 praestantiores
1089 977 1304 1064 Ciceronis
1296 980 1508 1068 irritatores.
1542 989 1595 1074 ln

143 1099 297 1198 historia
322 1126 450 1189 autern
475 1096 624 1184 videtur
649 1095 716 1180 sibi
744 1099 794 1178 Τ.
818 1095 967 1182 Livium
997 1097 1045 1182 ad
1072 1096 1295 1182 imitandum
1327 1103 1595 1210 proposuisse,

143 1217 249 1328 cujus
277 1217 435 1318 lacteam
460 1214 669 1302 ubertatem
698 1211 889 1327 eleganter
919 1213 1354 1328 ιιιριιιιΙιδιριιΙιιιΙι
1345 1245 1383 1297 ιιι
1397 1219 1590 1305 Orationi·

141 1333 214 1418 bus
249 1366 258 1418 :
301 1335 339 1419 id
378 1333 484 1450 quod
520 1356 646 1446 aperte
684 1353 867 1418 testantur
896 1329 1020 1418 orario
1061 1332 1161 1414 Petri
1202 1329 1302 1415 Lassi
1330 1333 1380 1417 ad
1410 1331 1596 1426 Senatum

144 1451 377 1538 Toletanum
422 1447 523 1560 (vol
557 1450 588 1534 Ι.
624 1477 710 1562 pag.
743 1447 839 1560 47.)
881 1447 1065 1533 Philiberti
1095 1449 1169 1534 ad
1186 1453 1399 1534 Germanos
1434 1451 1531 1564 (vol.
1563 1463 1595 1542 Ι.

142 1597 232 1684 pag.
253 1569 352 1668 267.
362 1567 610 1699 )Barbaroxae
638 1567 688 1650 ad
705 1569 942 1652 Tunetenses
966 1589 1052 1676 post
1078 1590 1227 1680 capram
1255 1567 1433 1652 Goletam
1466 1571 1593 1658 habita

144 1683 257 1802 (pag.
287 1684 400 1797 3.91)
433 1681 564 1768 Caroli
581 1683 633 1766 V.
665 1683 715 1766 ad
741 1711 935 1769 summum
966 1679 1215 1786 Pontificem,
1248 1685 1462 1770 Cardinales
1489 1689 1596 1776 alios*

150 1832 227 1915 que
258 1803 369 1888 aulae
394 1806 592 1890 Romanae
623 1827 794 1912 proceres
845 1797 961 1914 (pag.
995 1799 1119 1907 427.)
1150 1801 1286 1886 Oratio
1315 1803 1417 1886 Petri
1449 1805 1594 1894 Velasci

147 1919 407 2007 Comestabilis
438 1914 541 2030 (vol.
566 1923 609 2002 11.
642 1947 727 2032 pag.
751 1917 842 2030 82.)
878 1916 1070 2028 aliaeque,
1094 1946 1191 2031 quae
1216 1917 1301 2003 licet
1329 1920 1504 2006 adversus
1530 1925 1598 2009 hi·

145 2039 281 2125 storiae
296 2037 582 2169 leges-peccare·
595 2035 818 2149 quibusdam
837 2032 1035 2120 videantur
1048 2071 1071 2136 ,·
1094 2059 1219 2120 tamen
1231 2038 1406 2166 exemplo
1422 2039 1540 2145 livii,
1553 2067 1595 2128 ιι

141 2151 304 2242 Sallustii
334 2183 380 2240 ex
405 2152 549 2244 Latinis
564 2151 785 2255 Historicis,
803 2173 841 2236 et
856 2151 1091 2262 Thucydidis
1121 2180 1165 2236 ac
1193 2149 1348 2236 aliorum
1377 2183 1422 2239 ex
1438 2161 1592 2244 Graecis
1662 2249 1664 2252 ,

147 2272 339 2386 exemplo
348 2299 385 2356 se
410 2294 577 2357 tuentur.
610 2275 680 2356 Ast
711 2297 791 2352 non
822 2266 981 2354 deerunt
1009 2264 1188 2372 fortasse,
1220 2269 1286 2383 qui
1317 2273 1493 2356 sermonis
1521 2305 1593 2390 ge-

144 2416 222 2472 nus
250 2386 552 2504 reprehendent,
580 2385 721 2500 quippe
749 2384 859 2471 nimis
887 2382 1040 2488 susum,
1071 2409 1110 2470 et
1137 2414 1423 2499 nonnumquam
1456 2391 1506 2474 ad
1534 2422 1596 2478 res

141 2502 295 2594 levioris
324 2505 504 2594 momenti
535 2501 763 2638 ριοΙΙιιιιιιε,
776 2501 853 2591 sed
872 2503 993 2608 haec,
1007 2445 1142 2599 iet
1115 2531 1253 2638 srquae
1270 2520 1379 2588 crunt
1397 2505 1515 2590 aha
1481 2534 1590 2618 vitta,

143 2618 252 2708 facile
285 2623 401 2707 lector
431 2622 599 2735 magnis
595 2621 804 2712 virtutibus
838 2563 1106 2754 compeirsabir.
1339 2659 1342 2662 ·
1444 2655 1449 2670 ι
1493 2692 1525 2700 .,

221 2743 338 2832 Cum
357 2734 484 2826 Caroli
501 2741 552 2824 V.
571 2737 743 2830 Historia
752 2765 832 2822 non
849 2737 957 2851 ipsius
970 2739 1203 2851 [inperatoris
1220 2741 1336 2827 modo
1354 2803 1364 2846 ,
1385 2691 1450 2828 sed
1466 2771 1593 2830 rerunt

141 2849 262 2951 lete
252 2886 289 2940 ιιι
322 2873 406 2942 tota
440 2861 594 2968 Europa
618 2883 683 2968 per
704 2854 763 2938 illa
793 2879 962 2968 tempora
991 2881 1177 2986 gestarum
1213 2859 1462 2944 narrationem
1484 2889 1590 2948 com

143 2972 253 3086 plecti
281 2998 415 3060 auctor
435 2973 675 3088 intelligeret,
704 2971 814 3055 altius
833 3000 1011 3074 exorsus,
1028 3000 1150 3058 rerum
1176 3002 1221 3058 ae
1245 2977 1499 3060 consiliontm
1506 3011 1592 3065 om

145 3089 278 3199 nium,
305 3120 404 3205 quae
421 3089 564 3203 publice
592 3089 850 3204 agitabantur,
873 3088 1044 3206 notitiam
1069 3119 1209 3204 magna
1233 3091 1419 3208 diligentia
1450 3095 1596 3212 ubique

142 3206 309 3293 adhibita
335 3207 518 3321 praemisit
535 3267 549 3310 ,
566 3237 647 3322 quo
662 3231 784 3292 essent
811 3206 943 3293 omnia
950 3207 1021 3294 ad
1049 3211 1351 3340 cognoscendum
1380 3212 1594 3302 illustriora.

148 3327 233 3409 Nec
262 3325 383 3412 solum
414 3352 471 3409 res
499 3323 642 3408 bellicas
665 3349 735 3408 aut
768 3322 932 3436 poiticas
953 3323 1113 3436 attigit,
1143 3327 1207 3412 sed
1237 3352 1275 3413 et
1316 3329 1365 3412 de
1399 3332 1507 3416 rebus
1539 3332 1594 3418 ad

143 3467 286 3527 statum
330 3441 552 3556 reipublicae
596 3441 834 3526 Christianae
857 3440 1121 3574 pertinentibus
1148 3443 1338 3556 plurima,
1371 3449 1589 3561 etquidem

145 3560 363 3663 secretiora,
396 3559 603 3644 litteratum
636 3559 885 3647 monumentis
918 3558 1101 3664 tradidit,
1137 3584 1182 3645 ιιι
1212 3590 1311 3675 quae
1342 3589 1508 3675 spectant
1537 3567 1596 3651 ad

146 3677 360 3766 Concilium
393 3675 627 3782 universale,
666 3677 792 3790 quod¹
814 3702 1011 3790 tantopere
1043 3678 1202 3792 urgebat
1232 3683 1398 3785 Caesar,
1434 3709 1483 3766 ne
1512 3682 1589 3792 ejus

146 3795 297 3890 coactio
312 3793 449 3883 diutius
475 3791 701 3879 differretur·
694 3791 834 3904 ,ouius
851 3793 903 3877 rei
917 3821 1044 3882 causas
1061 3795 1209 3910 egregie
1226 3795 1391 3911 depingit
1418 3823 1577 3884 noster.
1589 3851 1597 3868 ,
1720 3809 1724 3818 '

156 3912 329 4016 .Quo
357 3937 527 4024 tempore
542 3911 645 4004 scribi
663 3935 827 4024 coepta,
849 3942 928 4026 quo
959 3911 1128 3996 absoluta
1148 3916 1239 3997 haec
1256 3914 1422 3998 Historia
1449 3911 1595 4024 fuerit,

142 3979 225 4114 tion
239 4025 348 4122 facile
372 4055 426 4122 est
440 4029 655 4140 coniectura
669 4029 844 4142 assequi,
865 4029 1038 4160 quamvis
1064 4055 1196 4112 auctor
1224 4055 1305 4114 runt
1332 4031 1369 4113 in
1398 4031 1584 4165 epistolis,

140 4169 230 4232 turn
258 4147 296 4230 in
335 4147 412 4258 ipsa
439 4147 608 4236 Historia
630 4175 708 4230 non
746 4146 922 4232 semels
891 4175 968 4255 erus
993 4145 1210 4230 meminerit.
1252 4143 1359 4230 Sus
1324 4150 1434 4262 prcari
1460 4175 1595 4236 tamen

140 4259 257 4366 lieet,
292 4293 380 4348 eum
415 4265 519 4378 operi
558 4295 628 4350 suo
657 4293 696 4348 se
725 4261 918 4352 accinxisse
943 4261 1050 4346 simul
1078 4285 1192 4376 atque
1208 4293 1231 4346 a
1246 4180 1402 4350 Cariilo
1410 4265 1589 4352 Chrono-

142 4323 274 4496 graplii
302 4409 439 4464 munus
468 4380 671 4484 obtinuit,
705 4379 739 4461 in
771 4407 893 4493 eoque
921 4377 1155 4465 conficiendo
1183 4382 1331 4467 assiduo
1364 4408 1586 4525 versatum,

142 4498 206 4578 etsi
232 4497 438 4614 aliquando
453 4498 503 4582 a'd
519 4497 734 4583 amoeniora
751 4496 903 4612 sibique·
910 4496 1082 4612 gratiora
1089 4498 1210 4584 studia
1227 4499 1450 4606 dvetter'et,
1468 4527 1511 4588 ut
1534 4504 1594 4606 in„

143 4612 270 4700 dicant
298 4643 415 4728 opera
444 4617 492 4700 ab
525 4645 627 4708 anno
658 4643 734 4724 ις3
743 4617 781 4698 6.
818 4617 866 4720 ad
889 4643 1013 4724 1572.
1040 4603 1265 4702 elucubrata.
1290 4564 1519 4706 Postreniarn
1536 4592 1595 4706 ab‘

144 4757 299 4818 auctore
326 4763 478 4818 manum
497 4732 707 4818 Historiae
699 4733 907 4854 impositam
937 4733 1009 4844 jam
1035 4736 1084 4816 ab
1108 4762 1211 4819 anno
1230 4737 1353 4844 1563.
1378 4763 1523 4821 constat
1542 4767 1586 4824 ex

140 4846 221 4957 ejus
248 4850 415 4968 Epistola
437 4851 488 4940 ad
520 4849 744 4958 Olivanurn,
760 4871 876 4968 quam
901 4849 1082 4967 superius
1090 4851 1321 4942 exhibuimus
1341 4883 1429 4969 pag.
1438 4857 1590 4966 XCll.
