4284 5982
460 579 926 696 DOCTORUM
975 584 1357 698 VIRORUM

257 839 358 929 DE
410 823 523 939 JO.
583 829 982 918 GENESIO
1046 829 1557 934 SEPULVEDA
1635 915 1639 924 ,

511 1046 902 1154 rusrruoure
935 1045 1010 1119 rr
1043 1045 1297 1121 utootn.

167 1233 1620 1275 W

369 1386 467 1533 10.
509 1377 757 1488 couusn
808 1378 1229 1485 sunuuvrunu
1268 1381 1428 1490 viru

609 1618 675 1688 EX
706 1621 719 1662 ¹
750 1612 908 1686 ANDR.
946 1611 1196 1686 SCHOTTO

180 1817 292 1934 Hisp.
322 1812 425 1898 Boot.
460 1804 648 1921 Francos.
690 1809 821 1898 1608.
869 1799 910 1909 4⁰
940 1818 1028 1892 lom.
1048 1919 1050 1926 Α
1063 1831 1110 1918 3.
1151 1807 1265 1894 classe
1295 1807 1333 1893 Ι.
1352 1809 1620 1904 Baeticorum*

175 2031 372 2210 JOannet
395 2107 573 2190 Genesius
594 2103 795 2208 Sepulueda
818 2100 1013 2184 Cordubae
1043 2098 1205 2186 honestis
1226 2107 1437 2206 puentibus
1462 2109 1617 2213 antiquo

173 2211 469 2294 Christianorum
510 2209 607 2310 apud
638 2234 722 2290 suos
751 2233 883 2312 genere
926 2228 1032 2286 natus
1082 2233 1176 2312 anno
1205 2209 1378 2298 Christi,
1413 2237 1456 2292 ut
1484 2218 1615 2315 opinor

173 2315 274 2402 CD.
289 2317 439 2396 CCCC.
454 2315 552 2394 XCL
573 2336 664 2415 puet
679 2313 873 2391 liberaliter
895 2312 1109 2402 Institutas,
1131 2312 1330 2413 primisque
1355 2316 1482 2396 litteris
1497 2324 1537 2396 in
1550 2342 1616 2417 pa·

173 2419 245 2498 tria
267 2439 322 2498 est
342 2418 524 2511 imbutus,
538 2417 584 2497 ad
606 2441 696 2517 quas
718 2435 845 2494 natura
871 2439 909 2494 se
937 2416 1015 2513 rapi
1029 2417 1211 2591 genioque
1226 2415 1383 2494 videbat.
1402 2435 1420 2475 ²
1437 2420 1617 2522 Complu-

172 2541 254 2600 tum
278 2545 365 2600 vero
384 2523 670 2622 Carpetanorum
698 2517 925 2620 frequentem
948 2518 1028 2596 Aca
1053 2520 1184 2596 emiam
1215 2520 1232 2614 (
1258 2515 1369 2597 hodie
1392 2525 1541 2600 Aloolo
1569 2521 1616 2602 de

173 2627 358 2702 Honores
380 2649 402 2702 a
423 2625 573 2702 flumine
605 2624 811 2701 nominatur
833 2620 849 2716 >
875 2619 921 2698 ad
945 2619 1149 2698 uberiorem
1172 2622 1310 2722 ingenii
1335 2625 1476 2702 cultum
1503 2652 1525 2705 a
1549 2648 1616 2726 pa*

169 2731 335 2806 tentibus
357 2749 542 2828 tamquam
564 2725 612 2804 ad
634 2745 831 2804 mercatum
854 2725 1036 2800 mittitur:
1061 2721 1234 2824 deditque
1258 2748 1404 2824 operam
1423 2729 1462 2802 in
1488 2729 1615 2808 Diale·

169 2834 279 2912 cticis
299 2851 337 2908 et
362 2828 531 2930 Physicis
553 2827 701 2908 Xantho
717 2825 934 2920 Misandae,
958 2827 1108 2930 egtegio
1134 2823 1211 2926 ejus
1233 2831 1359 2906 aetatIs
1379 2827 1615 2932 Philosopho,

166 2955 212 3014 ac
234 2933 456 3035 Theologo,
480 2953 518 3011 et
537 2934 713 3011 acerrimo
734 2929 975 3030 disputatori,
1003 2947 1043 3005 ut
1070 2930 1168 3007 solus
1199 2953 1310 3029 paene
1333 2934 1372 3010 in
1395 2932 1530 3012 scholis
1559 2959 1614 3014 re-

166 3059 282 3139 gnate
295 3055 493 3137 putaretur.
520 3035 692 3114 Decursis
719 3030 792 3132 iam
819 3033 974 3112 triennio
988 3029 1244 3132 Philosophiae
1272 3030 1451 3116 humanae
1476 3039 1613 3136 spatiis,

168 3140 216 3218 ad
238 3163 374 3218 sacram
396 3139 495 3217 illam
516 3139 748 3218 'scientiarum
772 3137 956 3214 donum
978 3136 1140 3212 animum
1164 3138 1358 3230 convertit,
1375 3157 1417 3216 ut
1431 3139 1613 3224 Ecclesiae

168 3243 246 3321 Dei
276 3244 403 3320 uchem
433 3265 562 3320 navare
590 3263 738 3340 operam
770 3261 899 3342 posset.
938 3239 1002 3318 Ne
1030 3261 1119 3316 veto
1149 3236 1357 3337 parentibus
1385 3244 1488 3319 oneri
1517 3266 1609 3324 esset

169 3345 357 3443 amplius,
382 3364 600 3446 vacaretque
622 3345 804 3424 Bononiae
841 3342 996 3422 alumnis
1034 3342 1229 3439 Hispaniae
1252 3342 1381 3437 locus,
1406 3371 1450 3423 eo
1474 3371 1512 3425 se
1539 3371 1612 3426 non

168 3448 309 3526 invitus
331 3446 531 3546 Sepulveda
556 3448 739 3540 contulit,
768 3471 846 3548 quo
872 3468 913 3524 ut
937 3442 1220 3544 Philosophiae,
1246 3447 1300 3525 sic
1326 3465 1364 3526 et
1386 3445 1613 3552 Theologiae

167 3549 313 3630 culmen
331 3571 520 3650 superate,
541 3552 624 3628 Deo
648 3549 740 3628 bene
754 3547 927 3647 juvante,
952 3548 1149 3646 aliquando
1175 3567 1306 3648 posset.
1327 3545 1444 3646 Cujus
1463 3551 1507 3628 de
1521 3554 1613 3628 Col-

165 3652 255 3754 legii
269 3653 501 3752 Bononiensis
514 3649 715 3729 fundatoris
727 3653 879 3755 Aegidii
893 3651 1036 3730 Cattilli
1046 3651 1259 3728 Albotnotii
1273 3652 1348 3731 vita
1360 3652 1542 3753 rebusque
1555 3651 1613 3730 do·

167 3758 249 3848 mi,
274 3775 311 3833 et
349 3756 500 3831 militiae
536 3755 645 3856 gestis
673 3755 802 3834 Latine
835 3771 873 3834 et
903 3754 1083 3856 eleganter
1123 3774 1271 3856 togatus
1294 3778 1315 3831 a
1335 3755 1542 3851 sodalibus„
1565 3779 1610 3835 eo

167 3879 293 3957 postea
313 3859 456 3956 scripsit
477 3857 674 3948 libentius,
699 3882 775 3957 quo
795 3858 891 3961 grati
915 3857 1025 3935 animi
1049 3853 1336 3934 testificationem
1362 3856 1457 3954 apud
1481 3877 1605 3956 poste·

164 3983 227 4038 tos
251 3979 387 4039 exstare
414 3959 586 4060 cupiebat
614 3957 808 4045 ardentius.
837 3955 987 4054 Adiecit
1008 3980 1047 4042 et
1067 3957 1227 4060 Collegii
1247 3957 1343 4036 illius
1355 3959 1603 4061 Hispaniensis

109 4098 111 4102 ⁷
366 4125 368 4130 .
1508 4066 1586 4142 oti·

209 4179 225 4222 t
268 4163 375 4224 Exstat
397 4161 468 4224 haee
482 4162 602 4224 Geneeii
619 4164 681 4222 vira
699 4177 762 4224 tum
784 4165 815 4223 ln
835 4164 964 4223 editione
974 4161 1034 4238 ejus
1046 4178 1165 4234 operum
1176 4157 1318 4222 Coloniae
1331 4162 1510 4242 Agrippinae
1523 4167 1613 4226 ador-
1648 4165 1658 4194 ‘

167 4255 240 4303 utta
253 4258 271 4298 a
284 4244 343 4300 iae.
362 4242 460 4320 Mylio
479 4262 517 4302 an
535 4243 579 4300 M.
594 4243 638 4300 D.
651 4243 718 4302 011.
735 4259 798 4302 tum
818 4245 849 4300 in
868 4243 1003 4299 Andreae
1017 4241 1131 4298 schotti
1150 4239 1338 4302 Bibliotheca
1359 4244 1496 4318 Hispano
1509 4245 1612 4303 Fran-

165 4319 228 4382 eot‘.
249 4322 388 4394 impressa
404 4325 493 4380 tribus
510 4335 575 4396 post
589 4323 682 4379 annis.
700 4323 788 4382 Unde
804 4323 935 4378 dubitare
952 4321 1014 4393 quis
1027 4320 1143 4394 possit,
1160 4337 1228 4378 oum
1242 4339 1259 4378 a
1272 4321 1369 4397 Mylio
1382 4365 1393 4398 ,
1407 4343 1445 4380 au
1461 4329 1498 4381 ab
1508 4325 1613 4384 Schot-

166 4413 201 4459 to
229 4399 271 4456 sit
294 4413 439 4460 contexta.
463 4401 527 4459 Nos
546 4412 696 4472 utramque
717 4402 876 4458 editionem
894 4401 970 4456 luter
990 4417 1022 4458 se
1043 4401 1242 4472 contulimus,
1262 4402 1366 4460 &duo
1388 4408 1475 4477 loca,
1495 4423 1567 4478 quae
1579 4407 1611 4466 ita

166 4474 409 4538 Peaueofurteusi
429 4481 677 4553 desiderabantur,
693 4498 710 4538 e
734 4479 905 4539 Coloniensi
921 4480 1122 4550 restituuntur,
1135 4497 1170 4537 ac
1182 4480 1258 4538 imae
1271 4483 1395 4556 paginae
1410 4485 1610 4560 subjiciuntur.

208 4577 227 4616 a
268 4558 307 4616 ln
330 4557 459 4617 editione
474 4557 610 4618 Frauoof.
636 4559 835 4618 desiderantur
860 4561 931 4618 haec
951 4561 1058 4615 uerba:
1078 4559 1164 4632 „Est
1186 4573 1282 4617 autern
1307 4559 1443 4620 Corduba
1466 4567 1610 4626 ulterioris

170 4637 359 4714 „Hispaniae
380 4639 411 4694 in
428 4639 548 4697 Baetica
572 4641 639 4696 urbs
666 4641 812 4713 celebria,
832 4653 862 4696 et
892 4655 949 4696 uon
972 4637 1057 4694 modo
1083 4636 1196 4712 frugum
1220 4641 1450 4719 optimorumque
1473 4661 1610 4718 equorum

171 4715 407 4792 „feracissima,
429 4719 529 4777 sedet
549 4719 731 4794 ingeniorum
751 4735 853 4793 patens
863 4758 874 4791 ,
894 4733 926 4776 et
951 4719 1118 4774 militarium
1143 4719 1282 4793 virorum,
1303 4734 1334 4778 ut
1347 4720 1611 4800 astutorum'eopia

172 4793 283 4870 „felia
300 4796 337 4854 Iu
357 4797 402 4854 his
418 4800 490 4856 olim
508 4797 676 4856 Petnaudus
690 4797 857 4856 Gunsaluus
881 4793 962 4865 fuit,
985 4799 1042 4854 dua
1055 4799 1168 4872 Regum
1184 4795 1400 4858 Catholioorum
1414 4841 1426 4874 ,
1446 4803 1493 4876 qui
1515 4821 1609 4865 rearn

173 4879 464 5016 „aextoatrffl‘ploria
490 4877 596 4957 stagni
623 4890 849 4984 cognomentum
874 4878 985 4939 tetulit.
1012 4875 1157 4938 Geuesiua
1188 4894 1258 4938 tero
1285 4878 1473 4958 Complutum
1492 4881 1611 4982 (hrpa-¹

173 4991 201 5028 Ω
