4298 5980
571 359 656 480 176
968 383 1049 464 uu
1095 379 1295 461 ausus
1344 379 1563 464 essars

526 545 672 650 rolum
704 551 932 642 Caesarem
968 535 1045 635 diu
1080 535 1286 656 laterent,
1311 529 1413 634 fecit
1450 535 1793 638 eorumdem'
1748 539 1890 648 nimia
1925 593 1986 654 so

526 689 708 793 licitudo
739 727 790 786 ac
817 680 1043 826 diligentia
1079 676 1240 778 nihil
1228 716 1502 822 inexpertum
1539 683 1834 824 relinquendi,
1870 697 1988 834 quod

527 877 578 937 ex
620 875 699 936 usu
747 825 844 929 fore
893 827 947 924 ad
992 820 1249 989 perficienda
1297 865 1453 929 conata
1504 827 1761 931 videretur.
1810 841 1988 1002 Quippe

503 978 798 1081 ·Fernandum
835 970 1028 1074 Avalum
1066 970 1271 1071 Piscariae
1307 973 1851 1118 Marchiouem,magn1
1892 985 1984 1083 ani·

523 1122 589 1224 mi
625 1122 800 1239 virum,
839 1154 882 1218 et
919 1156 1064 1218 rerum
1101 1154 1323 1263 gestarum
1360 1118 1500 1258 gloria
1535 1054 1729 1239 clanim,
1766 1160 1880 1260 qur,
1915 1124 1983 1225 al>-

525 1300 640 1370 sente
687 1262 851 1367 Carolo
903 1271 1119 1393 Lanojo,
1163 1300 1381 1361 summam
1435 1263 1609 1403 imperii
1658 1265 1705 1362 in
1752 1267 1982 1372 exercitum

526 1411 836 1514 Caesarianum
879 1406 1090 1524 tenebat,
1139 1405 1194 1503 ad
1238 1401 1529 1509 defectionem
1579 1406 1795 1507 solicirare
1846 1410 1983 1513 inutili

526 1555 711 1655 consilio
749 1554 1099 1671 constituerunt,
1144 1589 1248 1652 cum
1291 1592 1392 1653 eum
1437 1591 1528 1650 non
1571 1553 1631 1650 ita
1668 1550 1793 1651 bono
1838 1557 1982 1656 animo

525 1739 612 1799 csse
650 1701 695 1800 in
738 1698 948 1799 Carolum
992 1708 1220 1797 Caesarem
1264 1697 1592 1814 existimarent,
1638 1733 1818 1858 propter
1860 1701 1983 1799 dolo-

525 1883 620 1945 rem
657 1844 781 1943 celati
818 1842 990 1942 consilii
1026 1842 1081 1939 de
1129 1852 1252 1982 Rege
1290 1839 1465 1940 Gallo
1454 1878 1502 1940 m
1545 1840 1808 1981 Hispaniam
1844 1846 1984 1942 tradu-

526 1988 696 2088 cendo.
736 1993 857 2084 Nam
893 1986 1075 2084 Carolus
1111 1993 1338 2115 Lanojus‚
1375 2024 1510 2123 quem
1549 2023 1628 2123 pro
1658 1995 1797 2146 Rege
1811 1994 1985 2128 Neapo-

523 2129 707 2229 litanam
744 2168 837 2229 rem
874 2128 1196 2246 administrare,
1231 2163 1275 2226 et
1311 2166 1532 2227 summam
1572 2128 1747 2267 impetu
1785 2129 1835 2228 in
1871 2169 1983 2230 exer-

520 2273 664 2372 citum
699 2270 1011 2374 Caesarianum
1047 2307 1192 2370 tenere
1227 2309 1353 2411 supra
1389 2271 1820 2391 demonstravimus,
1858 2285 1985 2374 aCa

521 2417 619 2516 tolo
646 2428 848 2532 Caesare,
884 2417 992 2554 quid
1028 2414 1124 2512 fieri
1156 2413 1312 2527 vellet,
1346 2452 1423 2551 per
1458 2414 1616 2511 litteras
1651 2415 1895 2514 edoctus
1863 2455 1984 2516 srmu·

521 2558 583 2658 lat
619 2598 662 2655 se
699 2560 808 2654 velle
844 2591 1022 2694 captum
1048 2568 1222 2697 Regem
1246 2556 1486 2695 Neapolim
1524 2558 1761 2676 deducere,
1796 2593 1846 2657 ut
1881 2599 1984 2698 pro-

520 2699 592 2800 cul
637 2739 664 2796 a
705 2698 898 2797 Gallia
886 2735 934 2798 tn
976 2737 1071 2799 arce
1119 2697 1413 2800 munitissima
1462 2698 1579 2801 urbis
1628 2737 1798 2841 pacatae
1848 2741 1982 2842 parvo

521 2840 740 2983 praesidio
776 2840 987 2941 tutissime
1025 2843 1346 2959 custodiretur,
1383 2878 1427 2941 et
1464 2880 1541 2983 per
1578 2841 1690 2944 hanc
1727 2883 1918 2986 spectem
1952 2884 1983 2944 ι

521 3024 651 3128 psum
672 2994 873 3086 Genuam
898 2985 1108 3105 adducit,
1136 2986 1241 3085 inde
1271 2985 1431 3086 tutiore
1454 3027 1504 3085 ac
1530 2988 1822 3126 expeditiore,
1847 3027 1978 3129 quarn

523 3128 797 3270 pedestri
755 3168 856 3244 vra,
899 3064 1175 3270 Neapoliin,
1217 3164 1267 3229 ut
1311 3129 1448 3228 videri
1492 3127 1708 3251 volebat,
1751 3133 1978 3272 navigaru-

524 3310 620 3380 rus;
655 3309 703 3368 re
738 3308 883 3373 autem
920 3312 1048 3391 vera,
1082 3310 1132 3372 ut
1168 3309 1422 3413 comparata
1458 3272 1615 3394 classe,
1649 3284 1964 3417 Regemr
1868 3273 1982 3374 idi·-

525 3453 656 3577 psum
690 3453 957 3557 magnopere
998 3417 1271 3555 cupientem,
1308 3450 1358 3513 ut
1393 3454 1545 3515 coram
1559 3491 1574 3536 ,
1613 3453 1688 3516 aut
1724 3455 1839 3518 certe
1884 3455 1983 3558 pro-

526 3559 626 3699 pius
663 3597 766 3656 cum
812 3559 975 3662 Carolo
1019 3571 1197 3694 Caesare
1241 3559 1294 3659 dc
1338 3599 1413 3660 sua
1455 3557 1713 3662 liberatione
1756 3559 1985 3702 transigere

526 3739 704 3843 posset,
741 3702 789 3801 in
823 3701 1084 3866 Hispaniam
1121 3738 1460 3843 transportaret.
1498 3705 1639 3867 Quod
1674 3703 1752 3806 ubi
1783 3703 1984 3804 Marchio

529 3844 730 3964 rescivit,
767 3846 848 3986 qui
883 3847 1112 3947 victoriam
1150 3848 1204 3947 de
1239 3858 1362 3989 Rege
1398 3886 1497 3946 suae
1535 3848 1813 3988 potissimum
1858 3848 1986 3948 indu-

529 3988 691 4106 striae,
734 3993 971 4133 virtutique
1013 3987 1163 4092 deberi
1216 3931 1337 4088 sibi
1343 3989 1537 4089 conscius
1583 4028 1711 4112 erat,
1758 3993 1870 4092 dum
1924 3987 1988 4089 vel

530 4170 572 4230 se
607 4167 914 4252 contemtum,
949 4135 1019 4233 vel
1055 4173 1177 4233 suam
1216 4130 1352 4233 fidem
1388 4134 1636 4235 damnatam
1672 4176 1726 4238 eo
1761 4128 1932 4234 facto
1919 4172 1989 4232 m

530 4308 860 4415 terpretaretur,
888 4317 1053 4420 magno
1082 4271 1232 4380 dolore
1267 4273 1443 4378 affectus
1478 4315 1561 4398 est,
1591 4315 1724 4420 atque
1759 4277 1824 4378 ira
1852 4278 1989 4376 incen-

530 4455 629 4534 sus,
667 4422 814 4519 statim
851 4463 927 4560 per
966 4422 1127 4523 litteras
1164 4422 1268 4524 de
1257 4422 1420 4564 insigni
1455 4423 1659 4551 Lanoji
1647 4461 1696 4522 m
1734 4462 1809 4538 se,
1843 4418 1989 4560 gravi

533 4597 617 4697 que
658 4557 819 4690 injuria
871 4601 975 4662 cum
1018 4566 1180 4660 Carolo
1234 4575 1415 4662 Caesare
1464 4576 1744 4667 vehementer
1792 4601 1991 4702 conque

531 4737 617 4808 stus
651 4739 714 4803 est
725 4780 741 4825 ‚
778 4704 900 4807 sed
887 4740 948 4808 ιιι
977 4744 1026 4809 ut
1057 4741 1152 4810 tota
1185 4707 1394 4850 querela
1382 4747 1431 4815 m
1465 4710 1736 4816 Caesarem
1723 4746 1872 4856 ipsum
1901 4747 1994 4810 ma

1932 4849 1997 4992 gis
