4368 5984
512 406 635 478 xtvr.
900 397 1490 494 Jonmosmsanunvanna

484 526 702 645 quodcum
720 524 965 612 vehementer
988 523 1140 608 anxium
1157 517 1352 629 habebat,
1374 515 1495 608 scir(
1485 523 1697 637 cupientem
1718 553 1799 630 ,res
1813 523 1941 619 Caroli

486 645 652 734 Caesaris
679 673 761 758 quo
793 644 832 727 in
853 667 952 727 statu
968 665 1118 746 essent,
1142 640 1333 726 bellumne
1363 666 1508 757 gereret
1526 643 1614 728 anni
1631 644 1826 732 durissimo
1841 667 1940 728 tem·

485 793 605 880 pote,
631 791 681 846 an
696 761 764 845 sibi
793 759 1043 874 militibusque
1066 785 1233 872 parceret
1249 756 1289 842 in
1305 756 1463 846 hiberna
1487 761 1656 846 deductis
1689 790 1700 863 3
1730 760 1824 876 quid
1847 789 1937 875 age·

485 908 543 969 ret
568 880 756 993 Philippus
774 878 973 989 Princeps,
1007 875 1202 962 redieritne
1220 877 1258 960 in
1285 876 1444 994 gratiam
1461 905 1549 962 curn
1567 879 1716 983 Musis,
1748 909 1771 962 a
1798 877 1938 994 quibus

487 999 611 1092 studio
625 995 828 1108 hymenaei
845 991 1017 1080 nonnihil
1042 990 1221 1082 alienatus
1238 1021 1316 1082 csse
1332 990 1544 1087 videbatur.

575 1119 696 1201 Anno
719 1142 844 1221 1544.
869 1136 937 1197 aut
962 1108 1102 1196 circiter
1132 1139 1271 1228 magna
1301 1112 1395 1199 inter
1421 1108 1673 1226 Sepulvedam
1699 1136 1738 1197 et
1762 1117 1940 1206 Petriana

487 1233 580 1322 dum
597 1231 772 1319 Nonium
789 1291 800 1335 ,
817 1229 907 1345 quia
930 1259 952 1312 a
980 1229 1102 1342 patrio
1118 1231 1201 1314 solo
1219 1229 1411 1316 Pintianus
1426 1228 1547 1346 vulgo
1562 1229 1697 1334 audit,
1727 1254 1857 1317 exorta
1875 1255 1938 1318 est

377 1385 380 1390 ·
487 1350 683 1438 contentio
700 1349 748 1434 de
766 1343 952 1432 nonnullis
980 1346 1019 1429 in
1047 1345 1206 1432 Plinium
1223 1341 1552 1463 castigationibus,
1582 1374 1627 1431 ac
1652 1349 1848 1463 praecipue
1887 1349 1941 1436 de

486 1476 588 1554 saltu
602 1469 809 1576 Pyrenaeo.
842 1462 995 1550 Etenim
1012 1463 1067 1550 vir
1082 1463 1144 1548 ille
1164 1478 1178 1520 ¹
1202 1491 1282 1550 non
1297 1465 1419 1550 minus
1446 1464 1588 1581 generis
1604 1465 1795 1554 nobilitate
1811 1461 1825 1578 (
1841 1494 1941 1552 cum

486 1617 532 1674 ex
559 1582 810 1700 antiquissima
826 1584 1118 1668 Guzmanorum
1135 1606 1248 1697 gente
1270 1578 1453 1699 originem
1470 1582 1653 1698 duceret)
1682 1613 1800 1698 quam
1823 1583 1938 1700 inge-

484 1706 536 1790 mi
554 1700 776 1818 praestantia
791 1725 836 1785 ac
859 1698 1008 1815 linguae
1024 1699 1244 1813 utriusque,
1280 1698 1448 1787 Graecae
1473 1729 1519 1785 ac
1533 1699 1688 1786 Latinae
1712 1701 1937 1818 cognitione

484 1819 770 1922 celeberrimus,
798 1842 884 1932 post
907 1816 1128 1903 illustratum
1160 1844 1205 1900 ac
1230 1817 1394 1932 pluribus
1417 1820 1456 1903 in
1483 1818 1573 1904 locis
1596 1847 1735 1933 magna
1768 1814 1936 1908 dexteri-

483 1964 561 2028 tate
591 1933 834 2024 emendatum
861 1933 1004 2019 Melam
1035 1935 1248 2048 Hispanum
1280 1935 1542 2053 geographum
1576 1993 1590 2040 ‚
1620 1935 1782 2022 medicas
1819 1933 1937 2024 ctiam

432 2121 434 2126 -
483 2085 618 2144 manus
641 2049 810 2140 adhibuit
835 2050 958 2136 Plinio
974 2052 1104 2165 maiori
1120 2052 1169 2139 de
1186 2054 1346 2140 naturali
1360 2052 1513 2139 historia
1528 2052 1672 2166 optime
1689 2054 1849 2158 merito,
1882 2053 1932 2138 ab

484 2173 632 2262 infinitis
646 2169 877 2258 librariorum
893 2168 1108 2255 vulneribus
1124 2171 1306 2258 sanando.
1340 2167 1574 2286 Sepulveda‚
1590 2167 1657 2285 qui
1678 2187 1695 2226 ²
1713 2170 1932 2258 Pintianum

483 2316 636 2408 propter
654 2287 844 2404 ingentem
866 2285 944 2397 ejus
963 2284 1201 2392 doctrinam,
1229 2288 1455 2403 singularem
1471 2287 1741 2374 humanitatem
1770 2311 1810 2372 et
1839 2317 1932 2373 sua-

482 2409 649 2497 vissimos
667 2433 788 2491 mores
809 2405 882 2512 jam
897 2401 985 2490 inde
1009 2408 1059 2490 ab
1075 2401 1227 2492 ineunte
1258 2437 1325 2492 sua
1350 2431 1472 2494 aetate
1501 2403 1649 2493 colebat
1680 2429 1720 2492 et
1748 2405 1932 2494 observa·

482 2526 577 2632 bat,
605 2552 694 2608 cum
724 2519 954 2608 intellexisset
979 2520 1019 2604 in
1045 2521 1152 2608 Mela
1180 2523 1399 2638 castigando
1424 2553 1502 2610 esse
1534 2549 1762 2638 occupatum
1798 2583 1811 2629 ,
1840 2554 1930 2621 eum

481 2674 548 2760 per
575 2643 710 2727 litteras
726 2639 976 2724 admonuerat
1005 2637 1321 2756 vehementerque
1353 2666 1554 2759 rogaverat
1580 2696 1595 2745 ,
1618 2643 1658 2724 in
1686 2670 1737 2727 eo
1766 2641 1930 2757 negotio

481 2765 533 2847 ita
549 2789 587 2845 se
602 2781 776 2877 gereret,
809 2781 853 2841 ut
880 2755 1021 2871 nequid
1037 2756 1206 2871 cupidius
1239 2819 1251 2863 ,
1282 2760 1425 2874 nequid
1457 2759 1686 2844 ambitiosius
1715 2755 1833 2875 egisse
1873 2758 1935 2846 vi·

483 2878 663 2984 deretur,
703 2899 819 2990 atque
853 2902 902 2959 eo
936 2874 1052 2989 magis
1080 2871 1188 2988 quod
1227 2873 1382 2982 iniustae
1413 2873 1665 2992 castigationis
1698 2875 1933 2962 contumelia

484 2997 578 3084 solet
603 2993 643 3078 in
668 2993 913 3110 castigantem
938 3021 1233 3107 nonnumquam
1263 2989 1438 3081 recidere.
1471 2994 1680 3107 Epistolam
1705 2993 1805 3078 hanc
1839 3001 1958 3080 ante'

485 3143 629 3200 annum
664 3137 787 3219 1543.
806 3109 976 3224 scriptam
992 3135 1168 3224 putamus
1185 3171 1197 3215 ,
1222 3112 1397 3198 eo'enim
1416 3141 1520 3198 anno
1544 3111 1789 3198 salmanticae
1804 3111 1845 3196 in
1875 3112 1937 3198 lu·

488 3261 572 3320 cem
600 3227 737 3344 prodiit
754 3229 863 3312 Mela
879 3256 903 3310 a
917 3227 1051 3314 Nonio
1068 3228 1232 3343 plurimis
1248 3230 1287 3314 in
1303 3230 1391 3317 locis
1406 3230 1617 3346 castigatus.
1681 3306 1683 3311 .

561 3346 681 3434 Editis
696 3372 800 3430 anno
822 3372 945 3454 1544.
962 3346 1121 3434 Pintiani
1135 3347 1176 3432 in
1191 3347 1350 3434 Plinium
1371 3366 1388 3424 3
1410 3347 1738 3456 castigationibus,
1754 3345 1865 3434 aliam
1882 3347 1935 3436 ad

487 3495 575 3553 eum
590 3463 729 3574 scripsit
749 3461 977 3578 epistolam4
997 3463 1240 3580 Sepulveda,
1266 3495 1344 3580 qua
1360 3465 1435 3576 ejus
1463 3464 1673 3552 institutum
1690 3466 1846 3552 summis
1879 3461 1931 3558 ef·
1957 3547 1961 3552 .

485 3581 558 3672 fert
571 3582 772 3692 laudibus,
801 3581 1049 3696 hortaturque
1065 3580 1116 3669 ad
1141 3582 1328 3699 reliquum
1353 3584 1475 3700 operis
1501 3579 1784 3696 perficiendum.
1818 3586 1936 3670 Cete-

397 3759 400 3762 -
485 3731 570 3788 rum
586 3725 630 3787 ut
644 3697 858 3786 Pintianum
875 3698 1049 3786 excitaret
1078 3701 1129 3786 ad
1157 3701 1361 3788 accuratius
1377 3701 1603 3815 dispicienda
1635 3698 1832 3815 explicand
1888 3729 1938 3792 ue

486 3817 645 3906 difficilia
663 3817 822 3904 auctoris
838 3816 951 3922 loca,
981 3819 1050 3904 tria
1066 3819 1245 3934 proponit
1272 3846 1372 3935 quae
1388 3818 1647 3906 inextricabilia
1663 3816 1731 3904 sibi
1760 3817 1838 3904 visa
1897 3847 1938 3908 e·

486 3962 599 4043 rant,
627 3961 695 4021 aut
708 3934 942 4022 librariorum
959 3935 1052 4022 vitio
1070 3937 1280 4053 deturpata.
1312 3937 1482 4024 Primum
1499 3967 1546 4024 ex
1574 3936 1670 4022 libro
1691 3967 1766 4024 xvi.
1788 3965 1872 4049 cap.
1891 3936 1934 4024 6.

487 4055 552 4140 ubi
566 4055 616 4140 de
631 4054 765 4138 Galla:
801 4051 959 4139 alterum
976 4081 1021 4140 ex
1037 4053 1132 4141 libro
1148 4089 1192 4143 m.
1208 4085 1290 4170 cap.
1314 4083 1349 4140 1.
1382 4057 1432 4142 de
1460 4055 1750 4142 Tarraconensis
1778 4054 1954 4169 provin.

487 4173 567 4262 ciae
582 4203 606 4258 a
620 4169 770 4258 BaetIca
785 4194 900 4287 atque
915 4171 1104 4260 Lusitania
1131 4174 1393 4262 distinctione:
1426 4175 1580 4262 tertium
1596 4203 1643 4261 ex
1666 4172 1762 4261 libro
1778 4203 1830 4262 rv-
1847 4198 1933 4286 cap.

1636 4369 1639 4380 .
1693 4373 1701 4380 .
1736 4376 1739 4382 ,
1865 4319 1934 4382 2οο

529 4473 545 4514 1
587 4454 676 4513 Plura
688 4455 736 4526 qui
750 4456 830 4514 volet
842 4455 878 4514 de
891 4451 1078 4516 Fcrdinando
1094 4456 1253 4532 Plariano,
1272 4459 1357 4519 adeat
1371 4459 1463 4518 vitam
1476 4457 1584 4534 eiusab
1599 4455 1793 4516 eruditIssimo
1806 4453 1931 4514 Schotto

488 4549 635 4598 curatam
648 4536 840 4607 insertamque
857 4549 919 4592 tum
938 4539 968 4594 in
982 4537 1136 4612 Pomponii
1156 4539 1254 4596 Melae
1273 4542 1402 4596 editione
1416 4539 1654 4612 Antucrpicnsi,
1676 4551 1738 4594 tum
1759 4536 1790 4591 ln
1816 4535 1932 4593 Biblio-

488 4619 575 4675 theca
587 4615 744 4689 Hispaniae
758 4656 768 4688 ‚
781 4615 935 4673 Nicolaum
953 4617 1115 4675 Antonium
1129 4655 1141 4691 ,
1154 4614 1311 4675 Alfonsum
1325 4616 1462 4675 Garsiam
1475 4617 1699 4688 Metamorum,
1722 4615 1805 4673 aiios.

531 4712 549 4752 a
590 4694 686 4768 Epist.
698 4693 809 4752 XLIX.
822 4695 891 4752 edit.
909 4695 999 4754 Salm
1860 4697 1862 4701 ’

528 4791 548 4850 3
587 4773 739 4832 Pintianus
761 4773 926 4831 uniuersum
943 4775 1031 4833 Plinii
1054 4792 1125 4850 opus
1145 4786 1258 4850 praeter
1271 4777 1376 4835 librum
1390 4789 1566 4850 postremum
1576 4813 1587 4848 ,
1597 4771 1760 4847 qus-MSS.
1773 4769 1929 4846 Codicum,

485 4871 541 4932 qua
556 4865 687 4912 veterum
706 4866 855 4911 auctorum
869 4856 993 4915 lactinae
1003 4856 1130 4916 limatius
1143 4857 1292 4932 reddidit,
1308 4875 1343 4918 sc
1362 4857 1454 4917 doctis
1467 4852 1716 4916 observeuonibus
1733 4851 1903 4910 illustravit.

527 4949 550 5014 4
587 4932 731 4996 XLVIII.
747 4933 817 4995 edit.
833 4933 925 4996 stim.
