4298 5980
598 431 837 518 CAROLI
873 432 927 514 V.
972 433 1093 518 LIB.
1137 435 1217 518 VI.
1503 449 1588 516 'nor

167 589 497 706 militaturumt
533 629 672 734 eaque
719 588 888 696 ratione
936 600 1161 700 Cremona
1206 589 1254 698 in
1296 593 1634 712 Foederatorum

170 777 433 889 potestatem
470 736 696 880 pervenit.

120 939 166 974 =.
239 892 471 996 XXXVII.
546 895 671 990 Dum
713 877 822 982 haec
865 878 913 982 in
947 883 1199 988 Insubribus
1241 923 1487 1028 gerunmr,
1531 934 1631 1000 ma·

162 1049 275 1178 gno'
297 1032 455 1136 timore
491 1062 624 1170 atque
651 1026 847 1128 tumul-tu
872 1038 1046 1132 Romae
1083 1032 1354 1172 trepidatum
1391 1073 1473 1158 cst,
1498 1048 1633 1146 Pom-

156 1187 270 1320 pejo
329 1174 552 1282 Columna
605 1169 834 1282 Cardinale
892 1206 935 1284 et
985 1183 1187 1314 Hugone
1242 1183 1465 1282 Moncadn
1527 1225 1631 1295 cunt

162 1321 471 1462 Hispanorum
508 1352 553 1418 et
588 1313 899 1422 Columnensis
944 1311 1152 1422 factionis
1198 1319 1447 1426 Italicorum
1492 1364 1629 1434 manu

160 1462 323 1570 urbem
359 1455 696 1567 invadentibus.
746 1468 890 1600 Hugo
934 1461 1055 1564 enim
1099 1466 1325 1566 Moncada
1366 1469 1479 1573 inter
1527 1471 1630 1580 belii

160 1605 292 1740 hujus
338 1605 507 1725 initia,
554 1605 664 1712 dum
715 1601 893 1706 consilia
934 1602 1048 1710 inter
1083 1609 1341 1718 Foederatos
1387 1610 1630 1739 ineuntur,

162 1752 337 1856 missus
359 1745 502 1856 fiterat
543 1790 596 1852 ex
639 1747 854 1888 Hispania
896 1787 921 1854 a
965 1749 1128 1852 carolo
1170 1753 1226 1850 ad
1270 1755 1531 1861 Pontificem
1574 1765 1631 1863 de

162 1937 271 2038 pace
298 1897 485 2040 legatus,
518 1893 555 1998 si
591 1929 734 2032 posset
771 1900 862 2021 ejus
898 1891 1099 1994 animum
1135 1893 1335 2034 precibus
1371 1935 1504 2043 atque
1540 1906 1632 2043 pol·

163 2040 294 2144 licitis
337 2081 363 2144 e
407 2038 512 2142 belli
561 2035 744 2140 consilio
796 2034 852 2134 ad
903 2036 1188 2138 concordiam
1236 2042 1485 2146 traducere.
1535 2048 1629 2150 Hic

161 2181 243 2284 ubi
287 2222 361 2321 per
403 2181 586 2284 Galliam
638 2175 1074 2319 Mediolanumque,
1115 2214 1236 2282 recto
1284 2184 1447 2286 scilicet
1492 2190 1629 2291 terre-

160 2325 242 2428 stri
277 2326 463 2445 itinere,
498 2337 697 2436 Romam
765 2320 959 2436 ervenit,
1008 2318 1214 2436 Pontifici
1249 2331 1363 2458 justa
1407 2362 1449 2428 et
1486 2370 1628 2470 aequa

163 2468 316 2570 Caroli
360 2468 577 2618 postulata
618 2361 912 2613 mandatoque
953 2465 1156 2606 exposuit
1184 2505 1215 2578 t·
1244 2505 1437 2610 quorum
1485 2511 1627 2578 unum

158 2606 280 2731 fuit,
322 2653 399 2734 se,
445 2611 571 2760 quod
612 2604 813 2716 Pontifex
855 2645 1047 2712 maxime
1092 2647 1297 2716 nmmum
1345 2615 1626 2750 postulasset,

161 2793 258 2865 non
293 2791 503 2873 recusare,
540 2754 779 2896 quominus
814 2751 1124 2862 Mediolanum
1166 2752 1215 2856 in
1250 2752 1479 2880 fiduciam,
1516 2763 1626 2865 dum

162 2898 378 3010 francisci
414 2894 596 3010 Sfortite
633 2937 757 3002 causa
791 2897 1100 3042 cognoscitur,
1135 2898 1508 3023 committeretur,
1546 2905 1628 3044 qui

163 3042 200 3145 si
234 3043 438 3176 judicum
473 3041 686 3152 sententia
721 3079 827 3147 esset
863 3040 1120 3164 absolutus,
1156 3041 1323 3144 nullam
1358 3042 1406 3141 in
1443 3085 1487 3147 se
1521 3085 1627 3150 mo-

162 3224 259 3296 tam
294 3181 415 3306 fote,
452 3185 566 3330 quio
601 3187 808 3296 eumdem
850 3183 1119 3335 franciscum
1161 3185 1217 3290 ad
1262 3223 1385 3292 suam
1426 3188 1626 3332 dignita·-

161 3363 258 3442 tem
293 3366 338 3434 et
372 3328 611 3470 imperium
646 3328 918 3437 restitueretr
954 3329 1021 3434 sin
1057 3363 1204 3432 autem
1252 3335 1346 3462 jure
1386 3329 1628 3474 privandus

164 3513 254 3582 esse
290 3473 545 3594 videretur,
582 3515 625 3575 se
661 3509 809 3582 tamen
842 3471 960 3578 nolle
993 3470 1293 3612 Principamm
1329 3511 1409 3578 nec
1446 3473 1530 3580 sibi
1564 3515 1625 3578 su·

162 3655 321 3740 tuere,
359 3657 441 3730 trec
475 3619 642 3726 tradere
678 3616 900 3726 Femtudo
935 3610 1087 3735 fratri,
1130 3617 1206 3726 sed
1248 3616 1413 3722 Caroln
1455 3616 1626 3723 Borbo-

161 3763 243 3868 uio
281 3762 559 3884 deletumm,
602 3761 682 3900 qui
726 3799 839 3866 unus
881 3795 988 3870 esset
1029 3801 1081 3866 ex
1117 3757 1191 3880 iis,
1228 3797 1340 3904 quos
1376 3758 1467 3906 ipse
1508 3769 1627 3866 Pon·-¹

161 3901 272 4012 tifett
307 3905 423 4014 inter
459 3907 644 4024 idoneos
680 3901 784 4012 huic
819 3903 882 4014 rei
916 3901 1203 4016 nominasset.

272 4057 522 4164 XXXVIII
628 4045 847 4190 Expositis
882 4046 1096 4160 mandatis
1132 4055 1274 4192 Hugo
1311 4042 1403 4185 ipse
1438 4080 1480 4154 et
1516 4044 1626 4155 item

162 4189 419 4304 Ludoviem
457 4189 667 4308 Corduba
698 4206 911 4306 §uesanos
948 4204 1069 4312 Dux,
1107 4227 1243 4330 quem
1277 4199 1451 4320 Romae
1487 4201 1627 4298 Caro·

166 4335 429 4448 litaturis
471 4334 664 4486 legatum
704 4340 822 4484 opud
864 4334 1144 4448 Clementem
1187 4331 1451 4448 Pontificem
1497 4374 1625 4485 agere

166 4478 593 4605 demonstravimus,
639 4479 693 4592 de
739 4479 1062 4628 compositione
1106 4521 1209 4592 eum
1252 4481 1349 4632 ipso
1394 4479 1624 4627 diligenter

166 4622 406 4770 agitaruut,
430 4635 641 4736 Ceterum
671 4619 877 4734 Pontifex
922 4660 1065 4732 tantos
1101 4626 1273 4773 spiritus
1319 4624 1625 4768 arrogantiam·

170 4803 260 4910 que
297 4809 349 4874 ot
385 4802 456 4876 tot
498 4799 805 4912 ,tantarumque
846 4769 1051 4914 gentium
1092 4767 1419 4912 conspiratione-
1464 4805 1625 4874 sumse-

240 4908 408 5032 Your.
1163 4921 1229 5058 Ως
1530 4939 1624 5032 rat,
