4368 5984
794 435 911 505 VITA
937 435 1003 506 ET
1028 431 1239 510 scutati.
1548 439 1689 514 XLVII.

271 597 338 654 20.
353 565 402 652 de
420 564 532 651 saltus
546 562 732 678 Pyrenaei
748 563 847 668 situ,
865 564 931 649 ubi
947 564 1081 682 legitur
1097 597 1106 650 :
1125 566 1214 676 ipsa
1231 575 1414 680 Pyrenaei
1420 569 1520 680 juga
1536 572 1585 654 ab
1601 597 1715 659 exor-

263 701 309 770 tu
335 689 598 792 aequinoctiali
570 686 677 766 iad
692 709 861 766 occasum
877 685 1075 774 brumalem
1080 683 1195 790 forsa

225 863 228 869 -
356 801 601 918 Sepulveda‚
633 799 701 913 qui
723 823 876 913 possent
903 800 1068 914 deprava
1099 802 1182 888 loca
1211 804 1396 910 restitui,
1424 805 1626 894 candide
1600 810 1715 924 signi·

259 919 412 1007 ficavit.
446 923 593 1005 Verum
621 917 860 1022 Pincianus,
891 940 934 1002 ut
963 919 1056 1005 solet
1089 949 1166 1004 esse
1206 921 1418 1006 criticorum
1451 924 1558 1010 natio
1588 947 1712 1041 super·

261 1037 411 1122 bissima
429 1035 667 1153 ,aegerrimo
683 1035 767 1119 tulit
782 1033 933 1170 animo,
950 1065 1049 1149 quae
1066 1037 1114 1122 de
1129 1036 1224 1124 saltu
1241 1044 1436 1152 Pyrenaeo
1462 1071 1485 1124 a
1501 1071 1540 1126 sc
1566 1039 1715 1131 fuerant

266 1154 484 1290 disputata,
516 1153 777 1268 aSepulveda
808 1145 961 1238 minime
993 1155 1168 1268 probari.
1213 1161 1345 1270 Itaque
1380 1185 1460 1241 non
1490 1159 1615 1244 solum
1648 1192 1715 1247 sua

263 1273 423 1386 perstitit
438 1273 477 1358 in
495 1271 677 1358 sententia
694 1327 709 1405 .’
724 1270 789 1355 sed
807 1270 1061 1357 Genesianam
1081 1272 1208 1358 velut
1199 1303 1349 1358 manem
1364 1300 1404 1359 et
1416 1276 1466 1359 ab
1492 1277 1715 1410 astrologiae

264 1391 404 1522 exigua
418 1387 580 1476 fortassis
592 1413 819 1523 cogmnone
839 1383 1047 1500 profectam
1064 1389 1143 1477 alto
1159 1391 1351 1505 supercilio
1380 1392 1575 1506 despexit,
1601 1397 1715 1483 utdi·

264 1507 401 1594 scimus
418 1537 465 1594 ex
479 1504 644 1593 auctoris
661 1532 778 1592 nostn
765 1493 1019 1619 epistola‚¹
1043 1537 1120 1621 qua
1150 1509 1335 1623 descripto
1357 1509 1496 1595 circulo
1526 1516 1576 1626 ad
1602 1537 1712 1601 vetu-

264 1651 364 1712 stam
392 1623 753 1710 Mathematicorum
781 1621 965 1708 rationem
989 1653 1121 1710 verum
1145 1626 1326 1737 Pyrenaei
1347 1627 1485 1712 montis
1509 1629 1621 1716 situm
1650 1633 1716 1718 ad·

265 1743 419 1828 oculum
435 1740 722 1828 demonstravit
740 1756 759 1797 ²
779 1738 927 1828 Deinde
942 1769 1031 1826 eum
1048 1744 1223 1850 monuit,
1239 1769 1284 1831 ut
1301 1745 1340 1829 in
1359 1743 1483 1830 alienis
1499 1747 1635 1880 scriptis
1651 1775 1715 1834 ca·.

265 1859 442 1994 stigandis
458 1858 725 1975 temperantius
740 1881 897 1976 ageret,
913 1885 982 1943 nec
997 1861 1158 1946 auctoris
1182 1862 1346 1949 verba
1320 1891 1398 1947 stne
1428 1863 1624 1950 certissima
1650 1894 1709 1950 ra

270 1978 382 2064 tione
411 2003 557 2094 praeter
575 1977 747 2064 omnium
776 1975 1039 2090 exemplarium
1068 1976 1216 2064 fidem
1206 2003 1419 2078 invertere,
1451 2004 1518 2065 aut
1550 2010 1712 2097 quoquo

272 2095 398 2182 modo
416 2123 562 2184 mutare
576 2099 745 2182 animum
761 2093 954 2180 induceret
970 2153 984 2200 ,
1001 2095 1109 2210 quod
1124 2096 1370 2211 perictiosum
1386 2098 1597 2184 haberetur.
1618 2101 1715 2188 illud

264 2243 365 2302 vcro
396 2243 477 2300 non
509 2215 625 2301 aivis
649 2216 686 2298 in
714 2238 869 2329 promtu
895 2239 972 2298 esse
998 2236 1098 2298 recte
1125 2238 1276 2326 putat,
1309 2244 1380 2300 nec
1412 2244 1536 2301 carcre
1563 2220 1713 2335 egregia

267 2329 397 2456 judicii
425 2356 464 2418 et
488 2331 703 2420 eruditionis
736 2331 876 2454 laude,
900 2329 1196 2417 dissentientibus
1220 2332 1489 2456 exemplaribus
1520 2363 1650 2422 veram
1675 2358 1716 2422 et

263 2476 494 2564 germanam
511 2447 711 2536 lectionem
726 2475 897 2534 asserere.
914 2463 932 2523 ³
999 2447 1001 2454 '

356 2569 533 2685 Demque
544 2601 606 2656 vn
623 2567 711 2654 Kal.
731 2569 898 2701 August.
917 2565 1049 2650 annit
1061 2585 1156 2677 5.44
1185 2561 1291 2653 suam
1307 2568 1402 2654 tueri
1433 2593 1714 2703 aggressusest

262 2687 490 2772 sententiam
518 2686 732 2802 Sepuiveda
763 2714 787 2769 a
814 2684 989 2770 Pintiano
1018 2595 1236 2771 dainnatam
1265 2746 1278 2793 ,
1307 2687 1476 2820 quod
1450 2715 1501 2770 ste
1527 2686 1561 2772 ei
1591 2685 1714 2803 figura

261 2804 434 2917 quadam
462 2805 667 2919 Hispaniae
693 2827 816 2919 partes
836 2832 907 2917 pro
932 2802 1077 2888 ratione
1103 2804 1315 2888 caelestium
1302 2805 1529 2940 'regionum
1545 2804 1716 2937 designa·

263 2920 391 3026 verit,
413 2945 459 3008 ut
487 2923 583 3007 linea
599 2947 700 3007 recta
723 2919 840 3036 paulo
857 2948 969 3054 supra
983 2919 1165 3006 Toletum
1192 2922 1241 3005 ab
1257 2919 1401 3007 oriente
1426 2921 1464 3004 in
1480 2920 1715 3008 occidentem

264 3035 395 3145 ducta,
412 3067 513 3154 quae
528 3039 683 3126 alteram
700 3068 723 3125 a
740 3039 1007 3154 septemtrione
1023 3039 1062 3124 in
1079 3037 1271 3125 meridiem
1285 3038 1580 3126 contendentem
1596 3063 1714 3124 trans·

261 3183 373 3241 versa
389 3181 488 3243 secet
509 3157 559 3244 ad
589 3156 750 3274 angulos
780 3181 901 3242 rectos
931 3181 1099 3262 ‚ortum
1130 3180 1169 3242 et
1194 3185 1369 3241 occasum
1396 3154 1712 3272 aequinoctialem

262 3271 339 3357 suis
353 3274 525 3360 extremis
542 3276 798 3363 demonstrare
815 3274 978 3361 diceret.
1012 3273 1247 3361 Existimarat
1273 3275 1373 3360 enim
1401 3274 1591 3359 Pintianus
1611 3273 1711 3360 illam

262 3388 408 3514 figurae
425 3393 691 3480 describendae
704 3393 889 3479 rationem
904 3393 954 3480 ad
971 3394 1142 3509 regiones
1158 3396 1355 3480 dumtaxat
1369 3390 1674 3506 aequinoctiali
1643 3421 1711 3476 crr-

267 3505 357 3593 c'ulo
373 3508 555 3622 subjectas
569 3535 670 3597 recte
683 3510 963 3597 accommodari
974 3541 1101 3624 posse
1119 3513 1211 3623 Qua
1226 3515 1271 3594 de
1286 3539 1330 3594 re
1339 3507 1489 3623 ‚inquit
1512 3509 1711 3615 Genesius,

272 3635 396 3710 nescio
415 3633 509 3733 quid
532 3655 713 3739 augarum
741 3629 803 3712 his
813 3636 951 3745 paucis
968 3631 1118 3733 diebus,
1137 3631 1351 3714 rudioribus
1362 3625 1541 3733 fhriatse
1567 3653 1635 3711 nou
1654 3635 1712 3708 ia·

262 3739 359 3828 uteie
376 3743 582 3852 futurum,
603 3749 810 3832 tueditabar
833 3753 1063 3950 scriptoque!
1064 3750 1317 3832 mandabam:
1356 3752 1582 3830 certissimis
1613 3752 1710 3826 euim

271 3872 504 3972 argumentis
520 3926 533 3970 ,
547 3891 641 3972 quoe
657 3872 836 3974 persequi
863 3870 1022 3973 epistola
1045 3871 1190 3976 longum
1217 3878 1255 3947 ei
1279 3872 1444 3973 ineptum
1477 3876 1606 3965 esset,
1634 3865 1705 3944 cie-

258 3985 418 4064 ciaravi
430 3985 558 4086 ‚nihii
581 3986 636 4067 ad
664 3989 767 4070 illam
784 3990 1033 4067 certissimam
1059 4001 1097 4068 ei
1122 3990 1362 4069 verissimam
1383 3987 1565 4063 rationem
1584 3985 1710 4064 iuter·

261 4123 377 4203 esse,
405 4103 475 4183 sub
493 4098 755 4207 aequinoctiali
789 4107 929 4186 circulo
960 4108 1067 4244 regio
1092 4109 1171 4184 sito
1194 4108 1278 4201 sit,
1313 4123 1362 4181 aa
1392 4103 1492 4180 ultra
1524 4103 1706 4203 citrave,

262 4222 378 4297 etiam
400 4221 503 4300 sub
487 4239 569 4328 apso
598 4224 722 4304 mundi
747 4222 902 4304 cardius
921 4227 1017 4324 ,qui
1042 4213 1200 4302 ataui
1201 4217 1337 4320 ριτικὸι
1363 4215 1568 4299 aGraeois
1596 4223 1708 4298 aomi-

260 4347 391 4417 natur.
420 4341 527 4420 Num
545 4367 642 4450 opus
658 4338 734 4422 hoc
753 4337 802 4420 ab
828 4357 983 4420 auctore
998 4331 1260 4419 absolutum
1235 4357 1305 4436 stt,
1335 4331 1486 4449 plane
1477 4359 1708 4446 ignoramus,

260 4449 321 4534 uti
351 4475 391 4536 et
417 4451 561 4539 libellus
584 4455 674 4540 alius
691 4454 741 4541 de
767 4450 851 4538 solis
872 4479 937 4565 pet
965 4448 1182 4569 signiferum
1198 4473 1337 4554 motu,
1367 4473 1407 4535 et
1429 4473 1551 4534 tetrae
1574 4447 1710 4534 transi-

259 4589 308 4654 ιιι
320 4629 333 4676 ,
365 4569 468 4684 cujus
497 4572 665 4659 meminit
694 4572 734 4657 in
762 4570 917 4686 epistola
947 4569 1132 4658 Corduba
1163 4568 1292 4657 Nonis
1315 4568 1518 4654 Decembr.
1542 4559 1710 4682 ejusdem

307 4818 323 4858 1
365 4802 476 4862 XLIX.
491 4804 564 4864 edit.
577 4805 667 4864 Salm.
828 4821 846 4864 n
887 4806 958 4865 vid.
971 4807 1060 4865 etiam
1075 4805 1158 4882 epist.
1173 4821 1233 4879 seq.
1637 4713 1709 4771 an
1785 4855 1789 4864 .

305 4895 324 4952 3
364 4883 447 4943 Hanc
460 4887 591 4943 eamdem
612 4884 764 4944 Pintiani
757 4903 787 4943 tn
801 4885 899 4943 Plinio
913 4887 1094 4944 emendando
1113 4886 1278 4943 libertatem
1296 4880 1417 4946 damnat
1435 4883 1484 4966 J0.
1496 4877 1682 4944 flodoinus
1674 4896 1705 4939 tn

260 4957 454 5035 praefatione
472 4965 510 5026 ad
524 4965 687 5034 Pliniantot
701 4981 783 5030 suam
794 4967 955 5030 editionem
970 4967 1191 5028 ιιιιιιιοιιιιῑιιιι
1205 4967 1332 5044 uanum.
