4292 5984
650 435 1155 518 SUMMARIUM.
1291 411 1292 414 ‘
1465 443 1611 517 xxvrr.

233 561 437 654 XXXVII.
508 563 574 652 Ad
611 562 736 652 hostes
767 562 873 651 omni
925 563 1145 653 boranribus
1170 561 1332 652 subsidio
1355 565 1504 653 missia
1537 570 1635 658 Cae·
1810 623 1813 628 ·

157 711 381 772 commeatu
426 683 680 798 prohibendos
745 687 873 770 Mare·
925 683 1072 771 sananis
1084 685 1308 796 rejiciuntur,
1324 708 1363 770 et
1374 685 1543 800 proxima
1564 716 1633 777 no·

157 803 312 890 llanum
370 806 511 888 Gonza

157 923 387 1010 mittuntur.
435 925 479 1006 In
511 829 589 1046 blac
640 920 872 1038 expetitione
925 920 1134 1008 Adversam
1175 921 1413 1008 contendunt
1440 951 1522 1024 non
1555 924 1634 1012 sine

156 1040 328 1130 bostium
353 1040 604 1158 equitatusin
631 1035 762 1158 fugam
788 1067 872 1130 ver·
924 1067 1068 1155 magno
1108 1042 1156 1128 ab
1202 1041 1479 1157 insequentibus
1529 1041 1633 1132 illato

155 1191 253 1265 sus3
293 1161 435 1277 pedites
470 1187 632 1264 omnes,
663 1160 730 1276 qui
767 1187 871 1245 com·
924 1155 1160 1246 detrimento.
1183 1159 1453 1246 Philibettuset
1468 1159 1633 1250 Alarcon

158 1281 306 1368 meatui
328 1277 511 1396 praesidio
539 1301 645 1364 erant
670 1337 684 1382 ,
713 1277 777 1365 vel
806 1301 898 1363 oc-‘
925 1275 1136 1362 Adversam
1163 1306 1386 1394 oppugnare
1409 1303 1564 1393 parant.

155 1399 256 1504 cisi,
283 1397 345 1487 vel
369 1396 493 1519 capti.
522 1394 680 1509 Hispani
707 1395 871 1482 secunda
999 1397 1136 1482 XLIV.
1212 1393 1412 1481 Gallorum
1441 1397 1554 1485 duces
1584 1396 1633 1485 le·

157 1516 277 1602 etiarn
300 1514 490 1632 praeliain
515 1513 687 1600 Calabria
716 1511 869 1600 faciunt.
922 1511 1017 1628 gatis
1043 1514 1097 1600 ad
1125 1511 1366 1600 Philibertum
1405 1515 1517 1602 missis
1553 1546 1630 1604 sese

158 1639 369 1722 hunecus
402 1631 563 1747 moriens
604 1631 746 1748 imperii
776 1663 873 1719 sum·
921 1629 962 1714 in
989 1629 1067 1742 ejus
1095 1630 1210 1718 fidem
1239 1656 1278 1718 et
1306 1653 1532 1748 potestatem
1553 1663 1631 1749 per·

158 1782 270 1839 mam
312 1745 534 1839 Salutiarum
574 1750 788 1839 Marchioni
832 1773 872 1838 et
923 1746 1096 1837 mittunt.
1136 1749 1308 1837 Adversa
1335 1774 1465 1836 tamen
1492 1751 1630 1864 injussu

157 1871 279 1958 Petro
309 1875 486 1959 Navarro
516 1868 651 1956 nariit.
922 1864 999 1977 ejus
1020 1869 1071 1955 ab
1096 1867 1269 1983 Hispanis
1295 1868 1487 1981 diripitur.
1528 1869 1630 1956 Salu-

221 1991 443 2076 XXXVIII.
500 1988 809 2074 Caesananorum
831 1986 872 2073 li-
922 1983 1057 2070 tiarum
1085 1984 1261 2072 Marcbio
1291 1985 1460 2091 ,Petrus
1483 1992 1630 2074 Navar-

157 2105 325 2195 beriores
353 2104 584 2194 exmrsiones
599 2105 873 2221 populationes-
922 2127 1015 2210 rtis,
1038 2102 1172 2190 Guido
1197 2104 1452 2222 Rangonius,
1482 2130 1521 2191 et
1550 2110 1630 2191 Na-

156 2237 240 2341 que
258 2288 269 2310 .
286 2229 446 2339 Samum
462 2222 647 2338 recipitur.
673 2227 808 2308 Somae
821 2223 873 2309 di·
922 2247 1053 2308 varrae
1084 2221 1255 2336 Princeps
1278 2221 1377 2336 capti
1400 2221 1451 2308 ad
1467 2223 1630 2338 Neapoli

154 2341 299 2456 reptio.
327 2342 431 2428 Nola
455 2341 506 2428 ab
531 2341 704 2457 Hispanis
719 2339 873 2457 nequid·
922 2366 1048 2424 arcem
1064 2339 1281 2424 mittuntur.
1311 2338 1499 2426 Universo
1516 2341 1629 2457 Igitur

155 2488 284 2576 quam
311 2482 496 2546 tentatur.
527 2460 706 2546 Hostium
738 2487 871 2544 manus
922 2457 1122 2544 Gallorum
1153 2457 1315 2542 exercitu
1344 2455 1470 2542 deleto
1502 2481 1629 2544 totum

609 827 649 890 et
694 803 872 888 Ixartinus
924 825 985 889 cte
1000 803 1200 915 majoribus
1225 803 1337 888 etiam
1352 803 1476 890 castris
1489 805 1633 915 relictis,
1758 879 1761 884 .

155 2605 182 2662 a
212 2582 405 2696 Gonzaga
434 2603 572 2714 magna
600 2601 778 2692 exparte
806 2605 870 2664 oc·
921 2603 1083 2693 regnum
1113 2572 1470 2690 Neapolitanumin
1497 2575 1628 2693 Hispa·
1802 2603 1805 2610 ·

155 2693 294 2782 ciditur
311 2721 379 2782 aut
405 2722 573 2810 caprrur.
921 2719 1062 2784 norum
1083 2717 1308 2812 potestatem
1328 2691 1447 2781 redit.

219 2815 406 2900 XXXIX.
464 2813 686 2900 Philibertus
725 2813 765 2898 in
808 2841 871 2900 ex·
1449 2859 1451 2862 v

154 2956 282 3018 trema
313 2933 538 3017 cibariorum
569 2954 735 3048 egestare
766 2959 870 3048 prae·
1152 2938 1283 3030 ΙΔΙΒ,γ
1307 2939 1391 3030 ΙΧ,

158 3045 350 3136 sectorum
379 3049 576 3136 sententias
590 3049 760 3166 exquirit.
793 3051 870 3136 Va·
1429 3071 1433 3078 '
1610 3047 1611 3050 Ὺ

156 3164 236 3253 riae
265 3197 397 3254 corum
429 3167 643 3282 opiniones.
977 3173 1007 3254 I.
1067 3131 1212 3256 Dum
1245 3170 1337 3258 baec
1378 3169 1429 3257 ad
1473 3172 1627 3286 Neapo-

235 3287 321 3370 XL
391 3285 612 3371 Dominicus
649 3285 869 3373 Arriaranus
918 3284 983 3372 lim
1015 3313 1196 3404 geruntur
1214 3350 1227 3395 ,
1243 3287 1427 3392 Henricus
1456 3290 1627 3374 Brunsvi·

157 3399 361 3488 Gallorum
391 3428 508 3488 castra
539 3429 660 3488 noctu
687 3404 867 3518 explorat,
917 3404 1032 3490 censis
1061 3411 1150 3492 Dux
1165 3407 1308 3492 militari
1341 3431 1458 3490 manu
1474 3405 1512 3489 in
1528 3409 1625 3490 Ger-

159 3517 367 3636 locumque
398 3520 665 3640 expugnationi
689 3547 869 3638 opportu·
917 3523 1040 3608 mania
1081 3525 1178 3638 jussu
1233 3521 1399 3610 Caesaris
1455 3519 1627 3607 confecta
1752 3555 1758 3564 ·

158 3665 254 3724 num
283 3639 482 3726 observat.
916 3640 1181 3728 Mediolanum
1215 3641 1429 3758 pervenit,
1476 3644 1627 3752 Neapo-

219 3758 319 3841 XLI.
379 3755 529 3843 Eodem
556 3780 727 3871 tempore
751 3758 869 3874 proxi·
915 3755 979 3843 lim
1016 3789 1299 3878 progressurus,
1331 3757 1455 3870 iquue
1487 3755 1624 3845 Leivae

158 3904 269 3959 mum
297 3877 553 3962 excubitorem
570 3873 789 3981 Invadit,et
818 3876 868 3963 ab
912 3877 1084 3994 precibus
1109 3881 1293 3966 adductus
1323 3872 1506 3960 consistit.

158 4018 209 4076 eo
226 4050 241 4097 ,
257 4021 374 4108 quam
396 3993 434 4079 in
447 4017 608 4110 angusto
635 3991 799 4081 hostiurn
812 4024 869 4081 res
973 4001 1020 4082 H.
1081 3997 1229 4080 Deinde
1260 3991 1431 4080 Laudem
1467 3996 1629 4106 Pompe·

157 4108 483 4227 sint,eognoscit.
915 4112 989 4225 jam
1021 4113 1279 4226 nequidquam
1317 4133 1551 4226 oppugnat,
1585 4135 1625 4195 et

223 4227 337 4312 XLII.
397 4230 563 4341 Joannes
583 4227 727 4313 Urbina
741 4228 868 4314 locum
915 4227 1129 4314 vehementi
1153 4229 1291 4315 morbo
1318 4252 1507 4346 grassante
1532 4226 1626 4312 mili·

159 4343 211 4431 ab
253 4345 453 4433 Arriarano
490 4369 666 4431 notatum
693 4370 868 4459 occupat,
914 4346 1089 4461 cibusque
1125 4345 1285 4433 domum
1317 4345 1435 4433 redire
1477 4345 1627 4462 cupien-

160 4461 415 4580 omnibusque
444 4463 559 4579 copiis
574 4461 715 4550 eductis
737 4462 869 4549 Gallo-
915 4464 1012 4550 tibus
1046 4464 1162 4579 ,ipse
1185 4492 1343 4581 quoque
1381 4463 1430 4552 de
1461 4463 1621 4553 domum

160 4607 245 4665 turn
271 4582 416 4668 minora
443 4607 559 4668 castra
585 4604 798 4702 oppugnat.
913 4580 1101 4671 reditione
1128 4585 1295 4701 cogitat.

230 4698 361 4785 XLIII.
432 4701 612 4785 Hostium
639 4701 751 4786 duces
778 4723 869 4787 octo
991 4705 1066 4806 111.
1130 4699 1387 4788 brunsvicensi
1431 4705 1541 4786 Duce
1585 4700 1624 4784 ln

165 4812 306 4904 circiter
333 4818 532 4906 bominum
559 4815 669 4908 millia
711 4819 782 4906 suis
824 4819 872 4908 la·
918 4817 1162 4909 Germaniam
1195 4819 1452 4923 discedente,
1489 4817 1627 4903 Franci-

1275 4941 1351 5022 Da
1547 4953 1798 5020 scus‘
