<?xml version="1.0" encoding="UTF-8"?>
<!DOCTYPE html PUBLIC "-//W3C//DTD XHTML 1.0 Transitional//EN"
    "http://www.w3.org/TR/xhtml1/DTD/xhtml1-transitional.dtd">
<html xmlns="http://www.w3.org/1999/xhtml" xml:lang="en" lang="en">
 <head>
  <title>
</title>
<meta http-equiv="Content-Type" content="text/html;charset=utf-8" />
  <meta name='ocr-system' content='tesseract 3.04.00' />
  <meta name='ocr-capabilities' content='ocr_page ocr_carea ocr_par ocr_line ocrx_word'/>
</head>
<body>
  <div class='ocr_page' id='page_1' title='image "./joannisgenesiis02sepgoog_0231.png"; bbox 0 0 4292 5984; ppageno 0'>
   <div class='ocr_carea' id='block_1_1' title="bbox 147 451 1616 5004">
    <p class='ocr_par' dir='ltr' id='par_1_1' title="bbox 147 451 1616 2349">
     <span class='ocr_line' id='line_1_1' title="bbox 628 451 1594 537; baseline -0.003 -3"><span class='ocrx_word' id='word_1_1' title='bbox 628 451 1129 537; x_wconf 82' lang='lat' dir='ltr'><strong>SUMMARIUM.</strong></span> <span class='ocrx_word' id='word_1_2' title='bbox 1453 463 1594 534; x_wconf 88' lang='lat' dir='ltr'><strong>XXXV.</strong></span> 
     </span>
     <span class='ocr_line' id='line_1_2' title="bbox 151 568 1616 702; baseline 0.007 -34"><span class='ocrx_word' id='word_1_3' title='bbox 151 612 259 669; x_wconf 89' lang='lat' dir='ltr'>mum</span> <span class='ocrx_word' id='word_1_4' title='bbox 290 580 464 690; x_wconf 86' lang='lat' dir='ltr'>retineri,</span> <span class='ocrx_word' id='word_1_5' title='bbox 496 582 633 672; x_wconf 90' lang='lat' dir='ltr'>deinde</span> <span class='ocrx_word' id='word_1_6' title='bbox 660 582 858 670; x_wconf 81' lang='lat' dir='ltr'>Gallorum</span> <span class='ocrx_word' id='word_1_7' title='bbox 911 580 1061 668; x_wconf 81' lang='lat' dir='ltr'>bellicae</span> <span class='ocrx_word' id='word_1_8' title='bbox 1092 568 1209 671; x_wconf 84' lang='lat' dir='ltr'>virtus</span> <span class='ocrx_word' id='word_1_9' title='bbox 1244 585 1393 702; x_wconf 87' lang='lat' dir='ltr'>opinio.</span> <span class='ocrx_word' id='word_1_10' title='bbox 1438 591 1491 676; x_wconf 88' lang='lat' dir='ltr'>Hi</span> <span class='ocrx_word' id='word_1_11' title='bbox 1514 591 1616 678; x_wconf 89' lang='lat' dir='ltr'>Cha·</span> 
     </span>
     <span class='ocr_line' id='line_1_3' title="bbox 150 699 1616 823; baseline 0.007 -38"><span class='ocrx_word' id='word_1_12' title='bbox 150 700 282 817; x_wconf 87' lang='lat' dir='ltr'>legato</span> <span class='ocrx_word' id='word_1_13' title='bbox 324 762 337 807; x_wconf 95' lang='lat'>,</span> <span class='ocrx_word' id='word_1_14' title='bbox 380 699 446 818; x_wconf 93' lang='lat' dir='ltr'>qui</span> <span class='ocrx_word' id='word_1_15' title='bbox 490 701 641 786; x_wconf 79' lang='lat' dir='ltr'>classem</span> <span class='ocrx_word' id='word_1_16' title='bbox 680 701 858 818; x_wconf 86' lang='lat' dir='ltr'>sequeba-</span> <span class='ocrx_word' id='word_1_17' title='bbox 911 700 1030 786; x_wconf 89' lang='lat' dir='ltr'>tadini</span> <span class='ocrx_word' id='word_1_18' title='bbox 1061 700 1247 818; x_wconf 82' lang='lat' dir='ltr'>diligentia</span> <span class='ocrx_word' id='word_1_19' title='bbox 1282 730 1321 791; x_wconf 92' lang='lat' dir='ltr'>et</span> <span class='ocrx_word' id='word_1_20' title='bbox 1356 735 1493 823; x_wconf 88' lang='lat' dir='ltr'>magna</span> <span class='ocrx_word' id='word_1_21' title='bbox 1519 739 1616 795; x_wconf 92' lang='lat' dir='ltr'>mer·</span> 
     </span>
     <span class='ocr_line' id='line_1_4' title="bbox 148 816 1614 930; baseline 0.006 -26"><span class='ocrx_word' id='word_1_22' title='bbox 148 841 244 925; x_wconf 92' lang='lat' dir='ltr'>tur,</span> <span class='ocrx_word' id='word_1_23' title='bbox 275 819 372 905; x_wconf 87' lang='lat' dir='ltr'>tradi</span> <span class='ocrx_word' id='word_1_24' title='bbox 413 816 534 930; x_wconf 74' lang='lat' dir='ltr'>habet.</span> <span class='ocrx_word' id='word_1_25' title='bbox 586 825 645 904; x_wconf 86' lang='lat' dir='ltr'>Ex</span> <span class='ocrx_word' id='word_1_26' title='bbox 690 819 855 905; x_wconf 77' lang='lat' dir='ltr'>Uticensi</span> <span class='ocrx_word' id='word_1_27' title='bbox 910 819 1002 904; x_wconf 90' lang='lat' dir='ltr'>cede</span> <span class='ocrx_word' id='word_1_28' title='bbox 1042 819 1090 906; x_wconf 85' lang='lat' dir='ltr'>ab</span> <span class='ocrx_word' id='word_1_29' title='bbox 1132 819 1290 907; x_wconf 89' lang='lat' dir='ltr'>amicitia</span> <span class='ocrx_word' id='word_1_30' title='bbox 1321 824 1468 910; x_wconf 87' lang='lat' dir='ltr'>Hazeni</span> <span class='ocrx_word' id='word_1_31' title='bbox 1495 824 1614 913; x_wconf 89' lang='lat' dir='ltr'>abdu-</span> 
     </span>
     <span class='ocr_line' id='line_1_5' title="bbox 147 931 1613 1058; baseline 0.007 -38"><span class='ocrx_word' id='word_1_32' title='bbox 147 961 366 1054; x_wconf 86' lang='lat' dir='ltr'>progresstu</span> <span class='ocrx_word' id='word_1_33' title='bbox 391 931 725 1052; x_wconf 75' lang='lat' dir='ltr'>Carthaginensem</span> <span class='ocrx_word' id='word_1_34' title='bbox 769 966 857 1052; x_wconf 90' lang='lat' dir='ltr'>por·</span> <span class='ocrx_word' id='word_1_35' title='bbox 909 959 1072 1020; x_wconf 83' lang='lat' dir='ltr'>crrnrut:</span> <span class='ocrx_word' id='word_1_36' title='bbox 1101 962 1330 1053; x_wconf 90' lang='lat' dir='ltr'>quapropter</span> <span class='ocrx_word' id='word_1_37' title='bbox 1362 971 1487 1058; x_wconf 89' lang='lat' dir='ltr'>neque</span> <span class='ocrx_word' id='word_1_38' title='bbox 1515 972 1613 1030; x_wconf 83' lang='lat' dir='ltr'>exer·</span> 
     </span>
     <span class='ocr_line' id='line_1_6' title="bbox 148 1051 1615 1177; baseline 0.007 -40"><span class='ocrx_word' id='word_1_39' title='bbox 148 1075 238 1137; x_wconf 89' lang='lat' dir='ltr'>tum</span> <span class='ocrx_word' id='word_1_40' title='bbox 267 1081 357 1140; x_wconf 89' lang='lat' dir='ltr'>cum</span> <span class='ocrx_word' id='word_1_41' title='bbox 386 1053 557 1142; x_wconf 87' lang='lat' dir='ltr'>universa</span> <span class='ocrx_word' id='word_1_42' title='bbox 584 1054 696 1141; x_wconf 86' lang='lat' dir='ltr'>classe</span> <span class='ocrx_word' id='word_1_43' title='bbox 737 1055 858 1171; x_wconf 90' lang='lat' dir='ltr'>ingre·</span> <span class='ocrx_word' id='word_1_44' title='bbox 909 1051 1047 1157; x_wconf 91' lang='lat' dir='ltr'>citum,</span> <span class='ocrx_word' id='word_1_45' title='bbox 1066 1082 1190 1172; x_wconf 88' lang='lat' dir='ltr'>neque</span> <span class='ocrx_word' id='word_1_46' title='bbox 1223 1083 1483 1166; x_wconf 84' lang='lat' dir='ltr'>commeatus,</span> <span class='ocrx_word' id='word_1_47' title='bbox 1514 1089 1615 1177; x_wconf 91' lang='lat' dir='ltr'>quos</span> 
     </span>
     <span class='ocr_line' id='line_1_7' title="bbox 152 1169 1616 1292; baseline 0.006 -36"><span class='ocrx_word' id='word_1_48' title='bbox 152 1169 277 1256; x_wconf 88' lang='lat' dir='ltr'>ditur.</span> <span class='ocrx_word' id='word_1_49' title='bbox 909 1169 1058 1256; x_wconf 83' lang='lat' dir='ltr'>Caesari</span> <span class='ocrx_word' id='word_1_50' title='bbox 1101 1201 1168 1286; x_wconf 92' lang='lat' dir='ltr'>per</span> <span class='ocrx_word' id='word_1_51' title='bbox 1198 1170 1341 1289; x_wconf 82' lang='lat' dir='ltr'>legatos</span> <span class='ocrx_word' id='word_1_52' title='bbox 1379 1173 1501 1264; x_wconf 87' lang='lat' dir='ltr'>fuerat</span> <span class='ocrx_word' id='word_1_53' title='bbox 1537 1179 1616 1292; x_wconf 91' lang='lat' dir='ltr'>pol·</span> 
     </span>
     <span class='ocr_line' id='line_1_8' title="bbox 164 1287 1406 1402; baseline 0.002 -28"><span class='ocrx_word' id='word_1_54' title='bbox 164 1297 168 1304; x_wconf 87' lang='lat'>&#39;</span> <span class='ocrx_word' id='word_1_55' title='bbox 212 1291 319 1374; x_wconf 81' lang='lat' dir='ltr'>XIX</span> <span class='ocrx_word' id='word_1_56' title='bbox 378 1290 589 1395; x_wconf 87' lang='lat' dir='ltr'>Postridie,</span> <span class='ocrx_word' id='word_1_57' title='bbox 611 1288 782 1377; x_wconf 88' lang='lat' dir='ltr'>vixdum</span> <span class='ocrx_word' id='word_1_58' title='bbox 810 1288 859 1374; x_wconf 89' lang='lat' dir='ltr'>di·</span> <span class='ocrx_word' id='word_1_59' title='bbox 909 1287 1053 1393; x_wconf 80' lang='lat' dir='ltr'>licinus,</span> <span class='ocrx_word' id='word_1_60' title='bbox 1073 1312 1255 1402; x_wconf 85' lang='lat' dir='ltr'>praestare</span> <span class='ocrx_word' id='word_1_61' title='bbox 1283 1290 1406 1380; x_wconf 82' lang='lat' dir='ltr'>valet.</span> 
     </span>
     <span class='ocr_line' id='line_1_9' title="bbox 150 1403 1613 1527; baseline 0.008 -37"><span class='ocrx_word' id='word_1_62' title='bbox 150 1405 265 1490; x_wconf 88' lang='lat' dir='ltr'>midia</span> <span class='ocrx_word' id='word_1_63' title='bbox 312 1407 496 1520; x_wconf 80' lang='lat' dir='ltr'>peditatus</span> <span class='ocrx_word' id='word_1_64' title='bbox 524 1431 629 1520; x_wconf 84' lang='lat' dir='ltr'>parte</span> <span class='ocrx_word' id='word_1_65' title='bbox 673 1403 857 1522; x_wconf 88' lang='lat' dir='ltr'>exposita,</span> <span class='ocrx_word' id='word_1_66' title='bbox 968 1406 1117 1491; x_wconf 89' lang='lat' dir='ltr'><strong>XXIV.</strong></span> <span class='ocrx_word' id='word_1_67' title='bbox 1176 1407 1410 1496; x_wconf 84' lang='lat' dir='ltr'>Charadinus</span> <span class='ocrx_word' id='word_1_68' title='bbox 1452 1412 1613 1527; x_wconf 91' lang='lat' dir='ltr'>primum</span> 
     </span>
     <span class='ocr_line' id='line_1_10' title="bbox 150 1519 1614 1642; baseline 0.008 -34"><span class='ocrx_word' id='word_1_69' title='bbox 150 1524 311 1610; x_wconf 82' lang='lat' dir='ltr'>Carolus</span> <span class='ocrx_word' id='word_1_70' title='bbox 337 1523 375 1610; x_wconf 94' lang='lat' dir='ltr'>in</span> <span class='ocrx_word' id='word_1_71' title='bbox 403 1547 538 1610; x_wconf 88' lang='lat' dir='ltr'>terram</span> <span class='ocrx_word' id='word_1_72' title='bbox 570 1522 792 1628; x_wconf 87' lang='lat' dir='ltr'>descendit,</span> <span class='ocrx_word' id='word_1_73' title='bbox 817 1545 857 1607; x_wconf 90' lang='lat' dir='ltr'>et</span> <span class='ocrx_word' id='word_1_74' title='bbox 910 1519 959 1607; x_wconf 91' lang='lat' dir='ltr'>de</span> <span class='ocrx_word' id='word_1_75' title='bbox 988 1522 1122 1610; x_wconf 93' lang='lat' dir='ltr'>bellico</span> <span class='ocrx_word' id='word_1_76' title='bbox 1151 1523 1279 1610; x_wconf 90' lang='lat' dir='ltr'>Caroli</span> <span class='ocrx_word' id='word_1_77' title='bbox 1324 1553 1506 1642; x_wconf 88' lang='lat' dir='ltr'>apparatu</span> <span class='ocrx_word' id='word_1_78' title='bbox 1551 1562 1614 1618; x_wconf 90' lang='lat' dir='ltr'>ru·</span> 
     </span>
     <span class='ocr_line' id='line_1_11' title="bbox 153 1638 1615 1758; baseline -0.007 -33"><span class='ocrx_word' id='word_1_79' title='bbox 153 1640 358 1728; x_wconf 86' lang='lat' dir='ltr'>nemilites</span> <span class='ocrx_word' id='word_1_80' title='bbox 388 1643 529 1758; x_wconf 88' lang='lat' dir='ltr'>absque</span> <span class='ocrx_word' id='word_1_81' title='bbox 557 1640 688 1727; x_wconf 89' lang='lat' dir='ltr'>ordine</span> <span class='ocrx_word' id='word_1_82' title='bbox 716 1666 859 1756; x_wconf 88' lang='lat' dir='ltr'>vagen-</span> <span class='ocrx_word' id='word_1_83' title='bbox 910 1667 1055 1732; x_wconf 90' lang='lat' dir='ltr'>morem</span> <span class='ocrx_word' id='word_1_84' title='bbox 1070 1638 1202 1725; x_wconf 82' lang='lat' dir='ltr'>falsum</span> <span class='ocrx_word' id='word_1_85' title='bbox 1229 1670 1342 1730; x_wconf 87' lang='lat' dir='ltr'>esser</span> <span class='ocrx_word' id='word_1_86' title='bbox 1391 1669 1498 1752; x_wconf 87' lang='lat' dir='ltr'>urat,</span> <span class='ocrx_word' id='word_1_87' title='bbox 1515 1646 1615 1734; x_wconf 71' lang='lat' dir='ltr'>dein.</span> 
     </span>
     <span class='ocr_line' id='line_1_12' title="bbox 153 1755 1615 1874; baseline 0.007 -32"><span class='ocrx_word' id='word_1_88' title='bbox 153 1777 237 1864; x_wconf 88' lang='lat' dir='ltr'>tur,</span> <span class='ocrx_word' id='word_1_89' title='bbox 256 1759 379 1873; x_wconf 75' lang='lat' dir='ltr'>jubet</span> <span class='ocrx_word' id='word_1_90' title='bbox 416 1764 496 1874; x_wconf 91' lang='lat' dir='ltr'>Ipse</span> <span class='ocrx_word' id='word_1_91' title='bbox 512 1759 648 1846; x_wconf 88' lang='lat' dir='ltr'>vestitu</span> <span class='ocrx_word' id='word_1_92' title='bbox 671 1781 711 1842; x_wconf 91' lang='lat' dir='ltr'>et</span> <span class='ocrx_word' id='word_1_93' title='bbox 738 1786 858 1840; x_wconf 89' lang='lat' dir='ltr'>arma·</span> <span class='ocrx_word' id='word_1_94' title='bbox 911 1755 959 1840; x_wconf 90' lang='lat' dir='ltr'>de</span> <span class='ocrx_word' id='word_1_95' title='bbox 989 1785 1030 1842; x_wconf 92' lang='lat' dir='ltr'>re</span> <span class='ocrx_word' id='word_1_96' title='bbox 1060 1785 1148 1844; x_wconf 89' lang='lat' dir='ltr'>curn</span> <span class='ocrx_word' id='word_1_97' title='bbox 1172 1787 1326 1844; x_wconf 91' lang='lat' dir='ltr'>suorum</span> <span class='ocrx_word' id='word_1_98' title='bbox 1384 1762 1534 1848; x_wconf 86' lang='lat' dir='ltr'>dissimis</span> <span class='ocrx_word' id='word_1_99' title='bbox 1554 1766 1615 1852; x_wconf 75' lang='lat' dir='ltr'>de</span> 
     </span>
     <span class='ocr_line' id='line_1_13' title="bbox 152 1869 1610 2114; baseline 0.005 -35"><span class='ocrx_word' id='word_1_100' title='bbox 152 1873 853 2082; x_wconf 51' lang='lat' dir='ltr'>ffifflffiffldss</span> <span class='ocrx_word' id='word_1_101' title='bbox 909 1869 1355 2080; x_wconf 47' lang='lat' dir='ltr'>lisinam?</span> <span class='ocrx_word' id='word_1_102' title='bbox 1376 1909 1610 2114; x_wconf 54' lang='lat' dir='ltr'>‘thimei-⁰⁵¹5</span> 
     </span>
     <span class='ocr_line' id='line_1_14' title="bbox 152 2022 1613 2226; baseline 0.008 -33"><span class='ocrx_word' id='word_1_103' title='bbox 152 2138 312 2198; x_wconf 91' lang='lat' dir='ltr'>manum</span> <span class='ocrx_word' id='word_1_104' title='bbox 342 2113 495 2199; x_wconf 90' lang='lat' dir='ltr'>militem</span> <span class='ocrx_word' id='word_1_105' title='bbox 527 2022 716 2198; x_wconf 63' lang='lat' dir='ltr'>hvehirur</span> <span class='ocrx_word' id='word_1_106' title='bbox 743 2107 858 2223; x_wconf 90' lang='lat' dir='ltr'>paulo</span> <span class='ocrx_word' id='word_1_107' title='bbox 910 2109 1094 2194; x_wconf 91' lang='lat' dir='ltr'>mantium</span> <span class='ocrx_word' id='word_1_108' title='bbox 1125 2109 1219 2198; x_wconf 87' lang='lat' dir='ltr'>vires</span> <span class='ocrx_word' id='word_1_109' title='bbox 1250 2023 1523 2226; x_wconf 59' lang='lat' dir='ltr'>tamegpoten&#39;tis</span> <span class='ocrx_word' id='word_1_110' title='bbox 1547 2116 1613 2204; x_wconf 86' lang='lat' dir='ltr'>ho</span> 
     </span>
     <span class='ocr_line' id='line_1_15' title="bbox 156 2223 1615 2349; baseline 0.008 -39"><span class='ocrx_word' id='word_1_111' title='bbox 156 2224 308 2345; x_wconf 88' lang='lat' dir='ltr'>longius</span> <span class='ocrx_word' id='word_1_112' title='bbox 325 2230 586 2316; x_wconf 82' lang='lat' dir='ltr'>excedentem.</span> <span class='ocrx_word' id='word_1_113' title='bbox 909 2223 972 2310; x_wconf 85' lang='lat' dir='ltr'>stis</span> <span class='ocrx_word' id='word_1_114' title='bbox 998 2253 1138 2313; x_wconf 89' lang='lat' dir='ltr'>temere</span> <span class='ocrx_word' id='word_1_115' title='bbox 1165 2228 1318 2342; x_wconf 86' lang='lat' dir='ltr'>experiri</span> <span class='ocrx_word' id='word_1_116' title='bbox 1348 2257 1430 2316; x_wconf 91' lang='lat' dir='ltr'>non</span> <span class='ocrx_word' id='word_1_117' title='bbox 1462 2257 1615 2349; x_wconf 88' lang='lat' dir='ltr'>oporte·</span> 
     </span>
    </p>

    <p class='ocr_par' dir='ltr' id='par_1_2' title="bbox 152 2344 1614 3397">
     <span class='ocr_line' id='line_1_16' title="bbox 199 2344 971 2452; baseline -0.004 -22"><span class='ocrx_word' id='word_1_118' title='bbox 199 2347 292 2430; x_wconf 90' lang='lat' dir='ltr'>XX.</span> <span class='ocrx_word' id='word_1_119' title='bbox 342 2350 553 2432; x_wconf 91' lang='lat' dir='ltr'>Germanus</span> <span class='ocrx_word' id='word_1_120' title='bbox 574 2344 640 2430; x_wconf 88' lang='lat' dir='ltr'>sibi</span> <span class='ocrx_word' id='word_1_121' title='bbox 665 2365 859 2452; x_wconf 89' lang='lat' dir='ltr'>metuens,</span> <span class='ocrx_word' id='word_1_122' title='bbox 908 2369 971 2428; x_wconf 89' lang='lat' dir='ltr'>re.</span> 
     </span>
     <span class='ocr_line' id='line_1_17' title="bbox 152 2459 1614 2580; baseline 0.006 -35"><span class='ocrx_word' id='word_1_123' title='bbox 152 2459 386 2578; x_wconf 90' lang='lat' dir='ltr'>scloppetum</span> <span class='ocrx_word' id='word_1_124' title='bbox 414 2463 453 2548; x_wconf 91' lang='lat' dir='ltr'>in</span> <span class='ocrx_word' id='word_1_125' title='bbox 484 2461 665 2548; x_wconf 88' lang='lat' dir='ltr'>Carolum</span> <span class='ocrx_word' id='word_1_126' title='bbox 707 2462 859 2580; x_wconf 90' lang='lat' dir='ltr'>ignarus</span> <span class='ocrx_word' id='word_1_127' title='bbox 966 2461 1095 2550; x_wconf 86' lang='lat' dir='ltr'><strong>XXV.</strong></span> <span class='ocrx_word' id='word_1_128' title='bbox 1168 2459 1317 2560; x_wconf 85' lang='lat' dir='ltr'>Quibus</span> <span class='ocrx_word' id='word_1_129' title='bbox 1363 2463 1518 2580; x_wconf 86' lang='lat' dir='ltr'>quidem</span> <span class='ocrx_word' id='word_1_130' title='bbox 1560 2495 1614 2554; x_wconf 81' lang='lat' dir='ltr'>re·</span> 
     </span>
     <span class='ocr_line' id='line_1_18' title="bbox 153 2577 1610 2695; baseline 0.005 -33"><span class='ocrx_word' id='word_1_131' title='bbox 153 2577 333 2665; x_wconf 87' lang='lat' dir='ltr'>intendit.</span> <span class='ocrx_word' id='word_1_132' title='bbox 380 2583 517 2667; x_wconf 86' lang='lat' dir='ltr'>Caesar</span> <span class='ocrx_word' id='word_1_133' title='bbox 546 2579 725 2694; x_wconf 90' lang='lat' dir='ltr'>inopinati</span> <span class='ocrx_word' id='word_1_134' title='bbox 757 2581 857 2695; x_wconf 89' lang='lat' dir='ltr'>peri·</span> <span class='ocrx_word' id='word_1_135' title='bbox 908 2580 1070 2695; x_wconf 87' lang='lat' dir='ltr'>spondet</span> <span class='ocrx_word' id='word_1_136' title='bbox 1086 2639 1099 2679; x_wconf 93' lang='lat'>‚</span> <span class='ocrx_word' id='word_1_137' title='bbox 1114 2607 1197 2667; x_wconf 94' lang='lat' dir='ltr'>non</span> <span class='ocrx_word' id='word_1_138' title='bbox 1226 2603 1304 2666; x_wconf 90' lang='lat' dir='ltr'>tam</span> <span class='ocrx_word' id='word_1_139' title='bbox 1331 2580 1430 2668; x_wconf 90' lang='lat' dir='ltr'>vinci</span> <span class='ocrx_word' id='word_1_140' title='bbox 1466 2585 1610 2670; x_wconf 83' lang='lat' dir='ltr'>aCae·</span> 
     </span>
     <span class='ocr_line' id='line_1_19' title="bbox 157 2693 1612 2816; baseline 0.005 -36"><span class='ocrx_word' id='word_1_141' title='bbox 157 2694 230 2780; x_wconf 87' lang='lat' dir='ltr'>culi</span> <span class='ocrx_word' id='word_1_142' title='bbox 258 2696 393 2784; x_wconf 90' lang='lat' dir='ltr'>timore</span> <span class='ocrx_word' id='word_1_143' title='bbox 407 2696 592 2813; x_wconf 87' lang='lat' dir='ltr'>perculsus</span> <span class='ocrx_word' id='word_1_144' title='bbox 609 2696 751 2810; x_wconf 89' lang='lat' dir='ltr'>petenti</span> <span class='ocrx_word' id='word_1_145' title='bbox 773 2698 861 2784; x_wconf 87' lang='lat' dir='ltr'>dex·</span> <span class='ocrx_word' id='word_1_146' title='bbox 908 2726 988 2783; x_wconf 86' lang='lat' dir='ltr'>sare</span> <span class='ocrx_word' id='word_1_147' title='bbox 1012 2724 1122 2812; x_wconf 88' lang='lat' dir='ltr'>turpe</span> <span class='ocrx_word' id='word_1_148' title='bbox 1152 2693 1321 2784; x_wconf 77' lang='lat' dir='ltr'>hammam</span> <span class='ocrx_word' id='word_1_149' title='bbox 1359 2726 1462 2802; x_wconf 90' lang='lat' dir='ltr'>esse,</span> <span class='ocrx_word' id='word_1_150' title='bbox 1496 2728 1612 2816; x_wconf 85' lang='lat' dir='ltr'>quam</span> 
     </span>
     <span class='ocr_line' id='line_1_20' title="bbox 155 2811 1547 2947; baseline 0.004 -51"><span class='ocrx_word' id='word_1_151' title='bbox 155 2833 253 2896; x_wconf 84' lang='lat' dir='ltr'>tram</span> <span class='ocrx_word' id='word_1_152' title='bbox 282 2815 456 2926; x_wconf 88' lang='lat' dir='ltr'>praebet,</span> <span class='ocrx_word' id='word_1_153' title='bbox 472 2839 635 2928; x_wconf 91' lang='lat' dir='ltr'>eumque</span> <span class='ocrx_word' id='word_1_154' title='bbox 668 2811 773 2947; x_wconf 89' lang='lat' dir='ltr'>gravi</span> <span class='ocrx_word' id='word_1_155' title='bbox 801 2843 858 2900; x_wconf 89' lang='lat' dir='ltr'>re·</span> <span class='ocrx_word' id='word_1_156' title='bbox 907 2811 1105 2927; x_wconf 87' lang='lat' dir='ltr'>pulchrum</span> <span class='ocrx_word' id='word_1_157' title='bbox 1133 2841 1222 2900; x_wconf 90' lang='lat' dir='ltr'>cum</span> <span class='ocrx_word' id='word_1_158' title='bbox 1249 2841 1299 2900; x_wconf 90' lang='lat' dir='ltr'>eo</span> <span class='ocrx_word' id='word_1_159' title='bbox 1326 2812 1547 2902; x_wconf 87' lang='lat' dir='ltr'>decertasse.</span> 
     </span>
     <span class='ocr_line' id='line_1_21' title="bbox 157 2928 1610 3048; baseline 0.004 -34"><span class='ocrx_word' id='word_1_160' title='bbox 157 2957 295 3042; x_wconf 84' lang='lat' dir='ltr'>sponso</span> <span class='ocrx_word' id='word_1_161' title='bbox 325 2937 499 3018; x_wconf 71' lang='lat' dir='ltr'>coercet.</span> <span class='ocrx_word' id='word_1_162' title='bbox 537 2933 702 3016; x_wconf 80' lang='lat' dir='ltr'>Caesans</span> <span class='ocrx_word' id='word_1_163' title='bbox 731 2929 857 3017; x_wconf 86' lang='lat' dir='ltr'>Dicta·</span> <span class='ocrx_word' id='word_1_164' title='bbox 966 2933 1111 3017; x_wconf 90' lang='lat' dir='ltr'><strong>XXVI.</strong></span> <span class='ocrx_word' id='word_1_165' title='bbox 1182 2929 1274 3016; x_wconf 87' lang='lat' dir='ltr'>Belli</span> <span class='ocrx_word' id='word_1_166' title='bbox 1321 2930 1448 3048; x_wconf 84' lang='lat' dir='ltr'>iraque</span> <span class='ocrx_word' id='word_1_167' title='bbox 1491 2928 1610 3020; x_wconf 86' lang='lat' dir='ltr'>fortu-</span> 
     </span>
     <span class='ocr_line' id='line_1_22' title="bbox 155 3043 1613 3164; baseline 0.003 -34"><span class='ocrx_word' id='word_1_168' title='bbox 155 3046 246 3130; x_wconf 87' lang='lat' dir='ltr'>roris</span> <span class='ocrx_word' id='word_1_169' title='bbox 286 3049 395 3134; x_wconf 89' lang='lat' dir='ltr'>vestis</span> <span class='ocrx_word' id='word_1_170' title='bbox 438 3049 476 3134; x_wconf 93' lang='lat' dir='ltr'>in</span> <span class='ocrx_word' id='word_1_171' title='bbox 519 3046 657 3162; x_wconf 88' lang='lat' dir='ltr'>praelio</span> <span class='ocrx_word' id='word_1_172' title='bbox 686 3046 855 3162; x_wconf 86' lang='lat' dir='ltr'>insign&#39;s.</span> <span class='ocrx_word' id='word_1_173' title='bbox 908 3074 996 3132; x_wconf 90' lang='lat' dir='ltr'>nam</span> <span class='ocrx_word' id='word_1_174' title='bbox 1028 3043 1206 3161; x_wconf 88' lang='lat' dir='ltr'>experiri,</span> <span class='ocrx_word' id='word_1_175' title='bbox 1235 3051 1500 3164; x_wconf 89' lang='lat' dir='ltr'>Tunetemque</span> <span class='ocrx_word' id='word_1_176' title='bbox 1549 3049 1613 3135; x_wconf 92' lang='lat' dir='ltr'>de·</span> 
     </span>
     <span class='ocr_line' id='line_1_23' title="bbox 154 3160 1614 3282; baseline 0.003 -35"><span class='ocrx_word' id='word_1_177' title='bbox 154 3161 247 3275; x_wconf 87' lang='lat' dir='ltr'>Ejus</span> <span class='ocrx_word' id='word_1_178' title='bbox 279 3195 367 3250; x_wconf 90' lang='lat' dir='ltr'>usus</span> <span class='ocrx_word' id='word_1_179' title='bbox 408 3167 447 3251; x_wconf 92' lang='lat' dir='ltr'>in</span> <span class='ocrx_word' id='word_1_180' title='bbox 485 3169 713 3279; x_wconf 63' lang='lat' dir='ltr'>Immratore</span> <span class='ocrx_word' id='word_1_181' title='bbox 757 3189 860 3250; x_wconf 90' lang='lat' dir='ltr'>com·</span> <span class='ocrx_word' id='word_1_182' title='bbox 906 3160 1058 3250; x_wconf 85' lang='lat' dir='ltr'>fendere</span> <span class='ocrx_word' id='word_1_183' title='bbox 1106 3163 1376 3273; x_wconf 88' lang='lat' dir='ltr'>constituens,</span> <span class='ocrx_word' id='word_1_184' title='bbox 1409 3164 1614 3282; x_wconf 88' lang='lat' dir='ltr'>legationes</span> 
     </span>
     <span class='ocr_line' id='line_1_24' title="bbox 160 3279 1613 3397; baseline 0.003 -32"><span class='ocrx_word' id='word_1_185' title='bbox 160 3279 380 3368; x_wconf 90' lang='lat' dir='ltr'>moditates.</span> <span class='ocrx_word' id='word_1_186' title='bbox 906 3309 1193 3397; x_wconf 90' lang='lat' dir='ltr'>quoquoversus</span> <span class='ocrx_word' id='word_1_187' title='bbox 1251 3305 1335 3367; x_wconf 90' lang='lat' dir='ltr'>tum</span> <span class='ocrx_word' id='word_1_188' title='bbox 1392 3282 1441 3369; x_wconf 87' lang='lat' dir='ltr'>ad</span> <span class='ocrx_word' id='word_1_189' title='bbox 1504 3281 1613 3370; x_wconf 89' lang='lat' dir='ltr'>liniti-</span> 
     </span>
    </p>

    <p class='ocr_par' dir='ltr' id='par_1_3' title="bbox 154 3396 1613 3864">
     <span class='ocr_line' id='line_1_25' title="bbox 214 3396 1613 3515; baseline 0.004 -33"><span class='ocrx_word' id='word_1_190' title='bbox 214 3400 321 3483; x_wconf 92' lang='lat' dir='ltr'><strong>XXI.</strong></span> <span class='ocrx_word' id='word_1_191' title='bbox 378 3405 489 3485; x_wconf 90' lang='lat' dir='ltr'>Duae</span> <span class='ocrx_word' id='word_1_192' title='bbox 522 3425 639 3487; x_wconf 86' lang='lat' dir='ltr'>turres</span> <span class='ocrx_word' id='word_1_193' title='bbox 669 3430 693 3485; x_wconf 84' lang='lat' dir='ltr'>a</span> <span class='ocrx_word' id='word_1_194' title='bbox 723 3403 858 3487; x_wconf 86' lang='lat' dir='ltr'>Caesa·</span> <span class='ocrx_word' id='word_1_195' title='bbox 905 3428 985 3485; x_wconf 86' lang='lat' dir='ltr'>mas</span> <span class='ocrx_word' id='word_1_196' title='bbox 1009 3398 1212 3503; x_wconf 88' lang='lat' dir='ltr'>civitates,</span> <span class='ocrx_word' id='word_1_197' title='bbox 1245 3426 1329 3485; x_wconf 89' lang='lat' dir='ltr'>rum</span> <span class='ocrx_word' id='word_1_198' title='bbox 1352 3396 1403 3484; x_wconf 82' lang='lat' dir='ltr'>td</span> <span class='ocrx_word' id='word_1_199' title='bbox 1433 3424 1613 3515; x_wconf 89' lang='lat' dir='ltr'>vagantes</span> 
     </span>
     <span class='ocr_line' id='line_1_26' title="bbox 155 3513 1609 3632; baseline 0.001 -32"><span class='ocrx_word' id='word_1_200' title='bbox 155 3513 292 3621; x_wconf 86' lang='lat' dir='ltr'>rianis,</span> <span class='ocrx_word' id='word_1_201' title='bbox 323 3516 488 3632; x_wconf 88' lang='lat' dir='ltr'>itemque</span> <span class='ocrx_word' id='word_1_202' title='bbox 535 3518 606 3605; x_wconf 92' lang='lat' dir='ltr'>vici</span> <span class='ocrx_word' id='word_1_203' title='bbox 635 3541 675 3602; x_wconf 87' lang='lat' dir='ltr'>et</span> <span class='ocrx_word' id='word_1_204' title='bbox 713 3518 858 3603; x_wconf 83' lang='lat' dir='ltr'>castella</span> <span class='ocrx_word' id='word_1_205' title='bbox 904 3517 1100 3603; x_wconf 87' lang='lat' dir='ltr'>Nomades</span> <span class='ocrx_word' id='word_1_206' title='bbox 1132 3515 1310 3621; x_wconf 87' lang='lat' dir='ltr'>dimittit,</span> <span class='ocrx_word' id='word_1_207' title='bbox 1340 3537 1516 3632; x_wconf 86' lang='lat' dir='ltr'>rogatum</span> <span class='ocrx_word' id='word_1_208' title='bbox 1549 3547 1609 3601; x_wconf 79' lang='lat' dir='ltr'>au</span> 
     </span>
     <span class='ocr_line' id='line_1_27' title="bbox 154 3629 1611 3754; baseline 0.003 -38"><span class='ocrx_word' id='word_1_209' title='bbox 154 3631 221 3717; x_wconf 84' lang='lat' dir='ltr'>sita</span> <span class='ocrx_word' id='word_1_210' title='bbox 252 3635 303 3720; x_wconf 88' lang='lat' dir='ltr'>ad</span> <span class='ocrx_word' id='word_1_211' title='bbox 334 3633 568 3754; x_wconf 86' lang='lat' dir='ltr'>Carthaginis</span> <span class='ocrx_word' id='word_1_212' title='bbox 598 3632 721 3720; x_wconf 81' lang='lat' dir='ltr'>ruinas</span> <span class='ocrx_word' id='word_1_213' title='bbox 750 3661 858 3720; x_wconf 92' lang='lat' dir='ltr'>occu-</span> <span class='ocrx_word' id='word_1_214' title='bbox 903 3631 984 3719; x_wconf 86' lang='lat' dir='ltr'>xilia</span> <span class='ocrx_word' id='word_1_215' title='bbox 1016 3657 1148 3719; x_wconf 88' lang='lat' dir='ltr'>contra</span> <span class='ocrx_word' id='word_1_216' title='bbox 1195 3661 1436 3720; x_wconf 88' lang='lat' dir='ltr'>communem</span> <span class='ocrx_word' id='word_1_217' title='bbox 1469 3629 1611 3720; x_wconf 88' lang='lat' dir='ltr'>Africa·</span> 
     </span>
     <span class='ocr_line' id='line_1_28' title="bbox 157 3751 1244 3864; baseline -0.001 -28"><span class='ocrx_word' id='word_1_218' title='bbox 157 3775 316 3864; x_wconf 76' lang='lat' dir='ltr'>panau.</span> <span class='ocrx_word' id='word_1_219' title='bbox 905 3778 1044 3836; x_wconf 89' lang='lat' dir='ltr'>norum</span> <span class='ocrx_word' id='word_1_220' title='bbox 1074 3751 1244 3836; x_wconf 90' lang='lat' dir='ltr'>hostem..</span> 
     </span>
    </p>

    <p class='ocr_par' dir='ltr' id='par_1_4' title="bbox 155 3863 1611 4800">
     <span class='ocr_line' id='line_1_29' title="bbox 215 3863 1607 3984; baseline -0.001 -31"><span class='ocrx_word' id='word_1_221' title='bbox 215 3869 337 3953; x_wconf 93' lang='lat' dir='ltr'>XXll.</span> <span class='ocrx_word' id='word_1_222' title='bbox 395 3867 592 3984; x_wconf 80' lang='lat' dir='ltr'>eqtitams</span> <span class='ocrx_word' id='word_1_223' title='bbox 635 3868 857 3956; x_wconf 88' lang='lat' dir='ltr'>Nomadum</span> <span class='ocrx_word' id='word_1_224' title='bbox 949 3870 1110 3955; x_wconf 92' lang='lat' dir='ltr'>XXVll.</span> <span class='ocrx_word' id='word_1_225' title='bbox 1155 3874 1297 3953; x_wconf 89' lang='lat' dir='ltr'>Interea</span> <span class='ocrx_word' id='word_1_226' title='bbox 1330 3863 1502 3982; x_wconf 91' lang='lat' dir='ltr'>neglecto</span> <span class='ocrx_word' id='word_1_227' title='bbox 1526 3864 1607 3981; x_wconf 91' lang='lat' dir='ltr'>pul-</span> 
     </span>
     <span class='ocr_line' id='line_1_30' title="bbox 155 3983 1611 4102; baseline 0.001 -34"><span class='ocrx_word' id='word_1_228' title='bbox 155 4006 196 4068; x_wconf 88' lang='lat' dir='ltr'>et</span> <span class='ocrx_word' id='word_1_229' title='bbox 239 3984 408 4099; x_wconf 91' lang='lat' dir='ltr'>peditum</span> <span class='ocrx_word' id='word_1_230' title='bbox 448 4013 527 4070; x_wconf 90' lang='lat' dir='ltr'>non</span> <span class='ocrx_word' id='word_1_231' title='bbox 570 4014 686 4101; x_wconf 89' lang='lat' dir='ltr'>parva</span> <span class='ocrx_word' id='word_1_232' title='bbox 724 4015 856 4072; x_wconf 91' lang='lat' dir='ltr'>manus</span> <span class='ocrx_word' id='word_1_233' title='bbox 904 4013 1024 4102; x_wconf 89' lang='lat' dir='ltr'>soque</span> <span class='ocrx_word' id='word_1_234' title='bbox 1054 3983 1333 4068; x_wconf 88' lang='lat' dir='ltr'>aNomadibus</span> <span class='ocrx_word' id='word_1_235' title='bbox 1349 3983 1512 4066; x_wconf 80' lang='lat' dir='ltr'>Haneno</span> <span class='ocrx_word' id='word_1_236' title='bbox 1525 4044 1537 4088; x_wconf 92' lang='lat'>,</span> <span class='ocrx_word' id='word_1_237' title='bbox 1550 3983 1611 4069; x_wconf 83' lang='lat' dir='ltr'>cis</span> 
     </span>
     <span class='ocr_line' id='line_1_31' title="bbox 155 4097 1609 4221; baseline 0 -37"><span class='ocrx_word' id='word_1_238' title='bbox 155 4101 397 4187; x_wconf 88' lang='lat' dir='ltr'>Caesarianos</span> <span class='ocrx_word' id='word_1_239' title='bbox 423 4099 580 4188; x_wconf 86' lang='lat' dir='ltr'>lacessit.</span> <span class='ocrx_word' id='word_1_240' title='bbox 612 4106 759 4188; x_wconf 89' lang='lat' dir='ltr'>Contra</span> <span class='ocrx_word' id='word_1_241' title='bbox 786 4103 857 4190; x_wconf 89' lang='lat' dir='ltr'>hos</span> <span class='ocrx_word' id='word_1_242' title='bbox 904 4133 981 4221; x_wconf 92' lang='lat' dir='ltr'>que</span> <span class='ocrx_word' id='word_1_243' title='bbox 1024 4098 1164 4183; x_wconf 90' lang='lat' dir='ltr'>Tuneti</span> <span class='ocrx_word' id='word_1_244' title='bbox 1200 4097 1609 4213; x_wconf 74' lang='lat' dir='ltr'>appropinquantibus,</span> 
     </span>
     <span class='ocr_line' id='line_1_32' title="bbox 155 4211 1608 4352; baseline 0.001 -52"><span class='ocrx_word' id='word_1_245' title='bbox 155 4215 401 4331; x_wconf 85' lang='lat' dir='ltr'>scloppetariis</span> <span class='ocrx_word' id='word_1_246' title='bbox 415 4218 699 4331; x_wconf 90' lang='lat' dir='ltr'>procedentibus</span> <span class='ocrx_word' id='word_1_247' title='bbox 714 4280 727 4323; x_wconf 91' lang='lat'>,</span> <span class='ocrx_word' id='word_1_248' title='bbox 742 4223 858 4305; x_wconf 83' lang='lat' dir='ltr'>Caro</span> <span class='ocrx_word' id='word_1_249' title='bbox 905 4215 1184 4352; x_wconf 78' lang='lat' dir='ltr'>oppidanontrn</span> <span class='ocrx_word' id='word_1_250' title='bbox 1212 4215 1358 4301; x_wconf 90' lang='lat' dir='ltr'>animos</span> <span class='ocrx_word' id='word_1_251' title='bbox 1389 4211 1608 4318; x_wconf 76' lang='lat' dir='ltr'>confirmat3</span> 
     </span>
     <span class='ocr_line' id='line_1_33' title="bbox 155 4329 1610 4450; baseline 0.001 -33"><span class='ocrx_word' id='word_1_252' title='bbox 155 4333 213 4417; x_wconf 88' lang='lat' dir='ltr'>lus</span> <span class='ocrx_word' id='word_1_253' title='bbox 257 4357 448 4421; x_wconf 90' lang='lat' dir='ltr'>veteranas</span> <span class='ocrx_word' id='word_1_254' title='bbox 494 4336 752 4450; x_wconf 90' lang='lat' dir='ltr'>Hispanorum</span> <span class='ocrx_word' id='word_1_255' title='bbox 798 4363 860 4421; x_wconf 84' lang='lat' dir='ltr'>co</span> <span class='ocrx_word' id='word_1_256' title='bbox 906 4360 1057 4449; x_wconf 69' lang='lat' dir='ltr'>ejusque</span> <span class='ocrx_word' id='word_1_257' title='bbox 1084 4331 1183 4446; x_wconf 82' lang='lat' dir='ltr'>jussu</span> <span class='ocrx_word' id='word_1_258' title='bbox 1208 4329 1346 4447; x_wconf 88' lang='lat' dir='ltr'>piratae</span> <span class='ocrx_word' id='word_1_259' title='bbox 1375 4359 1505 4445; x_wconf 82' lang='lat' dir='ltr'>ornnes</span> <span class='ocrx_word' id='word_1_260' title='bbox 1522 4361 1610 4446; x_wconf 91' lang='lat' dir='ltr'>pro·</span> 
     </span>
     <span class='ocr_line' id='line_1_34' title="bbox 157 4447 1474 4568; baseline -0.002 -34"><span class='ocrx_word' id='word_1_261' title='bbox 157 4450 284 4535; x_wconf 91' lang='lat' dir='ltr'>horres</span> <span class='ocrx_word' id='word_1_262' title='bbox 313 4451 479 4567; x_wconf 88' lang='lat' dir='ltr'>sesequi</span> <span class='ocrx_word' id='word_1_263' title='bbox 508 4449 644 4564; x_wconf 80' lang='lat' dir='ltr'>jubet3</span> <span class='ocrx_word' id='word_1_264' title='bbox 676 4450 858 4537; x_wconf 76' lang='lat' dir='ltr'>hostibus</span> <span class='ocrx_word' id='word_1_265' title='bbox 906 4477 994 4568; x_wconf 87' lang='lat' dir='ltr'>pere</span> <span class='ocrx_word' id='word_1_266' title='bbox 1025 4449 1193 4536; x_wconf 88' lang='lat' dir='ltr'>adeum</span> <span class='ocrx_word' id='word_1_267' title='bbox 1223 4447 1474 4536; x_wconf 82' lang='lat' dir='ltr'>conveniunt.</span> 
     </span>
     <span class='ocr_line' id='line_1_35' title="bbox 158 4560 1610 4685; baseline 0.001 -35"><span class='ocrx_word' id='word_1_268' title='bbox 158 4595 232 4682; x_wconf 88' lang='lat' dir='ltr'>que</span> <span class='ocrx_word' id='word_1_269' title='bbox 262 4564 396 4685; x_wconf 84' lang='lat' dir='ltr'>fugatis</span> <span class='ocrx_word' id='word_1_270' title='bbox 409 4627 423 4675; x_wconf 95' lang='lat'>,</span> <span class='ocrx_word' id='word_1_271' title='bbox 438 4569 563 4683; x_wconf 86' lang='lat' dir='ltr'>copias</span> <span class='ocrx_word' id='word_1_272' title='bbox 589 4572 628 4656; x_wconf 90' lang='lat' dir='ltr'>in</span> <span class='ocrx_word' id='word_1_273' title='bbox 652 4595 771 4656; x_wconf 75' lang='lat' dir='ltr'>castra</span> <span class='ocrx_word' id='word_1_274' title='bbox 801 4595 859 4656; x_wconf 83' lang='lat' dir='ltr'>re·-</span> <span class='ocrx_word' id='word_1_275' title='bbox 964 4567 1140 4654; x_wconf 89' lang='lat' dir='ltr'><strong>XXVIII.</strong></span> <span class='ocrx_word' id='word_1_276' title='bbox 1199 4565 1361 4652; x_wconf 80' lang='lat' dir='ltr'>Goletae</span> <span class='ocrx_word' id='word_1_277' title='bbox 1377 4565 1520 4653; x_wconf 79' lang='lat' dir='ltr'>sinuet</span> <span class='ocrx_word' id='word_1_278' title='bbox 1533 4560 1610 4653; x_wconf 90' lang='lat' dir='ltr'>for·</span> 
     </span>
     <span class='ocr_line' id='line_1_36' title="bbox 157 4683 1477 4800; baseline -0.002 -32"><span class='ocrx_word' id='word_1_279' title='bbox 157 4683 283 4768; x_wconf 85' lang='lat' dir='ltr'>ducit.</span> <span class='ocrx_word' id='word_1_280' title='bbox 907 4715 971 4775; x_wconf 87' lang='lat' dir='ltr'>ma</span> <span class='ocrx_word' id='word_1_281' title='bbox 1002 4683 1175 4800; x_wconf 87' lang='lat' dir='ltr'>graphice</span> <span class='ocrx_word' id='word_1_282' title='bbox 1202 4683 1477 4770; x_wconf 82' lang='lat' dir='ltr'>describuntur.</span> 
     </span>
    </p>

    <p class='ocr_par' dir='ltr' id='par_1_5' title="bbox 215 4797 1613 5000">
     <span class='ocr_line' id='line_1_37' title="bbox 215 4797 1613 5000; baseline -0.001 -110"><span class='ocrx_word' id='word_1_283' title='bbox 215 4802 353 4890; x_wconf 85' lang='lat' dir='ltr'>XXlll.</span> <span class='ocrx_word' id='word_1_284' title='bbox 411 4805 634 4894; x_wconf 88' lang='lat' dir='ltr'>Nomadum</span> <span class='ocrx_word' id='word_1_285' title='bbox 663 4833 787 4896; x_wconf 86' lang='lat' dir='ltr'>mores</span> <span class='ocrx_word' id='word_1_286' title='bbox 819 4829 859 4894; x_wconf 85' lang='lat' dir='ltr'>er</span> <span class='ocrx_word' id='word_1_287' title='bbox 966 4805 1111 4892; x_wconf 82' lang='lat' dir='ltr'><strong>XXlX·</strong></span> <span class='ocrx_word' id='word_1_288' title='bbox 1171 4802 1288 4890; x_wconf 90' lang='lat' dir='ltr'>Hunc</span> <span class='ocrx_word' id='word_1_289' title='bbox 1305 4797 1448 5000; x_wconf 61' lang='grc' dir='ltr'>ὲοαισι</span> <span class='ocrx_word' id='word_1_290' title='bbox 1475 4799 1613 5000; x_wconf 56' lang='lat' dir='ltr'>Chargi</span> 
     </span>
    </p>

    <p class='ocr_par' dir='ltr' id='par_1_6' title="bbox 1362 4947 1616 5004">
     <span class='ocr_line' id='line_1_38' title="bbox 1362 4947 1616 5004; baseline 0.004 -30"><span class='ocrx_word' id='word_1_291' title='bbox 1362 4947 1387 5004; x_wconf 72' lang='lat'><em>2</em></span> <span class='ocrx_word' id='word_1_292' title='bbox 1603 4958 1616 4975; x_wconf 91' lang='lat'><em>.</em></span> 
     </span>
    </p>
   </div>
   <div class='ocr_carea' id='block_1_2' title="bbox 0 0 2158 5984">
    <p class='ocr_par' dir='ltr' id='par_1_7' title="bbox 0 0 2158 5984">
     <span class='ocr_line' id='line_1_39' title="bbox 0 0 2158 5984; baseline 0 0"><span class='ocrx_word' id='word_1_293' title='bbox 0 0 2158 5984; x_wconf 95' lang='lat' dir='ltr'> </span> 
     </span>
    </p>
   </div>
  </div>
 </body>
</html>
