4294 5984
559 430 803 513 CAROLI
847 431 901 511 V.
936 435 1056 513 LIB.
1093 437 1146 514 V.
1473 445 1554 541 149

132 629 228 702 tum
265 587 546 697 deditionem
582 625 806 731 receptaet
851 623 949 690 tum
992 591 1135 692 castris
1176 588 1292 696 inter
1334 587 1422 698 boc
1464 604 1604 744 oppi.¹

132 745 238 845 dum
253 818 269 862 ,
307 776 352 840 et
396 733 677 856 Novariam,
720 730 800 833 ubi
840 729 984 834 hostes
1028 738 1349 862 consederunt,
1392 784 1605 848 commu-

132 887 262 1006 nitis,
299 923 374 983 eos
410 876 766 997 commeatibus,
802 878 883 1017 qui
925 920 976 980 ex
1017 880 1195 1021 regione
1239 884 1472 1026 subalpina
1514 891 1604 994 im-

131 1027 445 1171 portabantur,
481 1021 717 1163 prohibere
755 1057 1022 1162 coeperunt.
1290 1055 1300 1060 ·

201 1182 300 1273 XII.
378 1169 463 1269 His
500 1161 830 1266 difficultatibus
868 1163 1013 1266 affecti
1056 1169 1202 1294 Galli,
1245 1211 1288 1272 se
1331 1207 1480 1278 tamen
1522 1216 1605 1281 au-

129 1315 341 1416 xiliorum
376 1353 486 1452 spe,
524 1349 636 1448 quae
672 1341 769 1405 turn
795 1347 820 1404 a
847 1305 1076 1429 Rhaetiis‚
1106 1347 1201 1413 tum
1231 1316 1289 1418 ab
1314 1319 1530 1424 Helvetiis
1555 1324 1605 1425 in

129 1461 221 1559 dies
259 1451 595 1597 exspectabant,
632 1449 921 1551 solabantur.
962 1466 1172 1555 Ceterum
1211 1459 1507 1566 Rhaetiorum
1549 1469 1606 1568 ad

129 1602 329 1743 quinque
365 1596 559 1700 millibus
595 1594 645 1693 in
679 1631 837 1736 agrum
885 1608 1193 1736 Bergomatem
1229 1609 1464 1748 progressis
1505 1644 1604 1712 tum

128 1784 244 1845 nova
272 1782 426 1844 manus
459 1781 484 1840 a
513 1736 693 1842 Venetis
721 1738 882 1857 missa,
920 1773 1017 1838 tum
1053 1747 1250 1874 Joann'es
1279 1751 1475 1852 Medices
1500 1793 1604 1856 cum

130 1889 332 2028 peditum
369 1921 562 2026 quatuor
600 1881 824 1999 millibus,
861 1914 906 1978 et
942 1882 1136 1983 ducentis
1173 1887 1426 2027 equitibus,
1464 1933 1603 2034 quam

132 2067 318 2132 manum
340 2025 500 2130 Sfortia
527 2038 631 2126 Dux
654 2022 1000 2123 Mediolanensis
1042 2025 1215 2146 alebat,
1251 2035 1469 2156 occurrit,
1499 2078 1603 2138 eos·-

132 2213 221 2314 que
256 2166 583 2273 continentibus
620 2163 940 2266 incursionibus
976 2171 1262 2305 usqueadeo
1298 2178 1472 2280 vexavit
1509 2191 1605 2288 Me<

131 2317 288 2436 dices,
324 2348 375 2414 ut
409 2313 557 2414 triduo
595 2309 820 2409 dumtaxat
854 2307 1020 2408 morati
1032 2384 1049 2427 ,
1085 2349 1161 2450 spe
1199 2320 1444 2418 transeundi
1478 2322 1603 2451 deje-

130 2459 194 2558 cti
241 2461 429 2559 domum
473 2495 560 2555 sese
591 2455 864 2593 reciperent,
904 2491 947 2554 et
988 2454 1136 2595 paucis
1172 2453 1324 2558 diebus
1367 2460 1602 2594 interjectis

132 2599 297 2742 legatos
329 2602 385 2701 de
419 2635 526 2741 pace
552 2631 594 2696 et
629 2597 822 2697 amicitia
851 2599 907 2697 ad
941 2597 1214 2701 Franciscum
1249 2597 1457 2702 Sfortiam
1492 2606 1602 2705 mit-

132 2775 291 2844 terent.
329 2744 414 2846 Sed
447 2775 656 2844 revocato
693 2739 750 2840 ab
784 2750 865 2839 hac
909 2740 1189 2880 expeditione
1229 2751 1405 2880 Joatme
1446 2747 1644 2847 Medi-²

131 2926 179 2985 ce
191 2962 207 3006 ,
229 2883 662 3029 Abbiagrassumque
688 2883 980 3027 oppugnandi
1001 2885 1141 3024 gratia
1163 2888 1441 3025 praemisso,
1477 2883 1601 3000 Sfor-,

133 3029 193 3128 tia
239 3029 335 3170 ipse
383 3069 487 3130 cum
535 3027 937 3127 Mediolanensium
985 3066 1078 3128 non
1136 3031 1458 3130 contemnenda
1499 3067 1601 3132 ma-

134 3209 193 3272 nu
228 3172 528 3313 subsequitur.
575 3183 928 3313 Expugnatoque
970 3206 1137 3312 ponte,
1179 3211 1274 3313 quo
1317 3173 1501 3274 Ticinus
1542 3177 1600 3276 ad

134 3312 476 3458 Abbiagtassum
510 3316 804 3416 committitur
839 3317 975 3448 (nam
1016 3348 1060 3412 et
1102 3312 1175 3414 hic
1217 3314 1387 3417 Gallico
1433 3317 1600 3457 praesi-

135 3455 211 3557 dio
247 3456 502 3598 tenebatur)
529 3459 748 3600 oppidum
783 3458 929 3599 ipsum
964 3495 1131 3598 magno
1166 3457 1336 3601 impetu
1373 3501 1403 3560 o
1435 3497 1600 3601 pugna-

134 3638 179 3700 re
215 3604 500 3748 aggreditur,
536 3637 806 3743 captumque
842 3602 986 3702 deleto
1022 3601 1236 3742 praesidio
1271 3497 1487 3704 militibus
1524 3600 1597 3700 di-

134 3744 388 3886 ripiendum
424 3747 622 3891 permisit
634 3824 650 3867 ,
692 3782 825 3888 atque
867 3786 918 3845 ea
959 3743 1144 3846 victoria
1185 3744 1320 3846 laetus
1369 3741 1597 3844 Mediola-

132 3923 244 3986 num
280 3931 384 3992 cum
419 3893 576 4035 praeda
612 3929 773 4036 magna
815 3889 1033 4033 quidem,
1076 3888 1151 3988 sed
1191 3880 1596 3986 Mediolanensibus

134 4031 405 4166 perniciosa,
442 4037 698 4144 revertitut;
734 4036 861 4179 pestis
905 4035 1053 4149 enim,
1096 4068 1210 4169 quae
1252 4026 1596 4171 Abbiagrassum

135 4167 374 4298 afflixerat,
417 4180 727 4281 Mediolanum
769 4219 821 4278 ex
867 4172 1134 4314 contagione
1176 4206 1269 4272 tam
1313 4172 1597 4274 vehementer

136 4311 327 4438 invasit,
362 4356 573 4463 utsupra
608 4322 809 4463 quinqua
841 4319 934 4416 inta
967 4314 1206 4420 hominum
1241 4315 1380 4420 millia
1422 4353 1475 4416 ex
1516 4311 1597 4426 hac

134 4455 269 4579 urbe,
305 4501 522 4606 grassante
556 4462 751 4582 morbo,
787 4359 1131 4563 absumerentur.

205 4614 319 4706 XIII.
373 4608 545 4742 Dejecti
578 4607 693 4711 Galli
726 4645 800 4750 spe
837 4603 1132 4708 Rhaetiorum
1167 4599 1382 4722 subsidii,
1419 4595 1599 4702 amisso·
1743 4607 1748 4612 ’

137 4777 224 4879 que
259 4749 585 4898 Abbiagtasso,
624 4753 738 4854 unde
773 4785 1024 4870 commeatu
1060 4745 1227 4851 bonam
1261 4780 1433 4885 partem
1462 4733 1599 4848 suble·

476 4943 478 4948 ⁴
1517 4922 1597 4984 vav
