4326 5986
568 469 657 567 424
966 463 1050 546 un
1097 460 1299 545 nunus
1349 461 1583 545 eusrrs

525 671 601 733 cos
638 623 930 771 praetorianos
966 661 1020 725 ex
1055 619 1141 746 iis,
1174 661 1286 764 quos
1321 619 1367 721 in
1401 617 1620 762 Hispania
1646 614 1819 724 circum·
1838 660 1885 726 se
1910 621 1984 730 lias

528 773 628 877 bere
665 773 892 875 custodiae
927 807 1053 869 causa
1088 799 1393 866 consueverat:
1432 804 1521 907 qua
1557 766 1783 868 securitate
1817 772 1977 913 magni-

521 920 775 1060 tudineque
813 913 953 1017 animi
997 910 1165 1012 mirum
1198 945 1262 1012 est
1297 946 1567 1053 quantopere
1603 949 1648 1011 se
1689 915 1907 1015 Romanis
1938 957 1978 1019 at

526 1064 679 1166 ceteris
717 1061 834 1164 Italis
876 1058 1247 1176 commendaret,
1289 1052 1397 1154 illud
1439 1054 1487 1153 in
1532 1054 1685 1196 primis
1731 1056 1983 1163 demiranti-

527 1201 608 1309 bus
623 1285 637 1329 ,
676 1208 799 1349 quod
836 1243 940 1305 curn
956 1318 958 1322 .
976 1238 1052 1300 arx
1087 1199 1298 1342 imposita
1332 1198 1516 1302 Adriani
1551 1198 1680 1341 ponti
1706 1197 1836 1300 firmo
1869 1241 1984 1344 prae·

454 1427 456 1430 -
526 1353 641 1453 sidio
677 1347 904 1451 Pontificis
941 1380 1198 1465 teneretur,
1245 1382 1355 1485 quae
1393 1381 1456 1442 res
1499 1342 1606 1443 alios
1649 1344 1897 1486 suspicione
1938 1387 1984 1448 ac

523 1494 686 1596 timore
720 1495 886 1627 injecto
922 1532 947 1592 a
985 1489 1167 1590 transitu
1203 1486 1349 1630 pontis
1393 1486 1567 1629 penitus
1611 1487 1918 1610 deterruisset,
1945 1491 1982 1592 i-

523 1677 598 1781 pse
633 1675 782 1742 tamen
817 1676 910 1739 non
945 1631 1179 1736 desistebat
1215 1630 1395 1774 singulis
1432 1629 1520 1734 fere
1557 1631 1713 1733 diebus
1749 1671 1828 1774 pet
1863 1673 1976 1735 eum·

521 1786 629 1884 dem
665 1820 849 1925 pontem
884 1816 1163 1881 commeate.
1201 1789 1381 1918 Septem
1417 1813 1525 1876 veto
1562 1774 1841 1878 celeberrima
1877 1814 1982 1878 tem·

524 1929 630 2070 pla,
666 1966 778 2067 quae
815 1922 1051 2025 venerandi
1088 1918 1228 2063 gratia
1263 1919 1534 2051 jejuniorum
1570 1955 1663 2022 tem
1696 1919 1838 2022 oribus
1865 1923 1978 2024 adite
2126 2013 2127 2016 γ

524 2071 718 2171 solemne
755 2103 848 2188 est,
885 2104 986 2168 cum
1029 2103 1185 2165 eorum
1232 2063 1406 2204 aliquot
1441 2099 1561 2164 extra
1598 1960 1773 2166 Urbem
1809 2073 1981 2206 ejusque

522 2209 807 2357 frequentiam
845 2212 926 2311 sita
962 2209 1076 2329 sint,
1114 2243 1265 2308 tamen
1301 2208 1393 2308 sine
1429 2207 1521 2308 ulla
1556 2206 1751 2310 militum
1790 2211 1983 2311 custodit
2126 2339 2127 2342 Ν

522 2356 670 2500 paucis
706 2352 977 2496 Principibus
1014 2349 1327 2453 comitantibus
1366 2350 1542 2454 obivit.
2126 2343 2127 2346 Ὺ

596 2511 742 2604 XVII.
819 2495 1158 2640 Exspectabatut
1194 2495 1361 2597 interea
1404 2503 1589 2638 Legatus
1631 2537 1656 2597 a
1693 2507 1821 2640 Rege
1861 2499 1978 2601 Gallo

520 2685 626 2747 curn
661 2641 789 2745 novis
825 2639 1056 2781 liberisque
1091 2638 1346 2760 mandatis,
1375 2672 1420 2738 et
1454 2677 1558 2741 cum
1594 2678 1689 2781 quo
1716 2642 1774 2741 de
1800 2681 1976 2784 compo·

520 2790 678 2890 sitione
715 2784 1045 2927 transigeretur.
1091 2784 1185 2883 Hic
1221 2817 1373 2885 tamen
1418 2823 1511 2884 non
1547 2785 1688 2885 modo
1737 2785 1882 2886 nullus
1919 2780 1980 2884 af-

521 2925 645 3057 firit,
682 2931 756 3033 sed
799 2965 954 3030 contra
996 2924 1166 3027 hostilis
1211 2926 1349 3028 animi
1399 2927 1541 3027 multa
1584 2964 1627 3028 et
1670 2926 1783 3029 clara
1824 2927 1982 3030 indicia

521 3076 785 3217 quotidiea
829 3084 953 3215 Rege
995 3065 1359 3213 perferebantut,
1399 3071 1480 3212 qui
1517 3110 1595 3215 per
1635 3111 1735 3172 suos
1792 3073 1981 3173 admini-

521 3255 631 3320 stros
667 3217 884 3359 quosdam
920 3213 1174 3357 Principes,
1214 3252 1266 3314 ac
1301 3213 1492 3357 populos
1527 3213 1677 3316 Italiae
1713 3215 1760 3316 in
1796 3217 1977 3318 societa-

520 3397 614 3464 tem
649 3361 752 3464 belli
786 3357 998 3461 solicitare
1035 3355 1354 3478 nuntiabatur,
1398 3392 1441 3457 et
1479 3355 1526 3458 in
1563 3359 1718 3502 primis
1753 3360 1985 3462 Galeotum

520 3505 675 3608 Picum
701 3502 980 3606 Concordiae
1007 3502 1236 3608 Comitem
1263 3540 1315 3600 ex
1344 3500 1493 3602 Caroli
1519 3502 1746 3604 clientibus
1782 3503 1831 3604 in
1870 3543 1987 3606 suam

520 3647 656 3751 fidem
693 3646 937 3791 recepisse,
978 3647 1057 3788 qui
1099 3644 1324 3748 Francisco
1360 3645 1465 3791 Pico
1512 3683 1667 3786 patruo
1710 3685 1791 3748 suo
1832 3648 1988 3792 singu·

518 3793 598 3894 lari
634 3793 866 3910 doctrina,
901 3789 1147 3933 religione,
1181 3830 1230 3891 ac
1266 3789 1429 3892 virtute
1465 3789 1597 3910 vito,
1634 3828 1712 3933 per
1746 3791 1886 3894 scelus
1922 3794 1988 3896 in-

519 3936 744 4078 sidiasque
774 3932 982 4056 sublato,
1017 3934 1317 4035 Mirandulam
1355 3971 1681 4077 occupaverat,
1718 3946 1906 4078 jamque
1934 3936 1992 4037 ei-

516 4082 620 4185 dem
657 4079 847 4182 Galeoto
883 4078 1118 4221 pecuniam
1157 4077 1434 4197 submisisse,
1470 4117 1561 4221 qua
1593 4080 1735 4184 milite
1764 4083 1991 4184 conducto

515 4265 560 4328 se
587 4223 988 4367 Mirandulamque
1024 4224 1228 4325 adversus
1264 4223 1512 4350 Catulum,
1557 4265 1713 4368 aquo
1749 4223 1817 4326 sui
1853 4226 1991 4328 scele-

514 4369 572 4470 ris
617 4403 808 4512 poenam
860 4365 1122 4487 metuebat,
1151 4401 1356 4469 ⁴tueretur
1380 4417 1402 4488 ·,
1444 4403 1494 4470 ut
1531 4379 1614 4510 per
1655 4407 1767 4473 eam.
1796 4372 1991 4510 speciem

513 4525 609 4616 Rex
649 4511 814 4614 castelli
861 4512 1055 4652 locique¹
1080 4511 1413 4652 opportunitate
1456 4513 1513 4617 ad
1548 4511 1757 4622 militetur
1785 4513 1986 4620 Italicum

511 4656 854 4762 conducendum
891 4690 935 4756 et
970 4651 1306 4758 incursionibus.-
1330 4693 1434 4758 eum
1470 4689 1658 4778 tractum
1674 4671 1679 4682 '
1694 4651 1988 4767 infestandum

509 4801 784 4908 abuteretur.
831 4805 971 4904 Porto
990 4859 1018 4949 ⁴,
1052 4835 1105 4905 ut
1142 4793 1322 4944 facilius
1353 4799 1711 4947 expeditiusque·
1728 4843 1782 4907 ex
1832 4800 1976 4909 Gallia

1860 4985 1983 5050 exere
