4298 5980
591 421 676 548 reu
951 365 953 370 ,
1001 435 1090 517 oe
1133 429 1338 514 nunus
1390 427 1606 516 cussis

545 632 614 699 sus
651 631 694 695 ct
730 589 954 758 impiger,
989 590 1070 731 qui
1105 627 1267 731 saepe,
1300 587 1546 690 inconsulto
1582 600 1734 730 Rege,
1776 598 1884 693 cum'
1931 589 2012 702 suis

526 767 665 884 'extra
701 739 934 855 ordinem,
961 773 1042 834 nec
1074 769 1252 877 accepta
1288 769 1467 857 tessera,
1504 733 1646 835 castris
1683 733 1741 832 ad
1777 743 2011 879 captandas

548 884 794 1013 occasiones
840 879 1121 984 Caesarianos
1163 875 1448 1045 opprimendi
1502 876 1771 999 excedebat,
1814 885 1890 1023 qui
1932 925 2010 1028 per

390 1129 396 1146 ,
536 1029 746 1193 inopiam
772 1064 1047 1132 commeatus
1075 1069 1127 1126 ex
1154 1024 1416 1167 propinquis
1453 1024 1661 1126 aedificiis
1694 1024 1900 1167 agrisque
1928 1067 2008 1172 pe

545 1174 664 1276 tendi
707 1175 882 1318 gratia,
928 1215 1052 1338 saepe
1096 1168 1326 1274 turmatim
1368 1168 1737 1310 centuriatimque
1782 1172 2006 1314 vagaban

546 1351 646 1420 tur
693 1327 816 1420 Haec
855 1321 1043 1483 Joannis
1080 1316 1353 1419 consuetudo
1391 1314 1607 1478 explorata
1647 1322 1852 1448 Lanojo,
1889 1319 2004 1420 duci

543 1461 712 1606 busque
742 1464 1001 1567 Caesarianis
1032 1496 1151 1563 erat.
1183 1461 1320 1604 Igitur
1344 1460 1510 1601 equites
1540 1458 1767 1600 Hispani,
1790 1461 1885 1623 qui
1918 1505 2002 1564 sac

544 1607 664 1708 culos
708 1609 765 1709 ad
815 1608 1009 1750 priorem
1061 1605 1258 1748 ephippii
1302 1638 1473 1746 partem
1521 1602 1799 1706 adstrictos
1787 1643 2001 1767 importa-

544 1748 686 1877 bant,
728 1754 784 1851 ad
820 1789 956 1854 castra
999 1751 1228 1857 Gallorum
1271 1750 1514 1912 progressi,
1559 1788 1637 1891 per
1683 1748 1878 1852 mediam
1920 1749 2001 1856 ho-

545 1896 681 1996 stium
717 1897 951 1997 stationem
987 1896 1179 2014 vadunt,
1203 1929 1246 1995 et
1281 1931 1466 2032 quinam
1500 1893 1705 1995 mortales
1742 1929 1900 2014 essent,
1933 1935 2002 1995 ro

547 2035 779 2200 gantibus,
813 2081 862 2139 ac
898 2076 1097 2140 tesseram
1133 2037 1383 2178 petentibus
1418 2037 1583 2156 Gallis,
1621 2079 1664 2136 se
1692 2039 1881 2172 Joannis
1916 2049 2001 2139 Me

549 2182 655 2283 dicis
681 2183 848 2326 equites
882 2225 968 2285 esse
1005 2183 1298 2344 respondent,
1336 2183 1670 2322 custodiamque
1709 2177 1898 2290 fallunts
1926 2221 2000 2344 po

549 2359 711 2427 stremo
747 2327 943 2430 admissis
980 2366 1104 2468 equrs
1140 2359 1291 2469 portae
1323 2326 1583 2446 succedunt,
1614 2359 1657 2425 et
1682 2323 1730 2428 in
1755 2323 1948 2431 urbem
1938 2365 2002 2436 ιιι-

551 2470 746 2572 columes
782 2473 1076 2610 recipiuntur.

622 2623 791 2715 XXXI.
867 2612 1074 2712 Postridie
1109 2612 1166 2713 ad
1201 2648 1371 2715 sextum
1415 2613 1629 2714 Kalendas
1675 2613 1883 2733 Martias,
1926 2611 2004 2756 qui

261 2777 353 2850 Ass.
365 2798 405 2849 ιι
416 2805 450 2854 ι,
454 2806 534 2859 ιιι.
548 2753 637 2858 fuit
672 2796 812 2856 annus
848 2753 1013 2856 Christi
1048 2755 1142 2856 nati
1177 2757 1430 2860 millesimus
1466 2758 1841 2919 quingentesimus
1882 2757 2002 2900 vige-

547 2902 683 3002 simus
720 2899 935 3041 quintus,
972 2900 1262 3000 antecedentis
1305 2902 1447 3002 noctis
1489 2939 1617 3003 tertia
1659 2902 1814 3045 vigilia
1855 2915 2003 3004 Caesa-

547 3045 660 3148 riani
712 3045 876 3164 duces,
924 3043 1158 3183 praemissa
1198 3044 1497 3186 Hispanorum
1540 3043 1721 3150 cohorte
1768 3049 1825 3148 ad
1866 3047 2001 3188 Regia

550 3225 716 3309 castra,
754 3189 836 3328 qui
871 3185 1059 3286 clamore
1096 3183 1423 3290 cohortantium
1458 3190 1513 3292 ad
1550 3227 1705 3309 arma,
1743 3224 1787 3289 et
1832 3224 2001 3330 tympa-

551 3367 713 3434 nomm
749 3329 930 3451 sonitu,
972 3333 1385 3473 scloppetorumque
1422 3330 1640 3472 strepitu,
1675 3267 1852 3452 liostes,
1886 3335 2001 3432 velut

550 3517 602 3576 ea
638 3511 761 3618 parte
795 3510 931 3576 castra
966 3477 1262 3638 oppugnaturi
1300 3476 1599 3594 solicirarent‚
1629 3513 1672 3577 er
1703 3517 1856 3578 eorum
1883 3477 1933 3576 in
1963 3515 2001 3575 se

552 3621 727 3720 animos
764 3654 1096 3740 converrerent,
1124 3619 1272 3763 copias
1306 3619 1391 3762 ipsi
1426 3620 1598 3724 silentio
1635 3621 1778 3722 castris
1814 3623 2000 3722 educunt

548 3764 727 3905 duplice
768 3765 860 3864 acie
902 3764 1146 3885 instructa,
1189 3801 1409 3906 quarum
1417 3765 1548 3866 altera
1595 3775 1921 3868 Germanorum
1957 3805 2002 3864 e

551 3945 650 4027 rat,
691 3908 993 4050 Hispanorum
1030 3908 1190 4031 altera,
1226 3908 1410 4029 Italicis,
1447 3910 1541 4080 qui·
1561 3909 1752 4015 mille
1715 3911 1886 4014 circiter
1924 3949 2002 4012 nu

408 4119 413 4126 -
551 4089 677 4152 mero
713 4090 870 4174 erant,
907 4052 1123 4194 praesidio
1161 4053 1385 4154 tormentis
1411 4093 1498 4154 esse
1528 4053 1673 4188 jussis
1703 4055 1797 4156 Ubi
1821 4056 1880 4154 ad
1906 4058 2002 4154 Par

551 4232 636 4295 cum
673 4233 854 4298 ventum
891 4231 973 4317 est,
1004 4233 1123 4299 tanta
1158 4193 1242 4298 fuit
1278 4199 1475 4302 militum
1511 4238 1689 4300 murum
1735 4198 1871 4299 ariete
1913 4227 2004 4299 con

550 4340 816 4443 cutientium
854 4341 1080 4484 diligentia
1117 4379 1160 4442 et
1196 4343 1426 4463 studium,
1469 4380 1520 4443 ut
1566 4345 1685 4485 prius
1728 4338 1850 4442 bona
1888 4339 2003 4440 muri

550 4515 676 4622 parte
712 4485 806 4584 solo
844 4521 1060 4624 aequata,
1103 4489 1327 4589 Parrum
1316 4523 1640 4630 irrumperent,
1679 4527 1816 4652 quarn
1858 4482 2005 4601 Galli,

552 4624 661 4784 quid
699 4621 755 4723 ab
792 4624 858 4723 his
906 4655 1165 4767 gereretur,
1196 4631 1356 4767 plane,
1393 4673 1669 4776 quamquam
1704 4633 1892 4734 sonitum
1925 4667 2008 4726 au-

555 4766 760 4893 dierant,
803 4769 1119 4917 intelligerent
1163 4783 1231 4878 Re
1280 4810 1425 4880 autem
1467 4782 1681 4932 cognita,
1726 4815 1910 4930 propere
1952 4771 2011 4874 ad

1947 4952 2011 5016 ar‹
