<?xml version="1.0" encoding="UTF-8"?>
<!DOCTYPE html PUBLIC "-//W3C//DTD XHTML 1.0 Transitional//EN"
    "http://www.w3.org/TR/xhtml1/DTD/xhtml1-transitional.dtd">
<html xmlns="http://www.w3.org/1999/xhtml" xml:lang="en" lang="en">
 <head>
  <title>
</title>
<meta http-equiv="Content-Type" content="text/html;charset=utf-8" />
  <meta name='ocr-system' content='tesseract 3.04.00' />
  <meta name='ocr-capabilities' content='ocr_page ocr_carea ocr_par ocr_line ocrx_word'/>
</head>
<body>
  <div class='ocr_page' id='page_1' title='image "./joannisgenesiis02sepgoog_0646.png"; bbox 0 0 4326 5986; ppageno 0'>
   <div class='ocr_carea' id='block_1_1' title="bbox 560 505 1535 650">
    <p class='ocr_par' dir='ltr' id='par_1_1' title="bbox 560 505 1535 650">
     <span class='ocr_line' id='line_1_1' title="bbox 560 505 1535 650; baseline 0.003 -25"><span class='ocrx_word' id='word_1_1' title='bbox 560 555 646 650; x_wconf 75' lang='lat'>402</span> <span class='ocrx_word' id='word_1_2' title='bbox 738 505 744 516; x_wconf 80' lang='grc'><strong>’</strong></span> <span class='ocrx_word' id='word_1_3' title='bbox 930 546 1015 630; x_wconf 81' lang='lat' dir='ltr'>ou</span> <span class='ocrx_word' id='word_1_4' title='bbox 1057 543 1259 628; x_wconf 79' lang='lat' dir='ltr'>susus</span> <span class='ocrx_word' id='word_1_5' title='bbox 1301 541 1535 628; x_wconf 77' lang='lat' dir='ltr'>cussis</span> 
     </span>
    </p>
   </div>
   <div class='ocr_carea' id='block_1_2' title="bbox 442 695 1997 2593">
    <p class='ocr_par' dir='ltr' id='par_1_2' title="bbox 521 695 1992 1688">
     <span class='ocr_line' id='line_1_2' title="bbox 521 695 1987 841; baseline -0.004 -25"><span class='ocrx_word' id='word_1_6' title='bbox 521 713 649 816; x_wconf 87' lang='lat' dir='ltr'>vium</span> <span class='ocrx_word' id='word_1_7' title='bbox 690 703 925 811; x_wconf 87' lang='lat' dir='ltr'>deductam</span> <span class='ocrx_word' id='word_1_8' title='bbox 968 717 1243 841; x_wconf 87' lang='lat' dir='ltr'>conjecerat,</span> <span class='ocrx_word' id='word_1_9' title='bbox 1282 743 1338 806; x_wconf 89' lang='lat' dir='ltr'>ne</span> <span class='ocrx_word' id='word_1_10' title='bbox 1382 701 1468 806; x_wconf 92' lang='lat' dir='ltr'>sibi</span> <span class='ocrx_word' id='word_1_11' title='bbox 1513 741 1562 806; x_wconf 88' lang='lat' dir='ltr'>ac</span> <span class='ocrx_word' id='word_1_12' title='bbox 1613 695 1783 806; x_wconf 82' lang='lat' dir='ltr'>civitati</span> <span class='ocrx_word' id='word_1_13' title='bbox 1829 735 1987 810; x_wconf 89' lang='lat' dir='ltr'>esseta</span> 
     </span>
     <span class='ocr_line' id='line_1_3' title="bbox 525 850 1984 993; baseline -0.005 -32"><span class='ocrx_word' id='word_1_14' title='bbox 525 855 778 962; x_wconf 85' lang='lat' dir='ltr'>domesticis</span> <span class='ocrx_word' id='word_1_15' title='bbox 815 855 951 957; x_wconf 86' lang='lat' dir='ltr'>etiam</span> <span class='ocrx_word' id='word_1_16' title='bbox 986 851 1185 954; x_wconf 87' lang='lat' dir='ltr'>hostibus</span> <span class='ocrx_word' id='word_1_17' title='bbox 1222 850 1496 971; x_wconf 85' lang='lat' dir='ltr'>cavendum,</span> <span class='ocrx_word' id='word_1_18' title='bbox 1532 889 1644 951; x_wconf 84' lang='lat' dir='ltr'>neve</span> <span class='ocrx_word' id='word_1_19' title='bbox 1681 850 1763 992; x_wconf 93' lang='lat' dir='ltr'>qui</span> <span class='ocrx_word' id='word_1_20' title='bbox 1799 888 1879 993; x_wconf 88' lang='lat' dir='ltr'>pet</span> <span class='ocrx_word' id='word_1_21' title='bbox 1920 891 1984 954; x_wconf 89' lang='lat' dir='ltr'>oc·</span> 
     </span>
     <span class='ocr_line' id='line_1_4' title="bbox 527 991 1989 1140; baseline -0.005 -35"><span class='ocrx_word' id='word_1_22' title='bbox 527 1003 751 1106; x_wconf 89' lang='lat' dir='ltr'>casionem</span> <span class='ocrx_word' id='word_1_23' title='bbox 797 1000 846 1103; x_wconf 91' lang='lat' dir='ltr'>in</span> <span class='ocrx_word' id='word_1_24' title='bbox 894 1033 1034 1100; x_wconf 89' lang='lat' dir='ltr'>castra</span> <span class='ocrx_word' id='word_1_25' title='bbox 1074 995 1227 1102; x_wconf 86' lang='lat' dir='ltr'>Caroli</span> <span class='ocrx_word' id='word_1_26' title='bbox 1272 991 1619 1140; x_wconf 82' lang='lat' dir='ltr'>transfugerent.</span> <span class='ocrx_word' id='word_1_27' title='bbox 1662 1005 1763 1096; x_wconf 89' lang='lat' dir='ltr'>Hos</span> <span class='ocrx_word' id='word_1_28' title='bbox 1808 1033 1989 1120; x_wconf 88' lang='lat' dir='ltr'>omnes,</span> 
     </span>
     <span class='ocr_line' id='line_1_5' title="bbox 529 1139 1991 1293; baseline -0.003 -44"><span class='ocrx_word' id='word_1_29' title='bbox 529 1143 748 1293; x_wconf 89' lang='lat' dir='ltr'>quoniam</span> <span class='ocrx_word' id='word_1_30' title='bbox 785 1183 989 1247; x_wconf 91' lang='lat' dir='ltr'>numerus</span> <span class='ocrx_word' id='word_1_31' title='bbox 1026 1177 1119 1245; x_wconf 89' lang='lat' dir='ltr'>erat</span> <span class='ocrx_word' id='word_1_32' title='bbox 1167 1142 1263 1285; x_wconf 89' lang='lat' dir='ltr'>plus</span> <span class='ocrx_word' id='word_1_33' title='bbox 1304 1176 1410 1244; x_wconf 90' lang='lat' dir='ltr'>octo</span> <span class='ocrx_word' id='word_1_34' title='bbox 1455 1140 1676 1261; x_wconf 92' lang='lat' dir='ltr'>millium,</span> <span class='ocrx_word' id='word_1_35' title='bbox 1717 1139 1991 1244; x_wconf 87' lang='lat' dir='ltr'>Chatadinus</span> 
     </span>
     <span class='ocr_line' id='line_1_6' title="bbox 529 1279 1991 1433; baseline -0.006 -36"><span class='ocrx_word' id='word_1_36' title='bbox 529 1292 823 1397; x_wconf 80' lang='lat' dir='ltr'>tormentatio</span> <span class='ocrx_word' id='word_1_37' title='bbox 872 1291 1051 1433; x_wconf 86' lang='lat' dir='ltr'>pulvere</span> <span class='ocrx_word' id='word_1_38' title='bbox 1102 1288 1357 1431; x_wconf 91' lang='lat' dir='ltr'>injectoque</span> <span class='ocrx_word' id='word_1_39' title='bbox 1393 1287 1526 1429; x_wconf 85' lang='lat' dir='ltr'>igne,</span> <span class='ocrx_word' id='word_1_40' title='bbox 1563 1286 1600 1386; x_wconf 91' lang='lat' dir='ltr'>si</span> <span class='ocrx_word' id='word_1_41' title='bbox 1634 1279 1902 1428; x_wconf 87' lang='lat' dir='ltr'>fugiendum</span> <span class='ocrx_word' id='word_1_42' title='bbox 1928 1329 1991 1388; x_wconf 88' lang='lat' dir='ltr'>es·</span> 
     </span>
     <span class='ocr_line' id='line_1_7' title="bbox 531 1429 1992 1578; baseline -0.005 -37"><span class='ocrx_word' id='word_1_43' title='bbox 531 1476 620 1558; x_wconf 90' lang='lat' dir='ltr'>set,</span> <span class='ocrx_word' id='word_1_44' title='bbox 655 1437 917 1544; x_wconf 89' lang='lat' dir='ltr'>comburere</span> <span class='ocrx_word' id='word_1_45' title='bbox 952 1437 1225 1557; x_wconf 84' lang='lat' dir='ltr'>decreverat,</span> <span class='ocrx_word' id='word_1_46' title='bbox 1259 1473 1316 1537; x_wconf 89' lang='lat' dir='ltr'>ne</span> <span class='ocrx_word' id='word_1_47' title='bbox 1351 1443 1532 1578; x_wconf 85' lang='lat' dir='ltr'>prorsus</span> <span class='ocrx_word' id='word_1_48' title='bbox 1559 1429 1720 1534; x_wconf 90' lang='lat' dir='ltr'>inultus</span> <span class='ocrx_word' id='word_1_49' title='bbox 1765 1430 1992 1538; x_wconf 85' lang='lat' dir='ltr'>discessisse</span> 
     </span>
     <span class='ocr_line' id='line_1_8' title="bbox 531 1584 778 1688; baseline -0.016 0"><span class='ocrx_word' id='word_1_50' title='bbox 531 1584 778 1688; x_wconf 85' lang='lat' dir='ltr'>videretur.</span> 
     </span>
    </p>

    <p class='ocr_par' dir='ltr' id='par_1_3' title="bbox 442 1719 1997 2593">
     <span class='ocr_line' id='line_1_9' title="bbox 603 1719 1993 1866; baseline -0.004 -37"><span class='ocrx_word' id='word_1_51' title='bbox 603 1735 728 1831; x_wconf 87' lang='lat' dir='ltr'><strong>XIV.</strong></span> <span class='ocrx_word' id='word_1_52' title='bbox 802 1725 887 1828; x_wconf 86' lang='lat' dir='ltr'>His</span> <span class='ocrx_word' id='word_1_53' title='bbox 922 1721 1050 1827; x_wconf 93' lang='lat' dir='ltr'>rebus</span> <span class='ocrx_word' id='word_1_54' title='bbox 1085 1722 1345 1865; x_wconf 89' lang='lat' dir='ltr'>compositis</span> <span class='ocrx_word' id='word_1_55' title='bbox 1382 1757 1428 1824; x_wconf 93' lang='lat' dir='ltr'>et</span> <span class='ocrx_word' id='word_1_56' title='bbox 1453 1719 1734 1845; x_wconf 88' lang='lat' dir='ltr'>constitutis,</span> <span class='ocrx_word' id='word_1_57' title='bbox 1761 1720 1908 1866; x_wconf 89' lang='lat' dir='ltr'>prima</span> <span class='ocrx_word' id='word_1_58' title='bbox 1931 1723 1993 1824; x_wconf 90' lang='lat' dir='ltr'>lu-</span> 
     </span>
     <span class='ocr_line' id='line_1_10' title="bbox 442 1866 1995 2012; baseline -0.005 -36"><span class='ocrx_word' id='word_1_59' title='bbox 442 1903 445 1912; x_wconf 85' lang='grc'><strong><em>·</em></strong></span> <span class='ocrx_word' id='word_1_60' title='bbox 533 1913 584 1976; x_wconf 88' lang='lat' dir='ltr'>ce</span> <span class='ocrx_word' id='word_1_61' title='bbox 621 1913 674 1972; x_wconf 89' lang='lat' dir='ltr'>ex</span> <span class='ocrx_word' id='word_1_62' title='bbox 709 1910 805 1972; x_wconf 88' lang='lat' dir='ltr'>arce</span> <span class='ocrx_word' id='word_1_63' title='bbox 841 1870 1121 2012; x_wconf 85' lang='lat' dir='ltr'>digreditur,</span> <span class='ocrx_word' id='word_1_64' title='bbox 1162 1903 1215 1968; x_wconf 90' lang='lat' dir='ltr'>ut</span> <span class='ocrx_word' id='word_1_65' title='bbox 1256 1868 1505 2010; x_wconf 84' lang='lat' dir='ltr'>oppidanos</span> <span class='ocrx_word' id='word_1_66' title='bbox 1547 1867 1789 2011; x_wconf 87' lang='lat' dir='ltr'>auxiliaque</span> <span class='ocrx_word' id='word_1_67' title='bbox 1829 1866 1995 1969; x_wconf 80' lang='lat' dir='ltr'>conlit-</span> 
     </span>
     <span class='ocr_line' id='line_1_11' title="bbox 533 2011 1995 2156; baseline -0.003 -39"><span class='ocrx_word' id='word_1_68' title='bbox 533 2051 711 2135; x_wconf 88' lang='lat' dir='ltr'>matet,</span> <span class='ocrx_word' id='word_1_69' title='bbox 762 2050 805 2116; x_wconf 92' lang='lat' dir='ltr'>et</span> <span class='ocrx_word' id='word_1_70' title='bbox 860 2014 917 2115; x_wconf 90' lang='lat' dir='ltr'>ad</span> <span class='ocrx_word' id='word_1_71' title='bbox 973 2014 1347 2155; x_wconf 90' lang='lat' dir='ltr'>propugnandum</span> <span class='ocrx_word' id='word_1_72' title='bbox 1402 2011 1755 2133; x_wconf 79' lang='lat' dir='ltr'>cohortaretur,</span> <span class='ocrx_word' id='word_1_73' title='bbox 1797 2051 1995 2156; x_wconf 82' lang='lat' dir='ltr'>quaeque</span> 
     </span>
     <span class='ocr_line' id='line_1_12' title="bbox 535 2153 1996 2301; baseline -0.003 -38"><span class='ocrx_word' id='word_1_74' title='bbox 535 2161 634 2263; x_wconf 92' lang='lat' dir='ltr'>usui</span> <span class='ocrx_word' id='word_1_75' title='bbox 669 2156 847 2281; x_wconf 90' lang='lat' dir='ltr'>forent,</span> <span class='ocrx_word' id='word_1_76' title='bbox 885 2158 1232 2259; x_wconf 82' lang='lat' dir='ltr'>administraret.</span> <span class='ocrx_word' id='word_1_77' title='bbox 1272 2163 1445 2260; x_wconf 86' lang='lat' dir='ltr'>Tutcae</span> <span class='ocrx_word' id='word_1_78' title='bbox 1482 2196 1625 2279; x_wconf 86' lang='lat' dir='ltr'>veto,</span> <span class='ocrx_word' id='word_1_79' title='bbox 1664 2153 1824 2301; x_wconf 91' lang='lat' dir='ltr'>quibus</span> <span class='ocrx_word' id='word_1_80' title='bbox 1859 2157 1996 2259; x_wconf 90' lang='lat' dir='ltr'>credi·</span> 
     </span>
     <span class='ocr_line' id='line_1_13' title="bbox 534 2299 1997 2444; baseline -0.001 -36"><span class='ocrx_word' id='word_1_81' title='bbox 534 2342 582 2408; x_wconf 89' lang='lat' dir='ltr'>ta</span> <span class='ocrx_word' id='word_1_82' title='bbox 617 2341 705 2408; x_wconf 89' lang='lat' dir='ltr'>erat</span> <span class='ocrx_word' id='word_1_83' title='bbox 725 2305 830 2406; x_wconf 89' lang='lat' dir='ltr'>arcis</span> <span class='ocrx_word' id='word_1_84' title='bbox 864 2303 1094 2424; x_wconf 87' lang='lat' dir='ltr'>custodia,</span> <span class='ocrx_word' id='word_1_85' title='bbox 1117 2302 1513 2406; x_wconf 85' lang='lat' dir='ltr'>animadvertentes</span> <span class='ocrx_word' id='word_1_86' title='bbox 1538 2301 1853 2444; x_wconf 90' lang='lat' dir='ltr'>supellectilem</span> <span class='ocrx_word' id='word_1_87' title='bbox 1887 2299 1997 2406; x_wconf 85' lang='lat' dir='ltr'>Cha-</span> 
     </span>
     <span class='ocr_line' id='line_1_14' title="bbox 534 2440 1996 2593; baseline -0.003 -41"><span class='ocrx_word' id='word_1_88' title='bbox 534 2451 682 2553; x_wconf 91' lang='lat' dir='ltr'>tadini</span> <span class='ocrx_word' id='word_1_89' title='bbox 718 2448 952 2593; x_wconf 88' lang='lat' dir='ltr'>diligenter</span> <span class='ocrx_word' id='word_1_90' title='bbox 987 2489 1039 2548; x_wconf 87' lang='lat' dir='ltr'>ex</span> <span class='ocrx_word' id='word_1_91' title='bbox 1075 2486 1172 2549; x_wconf 89' lang='lat' dir='ltr'>arce</span> <span class='ocrx_word' id='word_1_92' title='bbox 1208 2483 1253 2548; x_wconf 91' lang='lat' dir='ltr'>et</span> <span class='ocrx_word' id='word_1_93' title='bbox 1287 2445 1393 2550; x_wconf 92' lang='lat' dir='ltr'>urbe</span> <span class='ocrx_word' id='word_1_94' title='bbox 1429 2449 1672 2589; x_wconf 88' lang='lat' dir='ltr'>deportari,</span> <span class='ocrx_word' id='word_1_95' title='bbox 1701 2448 1838 2590; x_wconf 92' lang='lat' dir='ltr'>idque</span> <span class='ocrx_word' id='word_1_96' title='bbox 1871 2440 1996 2590; x_wconf 83' lang='lat' dir='ltr'>fitgae</span> 
     </span>
    </p>
   </div>
   <div class='ocr_carea' id='block_1_3' title="bbox 534 2593 2130 2735">
    <p class='ocr_par' dir='ltr' id='par_1_4' title="bbox 534 2593 2130 2735">
     <span class='ocr_line' id='line_1_15' title="bbox 534 2593 2130 2735; baseline -0.003 -40"><span class='ocrx_word' id='word_1_97' title='bbox 534 2594 771 2696; x_wconf 91' lang='lat' dir='ltr'>consilium</span> <span class='ocrx_word' id='word_1_98' title='bbox 807 2633 894 2694; x_wconf 89' lang='lat' dir='ltr'>esse</span> <span class='ocrx_word' id='word_1_99' title='bbox 928 2593 1287 2735; x_wconf 85' lang='lat' dir='ltr'>interpretantes,</span> <span class='ocrx_word' id='word_1_100' title='bbox 1313 2631 1460 2694; x_wconf 89' lang='lat' dir='ltr'>arcem</span> <span class='ocrx_word' id='word_1_101' title='bbox 1486 2594 1681 2694; x_wconf 88' lang='lat' dir='ltr'>deserere</span> <span class='ocrx_word' id='word_1_102' title='bbox 1715 2627 1995 2712; x_wconf 80' lang='lat' dir='ltr'>constituunt,</span> <span class='ocrx_word' id='word_1_103' title='bbox 2129 2723 2130 2730; x_wconf 43' lang='lat'>.</span> 
     </span>
    </p>
   </div>
   <div class='ocr_carea' id='block_1_4' title="bbox 535 2737 1999 3026">
    <p class='ocr_par' dir='ltr' id='par_1_5' title="bbox 535 2737 1999 3026">
     <span class='ocr_line' id='line_1_16' title="bbox 535 2737 1998 2882; baseline -0.002 -41"><span class='ocrx_word' id='word_1_104' title='bbox 535 2737 622 2879; x_wconf 92' lang='lat' dir='ltr'>ipsi</span> <span class='ocrx_word' id='word_1_105' title='bbox 657 2777 840 2880; x_wconf 89' lang='lat' dir='ltr'>quoque</span> <span class='ocrx_word' id='word_1_106' title='bbox 872 2737 1000 2838; x_wconf 89' lang='lat' dir='ltr'>saluti</span> <span class='ocrx_word' id='word_1_107' title='bbox 1034 2777 1135 2839; x_wconf 89' lang='lat' dir='ltr'>suae</span> <span class='ocrx_word' id='word_1_108' title='bbox 1169 2737 1436 2859; x_wconf 91' lang='lat' dir='ltr'>consulturi,</span> <span class='ocrx_word' id='word_1_109' title='bbox 1471 2774 1667 2880; x_wconf 92' lang='lat' dir='ltr'>quorum</span> <span class='ocrx_word' id='word_1_110' title='bbox 1702 2775 1865 2882; x_wconf 87' lang='lat' dir='ltr'>magna</span> <span class='ocrx_word' id='word_1_111' title='bbox 1904 2773 1998 2882; x_wconf 86' lang='lat' dir='ltr'>par-</span> 
     </span>
     <span class='ocr_line' id='line_1_17' title="bbox 536 2877 1999 3026; baseline -0.001 -42"><span class='ocrx_word' id='word_1_112' title='bbox 536 2883 675 2984; x_wconf 78' lang='lat' dir='ltr'>read</span> <span class='ocrx_word' id='word_1_113' title='bbox 727 2881 1034 2988; x_wconf 87' lang='lat' dir='ltr'>Chatadinum</span> <span class='ocrx_word' id='word_1_114' title='bbox 1081 2881 1301 3024; x_wconf 87' lang='lat' dir='ltr'>digressa,</span> <span class='ocrx_word' id='word_1_115' title='bbox 1343 2883 1527 3024; x_wconf 88' lang='lat' dir='ltr'>quidam</span> <span class='ocrx_word' id='word_1_116' title='bbox 1571 2924 1624 2985; x_wconf 90' lang='lat' dir='ltr'>ex</span> <span class='ocrx_word' id='word_1_117' title='bbox 1669 2877 1908 3026; x_wconf 88' lang='lat' dir='ltr'>transfugis</span> <span class='ocrx_word' id='word_1_118' title='bbox 1953 2919 1999 2982; x_wconf 89' lang='lat' dir='ltr'>ac</span> 
     </span>
    </p>
   </div>
   <div class='ocr_carea' id='block_1_5' title="bbox 537 3023 2000 3272">
    <p class='ocr_par' dir='ltr' id='par_1_6' title="bbox 537 3023 2000 3272">
     <span class='ocr_line' id='line_1_18' title="bbox 537 3023 2000 3272; baseline -0.001 -145"><span class='ocrx_word' id='word_1_119' title='bbox 537 3023 812 3132; x_wconf 84' lang='lat' dir='ltr'>Christianae</span> <span class='ocrx_word' id='word_1_120' title='bbox 847 3026 1068 3169; x_wconf 85' lang='lat' dir='ltr'>religionis</span> <span class='ocrx_word' id='word_1_121' title='bbox 1100 3023 1389 3129; x_wconf 88' lang='lat' dir='ltr'>desertoribus</span> <span class='ocrx_word' id='word_1_122' title='bbox 1424 3023 1566 3164; x_wconf 83' lang='lat' dir='ltr'>(riam</span> <span class='ocrx_word' id='word_1_123' title='bbox 1594 3025 1757 3129; x_wconf 93' lang='lat' dir='ltr'>horum</span> <span class='ocrx_word' id='word_1_124' title='bbox 1783 3067 1879 3129; x_wconf 91' lang='lat' dir='ltr'>non</span> <span class='ocrx_word' id='word_1_125' title='bbox 1896 3065 2000 3272; x_wconf 78' lang='lat' dir='ltr'>pau</span> 
     </span>
    </p>
   </div>
   <div class='ocr_carea' id='block_1_6' title="bbox 490 3166 2008 3728">
    <p class='ocr_par' dir='ltr' id='par_1_7' title="bbox 490 3166 2008 3728">
     <span class='ocr_line' id='line_1_19' title="bbox 537 3166 1998 3312; baseline 0.001 -43"><span class='ocrx_word' id='word_1_126' title='bbox 537 3171 582 3270; x_wconf 91' lang='lat' dir='ltr'>ci</span> <span class='ocrx_word' id='word_1_127' title='bbox 617 3204 736 3272; x_wconf 89' lang='lat' dir='ltr'>erant</span> <span class='ocrx_word' id='word_1_128' title='bbox 769 3175 816 3273; x_wconf 92' lang='lat' dir='ltr'>in</span> <span class='ocrx_word' id='word_1_129' title='bbox 852 3166 1195 3273; x_wconf 89' lang='lat' dir='ltr'>familiarissimis</span> <span class='ocrx_word' id='word_1_130' title='bbox 1225 3168 1502 3307; x_wconf 89' lang='lat' dir='ltr'>Chatadini)</span> <span class='ocrx_word' id='word_1_131' title='bbox 1536 3171 1717 3312; x_wconf 76' lang='lat' dir='ltr'>captivis</span> <span class='ocrx_word' id='word_1_132' title='bbox 1742 3170 1872 3274; x_wconf 89' lang='lat' dir='ltr'>saluti</span> <span class='ocrx_word' id='word_1_133' title='bbox 1917 3171 1998 3291; x_wconf 91' lang='lat' dir='ltr'>uir,</span> 
     </span>
     <span class='ocr_line' id='line_1_20' title="bbox 540 3313 2001 3458; baseline 0.001 -43"><span class='ocrx_word' id='word_1_134' title='bbox 540 3314 621 3458; x_wconf 88' lang='lat' dir='ltr'>qui</span> <span class='ocrx_word' id='word_1_135' title='bbox 657 3315 854 3417; x_wconf 88' lang='lat' dir='ltr'>conscius</span> <span class='ocrx_word' id='word_1_136' title='bbox 888 3315 1059 3418; x_wconf 90' lang='lat' dir='ltr'>consilii</span> <span class='ocrx_word' id='word_1_137' title='bbox 1096 3315 1150 3416; x_wconf 90' lang='lat' dir='ltr'>de</span> <span class='ocrx_word' id='word_1_138' title='bbox 1194 3313 1279 3416; x_wconf 91' lang='lat' dir='ltr'>illis</span> <span class='ocrx_word' id='word_1_139' title='bbox 1325 3314 1616 3437; x_wconf 91' lang='lat' dir='ltr'>occidendis,</span> <span class='ocrx_word' id='word_1_140' title='bbox 1650 3315 1866 3421; x_wconf 90' lang='lat' dir='ltr'>subeunte</span> <span class='ocrx_word' id='word_1_141' title='bbox 1912 3314 2001 3419; x_wconf 89' lang='lat' dir='ltr'>ani·</span> 
     </span>
     <span class='ocr_line' id='line_1_21' title="bbox 490 3457 2005 3604; baseline -0.001 -42"><span class='ocrx_word' id='word_1_142' title='bbox 490 3457 494 3464; x_wconf 64' lang='grc'>’</span> <span class='ocrx_word' id='word_1_143' title='bbox 539 3497 668 3562; x_wconf 93' lang='lat' dir='ltr'>mum</span> <span class='ocrx_word' id='word_1_144' title='bbox 704 3461 871 3562; x_wconf 91' lang='lat' dir='ltr'>sceleris</span> <span class='ocrx_word' id='word_1_145' title='bbox 906 3495 951 3562; x_wconf 93' lang='lat' dir='ltr'>et</span> <span class='ocrx_word' id='word_1_146' title='bbox 985 3459 1218 3603; x_wconf 87' lang='lat' dir='ltr'>impietatis</span> <span class='ocrx_word' id='word_1_147' title='bbox 1254 3459 1558 3604; x_wconf 87' lang='lat' dir='ltr'>poenitentia,</span> <span class='ocrx_word' id='word_1_148' title='bbox 1590 3462 1838 3604; x_wconf 91' lang='lat' dir='ltr'>ductusque</span> <span class='ocrx_word' id='word_1_149' title='bbox 1874 3461 2005 3563; x_wconf 91' lang='lat' dir='ltr'>mise-</span> 
     </span>
     <span class='ocr_line' id='line_1_22' title="bbox 540 3603 2008 3728; baseline 0.001 -23"><span class='ocrx_word' id='word_1_150' title='bbox 540 3603 733 3705; x_wconf 85' lang='lat' dir='ltr'>ricordia</span> <span class='ocrx_word' id='word_1_151' title='bbox 768 3639 809 3708; x_wconf 93' lang='lat' dir='ltr'>et</span> <span class='ocrx_word' id='word_1_152' title='bbox 843 3603 1156 3728; x_wconf 87' lang='lat' dir='ltr'>humanitate,</span> <span class='ocrx_word' id='word_1_153' title='bbox 1191 3644 1246 3705; x_wconf 89' lang='lat' dir='ltr'>ne</span> <span class='ocrx_word' id='word_1_154' title='bbox 1272 3640 1341 3707; x_wconf 94' lang='lat' dir='ltr'>tot</span> <span class='ocrx_word' id='word_1_155' title='bbox 1366 3606 1621 3709; x_wconf 86' lang='lat' dir='ltr'>innocentes</span> <span class='ocrx_word' id='word_1_156' title='bbox 1643 3604 1890 3710; x_wconf 86' lang='lat' dir='ltr'>Christiani</span> <span class='ocrx_word' id='word_1_157' title='bbox 1916 3647 2008 3709; x_wconf 83' lang='lat' dir='ltr'>mo·</span> 
     </span>
    </p>
   </div>
   <div class='ocr_carea' id='block_1_7' title="bbox 540 3749 2131 3895">
    <p class='ocr_par' dir='ltr' id='par_1_8' title="bbox 540 3749 2131 3895">
     <span class='ocr_line' id='line_1_23' title="bbox 540 3749 2131 3895; baseline 0.003 -48"><span class='ocrx_word' id='word_1_158' title='bbox 540 3782 693 3850; x_wconf 91' lang='lat' dir='ltr'>mento</span> <span class='ocrx_word' id='word_1_159' title='bbox 729 3749 939 3891; x_wconf 91' lang='lat' dir='ltr'>temporis</span> <span class='ocrx_word' id='word_1_160' title='bbox 974 3749 1138 3851; x_wconf 93' lang='lat' dir='ltr'>crudeli</span> <span class='ocrx_word' id='word_1_161' title='bbox 1164 3786 1306 3854; x_wconf 95' lang='lat' dir='ltr'>morte</span> <span class='ocrx_word' id='word_1_162' title='bbox 1336 3751 1700 3874; x_wconf 90' lang='lat' dir='ltr'>absumerentur,</span> <span class='ocrx_word' id='word_1_163' title='bbox 1728 3751 1934 3895; x_wconf 89' lang='lat' dir='ltr'>captivos</span> <span class='ocrx_word' id='word_1_164' title='bbox 1958 3752 2009 3852; x_wconf 89' lang='lat' dir='ltr'>de</span> <span class='ocrx_word' id='word_1_165' title='bbox 2130 3749 2131 3752; x_wconf 5' lang='grc' dir='ltr'>Ὺ</span> 
     </span>
    </p>
   </div>
   <div class='ocr_carea' id='block_1_8' title="bbox 538 3889 2012 5154">
    <p class='ocr_par' dir='ltr' id='par_1_9' title="bbox 538 3889 2012 5058">
     <span class='ocr_line' id='line_1_24' title="bbox 541 3889 2011 4018; baseline 0.004 -27"><span class='ocrx_word' id='word_1_166' title='bbox 541 3889 784 3995; x_wconf 88' lang='lat' dir='ltr'>Chatadini</span> <span class='ocrx_word' id='word_1_167' title='bbox 817 3892 1003 3996; x_wconf 90' lang='lat' dir='ltr'>consilio</span> <span class='ocrx_word' id='word_1_168' title='bbox 1050 3927 1092 3996; x_wconf 93' lang='lat' dir='ltr'>et</span> <span class='ocrx_word' id='word_1_169' title='bbox 1126 3901 1376 3996; x_wconf 89' lang='lat' dir='ltr'>Turcarum</span> <span class='ocrx_word' id='word_1_170' title='bbox 1412 3897 1598 3999; x_wconf 91' lang='lat' dir='ltr'>discessu</span> <span class='ocrx_word' id='word_1_171' title='bbox 1640 3897 1846 3999; x_wconf 87' lang='lat' dir='ltr'>certiores</span> <span class='ocrx_word' id='word_1_172' title='bbox 1881 3893 2011 4018; x_wconf 90' lang='lat' dir='ltr'>facit,</span> 
     </span>
     <span class='ocr_line' id='line_1_25' title="bbox 539 4037 2011 4188; baseline 0 -46"><span class='ocrx_word' id='word_1_173' title='bbox 539 4071 816 4179; x_wconf 89' lang='lat' dir='ltr'>monetque,</span> <span class='ocrx_word' id='word_1_174' title='bbox 850 4079 907 4140; x_wconf 89' lang='lat' dir='ltr'>ne</span> <span class='ocrx_word' id='word_1_175' title='bbox 943 4037 1029 4140; x_wconf 91' lang='lat' dir='ltr'>sibi</span> <span class='ocrx_word' id='word_1_176' title='bbox 1064 4038 1207 4141; x_wconf 92' lang='lat' dir='ltr'>desint</span> <span class='ocrx_word' id='word_1_177' title='bbox 1241 4039 1290 4142; x_wconf 91' lang='lat' dir='ltr'>in</span> <span class='ocrx_word' id='word_1_178' title='bbox 1324 4075 1452 4142; x_wconf 88' lang='lat' dir='ltr'>tanto</span> <span class='ocrx_word' id='word_1_179' title='bbox 1488 4041 1713 4184; x_wconf 90' lang='lat' dir='ltr'>periculo,</span> <span class='ocrx_word' id='word_1_180' title='bbox 1752 4043 1826 4145; x_wconf 89' lang='lat' dir='ltr'>sed</span> <span class='ocrx_word' id='word_1_181' title='bbox 1862 4081 2011 4188; x_wconf 87' lang='lat' dir='ltr'>egres·</span> 
     </span>
     <span class='ocr_line' id='line_1_26' title="bbox 540 4181 2012 4332; baseline 0.006 -51"><span class='ocrx_word' id='word_1_182' title='bbox 540 4181 609 4303; x_wconf 90' lang='lat' dir='ltr'>si,</span> <span class='ocrx_word' id='word_1_183' title='bbox 642 4221 925 4326; x_wconf 91' lang='lat' dir='ltr'>quacumque</span> <span class='ocrx_word' id='word_1_184' title='bbox 960 4183 1128 4285; x_wconf 90' lang='lat' dir='ltr'>ratione</span> <span class='ocrx_word' id='word_1_185' title='bbox 1164 4186 1327 4305; x_wconf 92' lang='lat' dir='ltr'>detur,</span> <span class='ocrx_word' id='word_1_186' title='bbox 1360 4221 1504 4288; x_wconf 88' lang='lat' dir='ltr'>arcem</span> <span class='ocrx_word' id='word_1_187' title='bbox 1540 4221 1790 4330; x_wconf 88' lang='lat' dir='ltr'>occupent,</span> <span class='ocrx_word' id='word_1_188' title='bbox 1830 4226 2012 4332; x_wconf 80' lang='lat' dir='ltr'>parum</span> 
     </span>
     <span class='ocr_line' id='line_1_27' title="bbox 539 4323 2008 4477; baseline 0.005 -53"><span class='ocrx_word' id='word_1_189' title='bbox 539 4362 709 4467; x_wconf 88' lang='lat' dir='ltr'>perque</span> <span class='ocrx_word' id='word_1_190' title='bbox 744 4323 1014 4448; x_wconf 87' lang='lat' dir='ltr'>defendant,</span> <span class='ocrx_word' id='word_1_191' title='bbox 1049 4329 1193 4434; x_wconf 89' lang='lat' dir='ltr'>donec</span> <span class='ocrx_word' id='word_1_192' title='bbox 1229 4327 1315 4432; x_wconf 87' lang='lat' dir='ltr'>sibi</span> <span class='ocrx_word' id='word_1_193' title='bbox 1344 4371 1371 4430; x_wconf 91' lang='lat' dir='ltr'>a</span> <span class='ocrx_word' id='word_1_194' title='bbox 1405 4330 1568 4434; x_wconf 90' lang='lat' dir='ltr'>Catolo</span> <span class='ocrx_word' id='word_1_195' title='bbox 1589 4331 1696 4433; x_wconf 90' lang='lat' dir='ltr'>urbi</span> <span class='ocrx_word' id='word_1_196' title='bbox 1722 4341 1816 4465; x_wconf 90' lang='lat' dir='ltr'>jam</span> <span class='ocrx_word' id='word_1_197' title='bbox 1851 4372 2008 4477; x_wconf 84' lang='lat' dir='ltr'>appto</span> 
     </span>
     <span class='ocr_line' id='line_1_28' title="bbox 538 4466 2009 4611; baseline 0.007 -46"><span class='ocrx_word' id='word_1_198' title='bbox 538 4466 783 4611; x_wconf 86' lang='lat' dir='ltr'>pinquante</span> <span class='ocrx_word' id='word_1_199' title='bbox 818 4469 1129 4576; x_wconf 85' lang='lat' dir='ltr'>subveniatur.</span> <span class='ocrx_word' id='word_1_200' title='bbox 1174 4474 1241 4575; x_wconf 92' lang='lat' dir='ltr'>Illi</span> <span class='ocrx_word' id='word_1_201' title='bbox 1283 4477 1472 4578; x_wconf 86' lang='lat' dir='ltr'>veroin</span> <span class='ocrx_word' id='word_1_202' title='bbox 1515 4476 1712 4580; x_wconf 85' lang='lat' dir='ltr'>maximo</span> <span class='ocrx_word' id='word_1_203' title='bbox 1753 4477 2009 4580; x_wconf 89' lang='lat' dir='ltr'>discrimine</span> 
     </span>
     <span class='ocr_line' id='line_1_29' title="bbox 538 4616 2008 4754; baseline 0.004 -44"><span class='ocrx_word' id='word_1_204' title='bbox 538 4649 806 4754; x_wconf 87' lang='lat' dir='ltr'>praesentem</span> <span class='ocrx_word' id='word_1_205' title='bbox 842 4616 988 4717; x_wconf 89' lang='lat' dir='ltr'>salutis</span> <span class='ocrx_word' id='word_1_206' title='bbox 1024 4619 1303 4721; x_wconf 89' lang='lat' dir='ltr'>occasionem</span> <span class='ocrx_word' id='word_1_207' title='bbox 1323 4660 1433 4721; x_wconf 86' lang='lat' dir='ltr'>non</span> <span class='ocrx_word' id='word_1_208' title='bbox 1469 4622 1761 4725; x_wconf 88' lang='lat' dir='ltr'>omittendam</span> <span class='ocrx_word' id='word_1_209' title='bbox 1802 4623 1911 4740; x_wconf 89' lang='lat' dir='ltr'>rati,</span> <span class='ocrx_word' id='word_1_210' title='bbox 1947 4617 2008 4716; x_wconf 92' lang='lat' dir='ltr'>li-</span> 
     </span>
     <span class='ocr_line' id='line_1_30' title="bbox 539 4757 2008 4907; baseline 0.005 -51"><span class='ocrx_word' id='word_1_211' title='bbox 539 4757 637 4900; x_wconf 90' lang='lat' dir='ltr'>gnis</span> <span class='ocrx_word' id='word_1_212' title='bbox 674 4793 718 4859; x_wconf 95' lang='lat' dir='ltr'>et</span> <span class='ocrx_word' id='word_1_213' title='bbox 760 4759 996 4884; x_wconf 88' lang='lat' dir='ltr'>vectibus,</span> <span class='ocrx_word' id='word_1_214' title='bbox 1039 4803 1151 4907; x_wconf 88' lang='lat' dir='ltr'>quos</span> <span class='ocrx_word' id='word_1_215' title='bbox 1194 4757 1305 4865; x_wconf 90' lang='lat' dir='ltr'>forte</span> <span class='ocrx_word' id='word_1_216' title='bbox 1353 4765 1472 4867; x_wconf 86' lang='lat' dir='ltr'>nacti</span> <span class='ocrx_word' id='word_1_217' title='bbox 1516 4804 1653 4887; x_wconf 92' lang='lat' dir='ltr'>sunt,</span> <span class='ocrx_word' id='word_1_218' title='bbox 1688 4759 1805 4867; x_wconf 92' lang='lat' dir='ltr'>fores</span> <span class='ocrx_word' id='word_1_219' title='bbox 1843 4757 2008 4868; x_wconf 83' lang='lat' dir='ltr'>refrin-</span> 
     </span>
     <span class='ocr_line' id='line_1_31' title="bbox 538 4907 2008 5058; baseline 0.003 -55"><span class='ocrx_word' id='word_1_220' title='bbox 538 4940 681 5044; x_wconf 83' lang='lat' dir='ltr'>gunt,</span> <span class='ocrx_word' id='word_1_221' title='bbox 719 4939 763 5008; x_wconf 86' lang='lat' dir='ltr'>et</span> <span class='ocrx_word' id='word_1_222' title='bbox 796 4908 1007 5050; x_wconf 87' lang='lat' dir='ltr'>parietem</span> <span class='ocrx_word' id='word_1_223' title='bbox 1042 4907 1284 5014; x_wconf 87' lang='lat' dir='ltr'>infirmiore</span> <span class='ocrx_word' id='word_1_224' title='bbox 1319 4945 1442 5054; x_wconf 89' lang='lat' dir='ltr'>patre</span> <span class='ocrx_word' id='word_1_225' title='bbox 1477 4909 1751 5032; x_wconf 87' lang='lat' dir='ltr'>suffodiunt,</span> <span class='ocrx_word' id='word_1_226' title='bbox 1776 4949 1912 5058; x_wconf 88' lang='lat' dir='ltr'>seque</span> <span class='ocrx_word' id='word_1_227' title='bbox 1940 4946 2008 5008; x_wconf 91' lang='lat' dir='ltr'>ce·</span> 
     </span>
    </p>

    <p class='ocr_par' dir='ltr' id='par_1_10' title="bbox 1950 5050 2007 5154">
     <span class='ocr_line' id='line_1_32' title="bbox 1950 5050 2007 5154; baseline 0.035 -2"><span class='ocrx_word' id='word_1_228' title='bbox 1950 5050 2007 5154; x_wconf 86' lang='lat' dir='ltr'>le·</span> 
     </span>
    </p>
   </div>
   <div class='ocr_carea' id='block_1_9' title="bbox 0 0 2184 5986">
    <p class='ocr_par' dir='ltr' id='par_1_11' title="bbox 0 0 2184 5986">
     <span class='ocr_line' id='line_1_33' title="bbox 0 0 2184 5986; baseline 0 0"><span class='ocrx_word' id='word_1_229' title='bbox 0 0 2184 5986; x_wconf 95' lang='lat' dir='ltr'> </span> 
     </span>
    </p>
   </div>
  </div>
 </body>
</html>
