4292 5984
566 467 626 562 58:
962 465 1047 544 DE
1089 460 1290 544 REBUS
1327 455 1575 542 Gsssxrs

522 665 571 730 ut
618 623 849 728 adderetur
891 619 1139 763 quidquam
1183 617 1239 718 ad
1282 655 1501 720 summam
1544 607 1832 758 pecuniarum
1877 655 1996 720 con-

523 809 719 890 suetam,
754 811 834 872 nec
870 801 920 868 ut
956 799 1054 867 ante
1090 763 1339 908 legitimum
1376 800 1549 903 tempus
1585 753 1877 922 conferretur,
1916 765 1993 864 sed

522 955 573 1019 ut
606 926 698 1050 jam
735 951 841 1014 tunc
876 908 979 1052 ipsis
1015 907 1265 1011 volentibus
1300 944 1344 1007 er
1388 901 1811 1008 consentientibus
1800 942 1995 1048 impera

523 1097 671 1177 retur,
707 1096 762 1162 nt
804 1055 889 1158 sibi
931 1095 1098 1156 necesse
1139 1088 1244 1154 esset
1291 1051 1447 1214 inopia
1490 1086 1716 1192 premente
1764 1049 1818 1147 ad
1862 1090 1995 1192 prae-

524 1204 735 1344 scriptum
761 1237 935 1343 tempus
972 1197 1187 1333 hujus
1129 1238 1193 1299 rer
1224 1195 1395 1340 gratia,
1433 1233 1537 1294 cum
1573 1233 1652 1294 suo
1689 1188 1878 1294 fortassis
1919 1235 1995 1337 pu

523 1347 826 1488 blicarumque
858 1381 1082 1446 rattonum
1108 1339 1425 1458 incommodo,
1452 1374 1764 1480 properantem
1801 1342 1989 1442 reverti.

524 1505 628 1612 Qua
670 1492 725 1594 de
767 1529 813 1590 re
862 1529 1022 1632 magna
1057 1483 1188 1588 fuit
1177 1521 1288 1588 mter
1334 1486 1501 1628 legatos
1547 1483 1810 1626 disceptatio
1835 1522 1991 1648 atque

524 1634 775 1756 dissensio,
828 1633 1095 1775 quibusdam
1147 1631 1303 1734 Caroli
1351 1628 1675 1773 postulatorum
1719 1628 1991 1796 aequitatem

525 1780 853 1943 probantibus,
890 1778 983 1876 aliis
1020 1775 1301 1878 vehementer
1337 1770 1681 1917 refragantibus,
1717 1813 1771 1874 ac
1810 1775 1858 1877 in
1899 1777 1992 1917 pri-

525 1963 609 2024 mis
657 1917 1103 2042 Salmanticensibus,
1160 1920 1240 2061 qui
1284 1957 1449 2020 ceteros
1494 1919 1717 2021 obsecrare
1762 1955 1806 2020 et
1848 1921 1991 2060 palam

526 2068 737 2170 obtestari
774 2107 868 2166 non
900 2065 1183 2187 dubitabant,
1210 2105 1266 2167 ne
1288 2064 1522 2165 civitatum
1559 2104 1609 2164 ac
1646 2063 1917 2206 populorum
1947 2063 1994 2163 h

525 2209 788 2312 bertatem
778 2250 824 2311 tn
860 2210 950 2309 dies
987 2209 1165 2328 minui,
1201 2244 1244 2310 et
1275 2209 1474 2310 instituta
1505 2248 1739 2371 moresque
1763 2217 1992 2342 majorum
2138 2221 2139 2224 ‘

524 2351 682 2453 violari
726 2388 1003 2493 paterentut3
1047 2351 1260 2453 tributum
1304 2353 1413 2454 illud
1458 2353 1576 2494 prius
1620 2388 1750 2454 tenue
1774 2347 1914 2452 fuisse
1951 2384 1995 2450 et

523 2497 578 2597 ad
605 2533 775 2636 tempus
811 2497 1109 2635 imperatum,
1137 2531 1289 2657 postea
1315 2497 1433 2596 nulla
1470 2497 1565 2636 pari
1599 2495 1876 2616 necessitate,
1914 2495 1995 2593 scd
2139 2558 2140 2610 ,

524 2638 839 2740 consuetudine
887 2639 1035 2779 potius
1088 2640 1306 2764 crevisse,
1351 2677 1396 2742 et
1447 2637 1617 2742 facturn
1663 2636 1793 2742 fixisse
1834 2677 1996 2780 perpe·
2139 2733 2140 2774 ξ

525 2816 653 2882 tuum
689 2818 820 2924 atque
855 2781 1133 2926 legitimum,
1169 2821 1220 2886 ut
1257 2713 1339 2888 alia
1384 2787 1604 2927 quaedam
1648 2787 1808 2886 eodem
1851 2783 1994 2884 modo

524 2924 574 3025 in
615 2928 787 3069 magnis
832 2966 978 3028 rerum
1025 2928 1331 3070 iniquitatibus
1382 2930 1665 3033 introducta
1711 2937 1841 3031 Tunc
1886 2965 1995 3028 veto

525 3072 754 3174 attenuatis
789 3079 879 3204 jam
915 3112 990 3215 per
1026 3074 1166 3174 varias
1204 3111 1247 3176 et
1283 3069 1529 3215 frequentes
1566 3074 1808 3176 exactiones
1846 3111 1990 3216 popu-

526 3212 682 3317 larium
716 3211 1022 3338 facultatibus,
1060 3219 1106 3319 id
1139 3219 1212 3362 agi
1237 3256 1287 3318 ut
1316 3259 1389 3319 vtx
1421 3220 1648 3383 superioris
1685 3216 1844 3319 tributi
1877 3253 1992 3315 tem-

525 3395 631 3498 pore
668 3360 904 3462 dimidiato
942 3364 1162 3464 alterum
1152 3401 1412 3528 impereturs
1440 3364 1488 3465 id
1521 3407 1577 3466 ne
1613 3363 1710 3484 fiat,
1748 3361 1926 3464 cunctis
1946 3400 1992 3459 se

526 3499 687 3642 opibus
726 3503 996 3626 obstituros,
1035 3510 1287 3648 praesertim
1322 3548 1371 3609 m
1407 3545 1501 3609 tam
1542 3543 1734 3670 apertam
1778 3502 1997 3666 reipubli-

524 3685 598 3746 cae
622 3650 884 3813 Regnique
908 3651 1188 3791 perniciem.
1232 3664 1466 3770 Quorsum
1508 3691 1625 3756 enlm
1674 3652 1903 3752 decretum
1951 3646 1999 3749 id

525 3791 767 3929 pertinere,
805 3793 888 3896 ursi
919 3833 969 3896 ut
993 3807 1124 3918 Rex,
1161 3838 1255 3940 quo
1284 3834 1508 3939 praesente
1543 3833 1587 3896 ct
1621 3835 1697 3939 per
1722 3835 1764 3894 se
1777 3807 1998 3958 Regnum

524 3935 852 4041 administrante
900 3977 1055 4044 cuncta
1097 3942 1212 4044 mala
1249 3940 1401 4045 fierent
1438 3942 1641 4063 leviora,
1677 3937 1841 4042 diutius
1877 3935 1998 4038 abes·

523 4115 566 4178 se
603 4081 741 4220 possit
776 4119 819 4182 et
857 4127 908 4184 ex
946 4085 1053 4187 locis
1089 4085 1390 4190 remotissimis
1428 4086 1703 4229 Hispaniae,
1742 4083 1864 4186 velut
1903 4089 1999 4186 Bel·

521 4259 678 4362 garum
715 4227 1002 4350 Provinciae,
1048 4271 1125 4372 per
1161 4232 1439 4396 magistratus
1480 4265 1523 4334 et
1558 4225 1797 4373 praefectos
1840 4224 1994 4328 dorni-

520 4367 649 4486 nari,
687 4409 780 4509 quo
816 4373 871 4474 sit
908 4415 1089 4476 necesse
1112 4387 1322 4520 Regnum
1372 4375 1587 4520 dignitate
1633 4374 1764 4478 simul
1810 4409 1855 4474 et
1891 4365 1999 4510 opi

519 4500 601 4604 bus
637 4513 813 4650 spoliari
850 4552 893 4616 et
930 4517 1180 4638 exhauriri,
1218 4521 1411 4621 maxima
1441 4522 1491 4620 vi
1517 4519 1802 4664 pecuniarum
1825 4549 2001 4680 expor-

518 4681 636 4773 tata,
662 4690 705 4755 ec
726 4657 874 4759 multis
911 4697 1130 4801 praetcrea
1164 4597 1462 4766 incommodis
1498 4663 1760 4769 conflictati>
1798 4662 1867 4766 Sic
1905 4659 2002 4802 igr-·

516 4823 588 4896 tur
614 4798 963 4910 salmanticenses
1000 4803 1230 4914 censebant
1265 4808 1392 4916 etin
1428 4809 1639 4916 sententia
1678 4808 1999 4951 perstiterunt.

1876 4947 2004 5051 Gal-
