4298 5980
562 459 802 546 cnnorr
843 457 897 538 u.
939 456 1048 539 am.
1092 458 1204 540 vrr.
1511 465 1598 557 οη

179 657 332 730 terano
383 619 691 761 Hispanorum
747 628 1159 758 Germanorumque
1210 615 1430 724 exercitu.
1491 632 1641 769 Itaque

177 765 401 872 Clementi
437 761 641 866 Pontifici
675 761 902 868 civitatem
937 764 987 866 in
1021 761 1204 887 officio,
1241 775 1422 910 ejusque
1457 807 1638 913 potesta·

179 950 223 1015 te
262 908 462 1013 futuram
496 947 591 1010 non
627 945 807 1052 gravate
842 946 1121 1051 receperunt.
1160 917 1285 1012 Tum
1323 925 1527 1018 Romana
1566 927 1642 1051 ju*

173 1092 331 1160 ventus
370 1097 460 1158 sese
504 1055 560 1155 ad
605 1093 804 1196 pugnam
845 1054 1088 1177 instruere,
1132 1091 1176 1156 et
1219 1068 1413 1158 exercere
1455 1062 1643 1202 coepit,

175 1199 444 1345 regionatim
492 1199 757 1317 convenire,
802 1200 1036 1341 omnisque
1086 1201 1256 1344 generis
1302 1203 1432 1305 armis
1479 1203 1641 1307 instru-

175 1381 249 1446 cta
292 1341 473 1484 singuiis
523 1338 613 1444 fere
660 1339 815 1442 diebus
850 1383 927 1484 per
963 1344 1136 1450 Urbem
1172 1387 1260 1446 sese
1307 1382 1555 1471 ostentare,
1597 1365 1642 1451 e't

173 1500 374 1592 Romam
417 1525 496 1587 suo
543 1524 671 1587 more
713 1482 901 1588 subinde
943 1490 1216 1593 conclamans
1264 1493 1457 1634 vagari,
1502 1492 1640 1638 idque

177 1672 282 1734 cum
316 1631 654 1771 Hispanorum,
692 1632 773 1771 qui
806 1642 980 1734 Romae
1016 1676 1147 1739 suum
1188 1636 1423 1778 negotium
1465 1675 1641 1780 agentes

176 1774 500 1895 morabantur,
548 1813 642 1876 non
685 1812 825 1917 parvo
909 1777 1072 1880 criculo
1124 1817 1356 1922 quorum,
1404 1782 1641 1884 nonnullos

172 1957 336 2063 magua
378 1914 614 2020 verborum
662 1815 928 2022 contumeia
974 1921 1289 2064 arrogantiores
1337 1961 1639 2048 vexaverunt,

173 2066 395 2208 quosdam
430 2063 566 2163 etiam
601 2097 739 2164 noctu
764 2100 853 2202 per
889 2065 1145 2166 occasionen
1180 2067 1463 2170 occiderunt.

180 2261 224 2292 ,-
259 2220 318 2313 V.
411 2200 651 2327 Pontifex,
687 2206 876 2307 exercitu
909 2216 999 2338 jam
1034 2209 1446 2350 appropinquante,
1482 2210 1642 2318 habito

175 2347 291 2454 intra
323 2349 500 2455 Urbem
534 2349 728 2454 militum
763 2349 964 2471 delectu,
1006 2350 1310 2494 Romanisque
1352 2353 1642 2478 collaudatis,

176 2529 221 2593 ct
256 2537 330 2596 eos
365 2495 423 2596 ad
457 2489 658 2597 officium
686 2494 850 2636 patriae
886 2529 979 2598 tarn
1016 2495 1254 2596 necessario
1291 2532 1491 2639 tempore
1526 2519 1650 2640 prao'

174 2640 380 2741 standum
432 2636 684 2740 cohortatus
734 2638 949 2742 Rentium
1001 2638 1218 2740 Chierum
1274 2641 1492 2741 Ursinum
1549 2645 1639 2749 toti

176 2783 356 2884 muneri
389 2779 525 2885 Urbis
560 2781 869 2885 custodiendae
905 2824 954 2884 ac
990 2777 1291 2886 defendendae
1328 2778 1556 2924 pracfecit.
1601 2798 1640 2890 Is

176 2967 360 3066 arcem,
398 2966 513 3068 quae
550 2965 614 3028 est
649 2928 706 3028 ad
740 2962 926 3070 pontem
960 2916 1175 3030 Miiuium
1186 3005 1201 3048 ,
1227 2970 1282 3030 ne
1306 2928 1514 3030 Tiberim
1538 2943 1640 3032 Cae·

176 3071 336 3172 sariani
372 3107 493 3203 extra
526 3068 700 3174 Urbem
742 3073 1015 3206 trajicerent,
1057 3071 1274 3214 praesidio
1323 3073 1551 3182 munivits
1595 3109 1640 3176 et

176 3216 283 3360 quia
327 3211 517 3316 dubium
563 3235 658 3318 non
700 3252 790 3317 erat
830 3212 926 3317 fore
934 3295 950 3338 ,
986 3253 1036 3318 ut
1071 3216 1321 3320 Caesariani
1357 3216 1405 3316 in
1440 3228 1640 3360 Burgum

176 3360 462 3502 potissimum
496 3360 832 3482 incumberent,
870 3362 950 3504 qui
985 3361 1101 3463 vicus
1149 3357 1421 3466 suburbanus
1456 3362 1513 3462 ad
1550 3373 1642 3466 Va*

176 3506 373 3608 ticanum
408 3539 608 3607 montem
643 3506 770 3607 brevi
806 3505 1074 3646 infirmoque
1111 3539 1154 3606 ct
1189 3503 1355 3645 partim
1391 3505 1528 3610 ctiam
1564 3505 1640 3606 in-

178 3684 378 3791 terrupto
432 3688 563 3752 muro
611 3646 912 3793 cingebatur,
962 3689 1059 3751 eam
1102 3685 1305 3790 partem,
1354 3689 1444 3790 qua
1490 3687 1641 3754 murus

177 3789 436 3913 corruerat,
486 3789 600 3895 fossa
642 3794 851 3938 valloque
896 3795 1183 3898 muniendam
1230 3794 1438 3912 curavit,
1485 3791 1642 3933 ibique

177 3931 428 4076 frequentia
464 3973 715 4056 tormenta,
753 3977 797 4041 et
832 3941 1037 4087 praesidii
1080 3937 1319 4040 maximam
1362 3967 1406 4034 et
1446 3933 1654 4042 fitrrrissia'

179 4115 302 4182 mam
339 4120 507 4224 partem
542 4085 800 4188 collocavit.

269 4233 346 4326 Vl.
439 4224 685 4330 Borbonius
726 4266 908 4349 autem,
950 4226 1092 4369 copiis
1135 4227 1262 4329 tertio
1303 4231 1457 4327 Nonas
1499 4233 1641 4358 Majas

178 4365 229 4470 in
262 4366 400 4470 Urbis
436 4409 721 4511 conspectum
758 4371 972 4492 deductis,
1008 4372 1187 4511 cupiens
1223 4372 1430 4472 intanto
1464 4370 1642 4512 pericu-

178 4513 306 4614 loct
350 4510 543 4616 militum
588 4516 696 4616 odio
746 4515 935 4618 civitatis
972 4516 1098 4617 saluti
1133 4513 1384 4636 consulere,
1420 4513 1642 4658 simulque

182 4658 401 4758 exercitus·
428 4658 478 4758 in
514 4659 720 4762 omnium
756 4699 902 4761 rerum
938 4661 1093 4802 inopia
1135 4659 1379 4762 necessitati
1420 4659 1641 4799 prospice-

184 4821 229 4902 re
255 4827 283 4920 ,'
312 4801 650 4908 caduceatorem
691 4841 963 4947 praecurrere
1003 4800 1166 4937 jubet,
1209 4839 1253 4902 et
1295 4801 1378 4907 suis
1430 4801 1571 4907 verbis
1616 4839 1643 4899 a

259 4943 427 5064 Tam-I,
1230 4957 1291 5050 Ee
1524 4954 1644 5048 Pon·
