4284 5982
548 375 969 464 rusmmoutnsr
1002 355 1230 464 troam¹
1542 400 1569 470 s

154 515 368 595 Historiae
388 533 474 596 suae
489 515 711 612 Hispaniae
726 519 818 615 Cap»
851 543 909 595 11.
938 517 1142 596 excellentis
1168 513 1381 607 doctrinae,
1403 537 1445 594 ac
1468 514 1592 622 sittgu-

155 624 240 700 laris
268 621 461 721 utriusque
484 621 637 720 linguae
670 619 882 696 eruditionis
914 623 1043 699 merito
1071 617 1268 698 Cordubae
1300 619 1399 696 urbis
1427 618 1591 720 ingenim
1663 626 1670 640 ⁴

153 747 238 800 rum
265 725 532 825 sdpientiaeque
556 724 692 800 altricis
717 742 871 800 veterem
897 725 1049 826 gloriam
1077 726 1287 800 instaurasse
1313 747 1423 816 eom,
1456 721 1586 798 clario·

152 851 306 928 remque
331 826 525 904 reddidisse
538 827 601 902 air.
617 823 756 924 Jovius'
769 829 807 901 in
823 829 976 930 Elogils:
991 825 1074 902 Sed
1097 826 1203 901 bodie
1222 828 1357 922 procui
1378 825 1488 898 dubio
1503 825 1585 921 (in-

149 929 265 1032 quit)
286 931 455 1030 Joannes
474 929 689 1024 Sepaloeda
713 929 964 1006 Cordubensis
988 935 1111 1028 ipsam
1132 926 1292 1008 eximiae
1316 929 1443 1004 laudis
1458 949 1596 1021 arcem,

151 1035 328 1126 obtinet,
350 1038 414 1130 qui
431 1033 603 1109 Graecae
621 1035 772 1127 peritus
791 1035 970 1131 linguae,
990 1049 1028 1108 et
1042 1031 1280 1109 scientiarum
1298 1051 1415 1129 prope
1427 1034 1583 1106 omnium

154 1138 306 1214 validis
322 1141 532 1212 instructus
549 1135 787 1229 praesidiis,
807 1136 890 1210 dom
905 1138 1084 1211 assiduae
1103 1151 1215 1231 atque
1230 1133 1498 1229 ideofeiieiter
1511 1137 1583 1207 sti·

151 1241 228 1315 ium
248 1255 427 1330 exercet,
450 1241 770 1333 eloquentissimus
789 1239 934 1316 euadit.
965 1238 1029 1314 Ab
1050 1236 1232 1340 scaligero
1253 1240 1298 1314 de
1314 1238 1582 1313 Emendatione

152 1358 354 1439 temporam
370 1340 454 1418 Lib.
465 1342 516 1418 V.
529 1338 618 1414 dum
641 1338 687 1415 de
702 1343 770 1418 Era
789 1343 865 1442 agit
878 1343 1144 1440 Hispanorum,
1175 1346 1241 1417 vir
1258 1342 1499 1416 doctissimus
1519 1363 1583 1415 au-

149 1443 234 1528 dite
261 1469 337 1547 quo
371 1466 479 1542 super
506 1462 717 1542 argumento
745 1445 902 1523 scribens
932 1446 1114 1521 Antonius
1138 1445 1348 1522 Possevinus
1374 1445 1412 1518 in
1438 1441 1580 1518 Biblio-

151 1546 280 1629 thecae
305 1549 457 1638 selectae
470 1544 669 1625 lib.-XVI.
696 1547 787 1645 Cap.
796 1545 903 1625 XIV.
929 1553 1052 1623 viram
1068 1562 1325 1648 praestantem
1346 1562 1384 1622 et
1399 1547 1579 1622 doctissi-

150 1677 245 1728 mam
271 1651 438 1752 appellat.
464 1649 622 1728 Consule
649 1650 696 1726 sis
720 1651 921 1726 Batrerium
947 1654 984 1726 in
999 1650 1287 1750 chorographiis
1303 1673 1391 1741 sua,
1420 1672 1496 1747 quo
1522 1649 1579 1725 lo·

149 1781 199 1836 to
224 1756 269 1834 de
291 1759 393 1830 Pace
421 1751 510 1830 urbe
540 1771 694 1843 metat,
723 1751 906 1830 Didacum
928 1754 1141 1830 Gratianum
1169 1756 1206 1829 in
1236 1753 1399 1852 proemio
1428 1751 1580 1828 transla-

151 1861 267 1935 tionis
285 1860 463 1959 Hispanae
487 1856 691 1930 Plutarchi
712 1858 906 1930 moralium
927 1875 1072 1951 operam
1086 1907 1097 1946 ,
1112 1857 1313 1934 Matrinum
1328 1853 1577 1954 Aspdcuetam

149 1958 190 2038 in
205 1962 340 2057 Repet.
370 1961 433 2033 ad.
443 1958 541 2053 Cap.
568 1957 676 2032 inter
698 1957 817 2032 verba
838 1959 902 2035 Xl.
923 1981 961 2056 q.
983 1960 1047 2035 Ill.
1069 1957 1311 2036 Melchiorem
1326 1959 1468 2034 Canum
1492 1958 1578 2036 loco

150 2066 314 2162 proxime
335 2061 505 2142 adducto.
532 2060 711 2138 Abstineo
732 2085 828 2138 nunc
849 2053 1043 2138 Michaelis
1061 2061 1229 2139 Medinae
1254 2057 1458 2139 testimonio
1483 2083 1575 2160 pau·

151 2165 188 2243 lo
217 2187 300 2266 post
324 2163 536 2258 referendo,
564 2184 602 2241 et
626 2164 730 2255 aliis,
756 2185 946 2243 contentus
971 2161 1187 2266 subiungere
1201 2188 1267 2263 pro
1280 2165 1448 2241 omnibus
1463 2187 1577 2240 unum

151 2267 298 2348 Alfonsi
315 2267 510 2346 Metamori
538 2268 698 2368 elogium
734 2269 1013 2345 eminentissimo
1047 2267 1211 2369 quolibet
1235 2270 1409 2365 scriptore
1438 2265 1577 2368 dignis·

149 2369 441 2470 timum:„Mox
460 2369 558 2448 adest
575 2370 665 2467 (ille
687 2371 739 2446 ait
763 2372 800 2444 in
815 2369 1058 2469 Apologetica
1085 2393 1149 2447 sua
1176 2368 1221 2446 de
1248 2367 1365 2448 doctis
1379 2369 1575 2466 Hispaniae

146 2477 238 2558 ¹viris
257 2470 491 2564 hermione)
516 2473 690 2550 Genesius
713 2471 913 2571 Sepulveda
934 2471 1206 2564 Cordubensis,
1230 2473 1267 2545 in
1297 2495 1408 2571 quern
1432 2474 1577 2550 intuen-

148 2579 180 2658 ti
207 2580 342 2658 crebro
364 2580 405 2654 in
432 2596 589 2654 mentem
617 2572 710 2650 mihi
739 2577 839 2655 venit
866 2577 1000 2666 vereri,
1014 2573 1158 2673 ecquod
1185 2576 1233 2651 sit
1260 2572 1429 2652 habitura
1456 2578 1577 2653 curri-

149 2685 279 2760 culum
308 2680 369 2758 illa
397 2701 436 2758 et
461 2701 588 2758 sutura
615 2677 832 2757 admirabilis
860 2697 897 2754 et
925 2679 1103 2778 exquisita
1131 2677 1294 2756 doctrina
1322 2698 1359 2755 et
1387 2680 1577 2780 singularis

147 2787 352 2877 industria,
379 2785 474 2883 qui,
500 2783 587 2860 eum
601 2782 779 2860 multisin
793 2781 900 2858 rebus
928 2781 1076 2860 excellat
1092 2834 1101 2872 ,
1116 2785 1168 2860 sic
1195 2782 1233 2856 in
1261 2780 1431 2856 omnibus
1455 2800 1575 2859 tamen

150 2892 287 2974 eminet
310 2937 337 2980 ,a
356 2910 400 2964 ac
427 2889 458 2963 si
488 2905 607 2962 toturn
635 2909 743 2963 suunt
777 2885 895 2962 otium
928 2884 966 2958 in
996 2884 1147 2981 singulis
1182 2885 1403 2982 reposuisset.
1447 2885 1577 2965 Latine

148 2993 261 3076 vertit
285 2990 545 3070 Aristotelems
571 3009 608 3064 et
630 3013 724 3087 quae
750 3011 771 3065 a
794 2986 910 3063 doctis
945 2987 1087 3086 accepit
1109 2987 1283 3076 Graecis,
1311 2989 1342 3063 sl
1370 2987 1481 3087 digna
1503 2991 1577 3066 exi-

30 3135 34 3146 ·
148 3101 336 3186 minaret,
362 3094 400 3168 ln
416 3092 550 3191 quibus
573 3091 794 3184 elaboraret,
819 3089 937 3164 multo
958 3111 1068 3189 quant
1095 3090 1131 3162 in
1152 3089 1238 3188 ipsis
1259 3085 1400 3166 fuerant
1419 3091 1577 3188 explica·

148 3221 187 3282 ta
222 3195 458 3284 auctoribus,
485 3194 634 3270 meliora
659 3191 804 3298 reddit,
820 3191 945 3268 Genus
978 3191 1148 3267 orationis
1180 3188 1289 3268 habet
1325 3190 1471 3285 fusum,
1502 3215 1584 3271 tra-.

150 3321 255 3386 ctum
277 3318 315 3377 et
335 3321 421 3378 cum
443 3297 587 3376 lenitate
609 3296 765 3396 quadam
786 3293 991 3392 profluens,
1013 3295 1120 3393 quale
1146 3291 1295 3372 historia
1318 3347 1329 3386 ,
1354 3315 1501 3374 auctore
1514 3299 1580 3374 Ci-

149 3429 283 3490 terone
299 3455 308 3494 ,
323 3401 516 3500 postulate
543 3399 698 3480 videtur.
726 3401 824 3488 Hinc
853 3394 1067 3497 quibusdam
1101 3420 1199 3476 error
1226 3417 1330 3474 natus
1357 3419 1411 3475 est
1437 3399 1579 3496 (modo

151 3532 273 3592 errore
292 3507 342 3582 illi
364 3529 407 3582 ac
429 3526 502 3580 non
525 3525 609 3582 vera
629 3505 751 3601 potius
770 3521 943 3598 certaque
963 3503 1138 3598 sententia
1158 3499 1374 3594 trahantur)
1396 3521 1437 3578 ut
1451 3502 1488 3577 in
1503 3523 1578 3580 tam

149 3610 355 3696 admirabili
391 3629 574 3706 aureoque
611 3607 838 3707 eloquentiae
868 3604 1041 3696 flumine,
1072 3627 1249 3705 quantum
1273 3607 1313 3680 in
1338 3605 1494 3684 Genesio
1514 3606 1579 3683 Se·

150 3708 309 3820 pulveda
332 3711 478 3789 attoniti
509 3709 718 3801 intuemur,
744 3709 911 3808 spiritum
940 3706 1098 3806 aliquem
1125 3701 1333 3807 ampliorem
1369 3705 1581 3799 desiderent,

149 3822 310 3902 calorem
345 3815 575 3892 intensiorem
602 3832 800 3914 quaerant,
832 3829 869 3888 et
901 3809 1060 3888 flammas
1094 3809 1236 3910 majoris
1265 3808 1425 3887 incendii
1452 3830 1579 3906 postu·

151 3927 254 4002 lents
282 3941 354 3996 non
377 3916 617 4017 intelligentes
643 3913 837 3991 fusioribus
860 3914 1016 3990 numetis
1043 3912 1219 4010 placidans
1249 3915 1581 4010 quietamqueora·

149 4020 290 4106 tionem
319 4019 431 4098 reddi.
458 4019 512 4096 Sit
535 4021 651 4120 igitur
677 4017 749 4096 hoc
772 4017 918 4095 Genesii
949 4017 1138 4113 proprium
1179 4034 1468 4114 perpetuumque
1503 4017 1581 4093 elo⁴

151 4121 286 4233 giudi,
317 4121 501 4200 inausum
524 4122 639 4198 fuisse
660 4119 708 4197 ab
728 4123 901 4210 Erasmo,
926 4115 1147 4221 celebratum
1168 4117 1375 4196 encomiisa
1391 4119 1502 4196 Paulo
1517 4117 1582 4219 Jo-

151 4235 219 4316 ,vio
244 4280 255 4320 ,
281 4225 460 4304 sublatum
486 4224 526 4298 in
550 4224 690 4315 caelum
719 4247 740 4300 a
764 4222 862 4298 Lilio
883 4215 1050 4318 Gytaldo
1072 4220 1306 4302 Ferrarlensis
1329 4224 1582 4325 nemiuemque

153 4336 281 4416 virum
309 4351 450 4404 esseest
479 4319 560 4417 bis,
588 4327 655 4424 qui
677 4323 727 4413 ‘de
752 4325 858 4403 claris
884 4320 1049 4398 doctrina
1078 4322 1167 4399 viris
1201 4340 1317 4402 aetate
1343 4345 1463 4402 nostra
1491 4347 1584 4404 con·

153 4436 400 4532 scripserunt,
425 4427 491 4527 qui
517 4450 588 4503 non
602 4429 841 4526 Hispanorum
867 4425 1027 4523 primurn
1042 4425 1237 4504 Genesium
1249 4425 1485 4524 Sepulvedam
1512 4451 1587 4506 me·

156 4539 329 4634 ruinisset.
351 4530 540 4629 satiusque
560 4526 632 4630 itm
654 4549 745 4608 esset
765 4527 810 4604 de
832 4546 937 4605 aucta
962 4521 1037 4623 ejus
1059 4527 1236 4632 dignitate
1257 4529 1387 4628 loqui,
1414 4553 1524 4628 quarn
1538 4531 1585 4609 de

158 4640 297 4719 artibus
322 4653 359 4710 et
384 4631 538 4726 studiis,
566 4635 613 4710 de
637 4631 770 4734 quibus
795 4656 926 4722 nemo,
952 4628 1062 4706 modo
1086 4631 1249 4710 eruditus
1265 4652 1382 4725 esset,
1411 4657 1585 4737 umquam

160 4736 388 4820 dubitavit.“
403 4737 511 4819 ,Haec
531 4737 763 4812 Metamotus.
790 4733 852 4811 nd
874 4757 981 4831 opera
1008 4729 1080 4831 jam
1109 4735 1328 4814 devenimus.

188 4977 195 4986 Ι
238 4844 496 5006 interpretatus
517 4861 572 4920 est
593 4835 797 4922 felicissime
817 4837 1051 5008 insstinam
1075 4839 1237 4946 linguam
1259 4863 1280 4918 e
1299 4840 1459 4922 Graeco:
1476 4898 1590 5019 Ad..
