<?xml version="1.0" encoding="UTF-8"?>
<!DOCTYPE html PUBLIC "-//W3C//DTD XHTML 1.0 Transitional//EN"
    "http://www.w3.org/TR/xhtml1/DTD/xhtml1-transitional.dtd">
<html xmlns="http://www.w3.org/1999/xhtml" xml:lang="en" lang="en">
 <head>
  <title>
</title>
<meta http-equiv="Content-Type" content="text/html;charset=utf-8" />
  <meta name='ocr-system' content='tesseract 3.04.00' />
  <meta name='ocr-capabilities' content='ocr_page ocr_carea ocr_par ocr_line ocrx_word'/>
</head>
<body>
  <div class='ocr_page' id='page_1' title='image "./joannisgenesiis02sepgoog_0340.png"; bbox 0 0 4294 5984; ppageno 0'>
   <div class='ocr_carea' id='block_1_1' title="bbox 560 451 1574 582">
    <p class='ocr_par' dir='ltr' id='par_1_1' title="bbox 560 451 1574 582">
     <span class='ocr_line' id='line_1_1' title="bbox 560 451 1574 582; baseline -0.007 -31"><span class='ocrx_word' id='word_1_1' title='bbox 560 451 619 582; x_wconf 83' lang='lat'>96</span> <span class='ocrx_word' id='word_1_2' title='bbox 835 559 838 566; x_wconf 58' lang='grc'><strong>,</strong></span> <span class='ocrx_word' id='word_1_3' title='bbox 959 466 1045 550; x_wconf 79' lang='lat' dir='ltr'>ort</span> <span class='ocrx_word' id='word_1_4' title='bbox 1093 463 1303 550; x_wconf 73' lang='lat' dir='ltr'>nesus</span> <span class='ocrx_word' id='word_1_5' title='bbox 1351 457 1574 546; x_wconf 75' lang='lat' dir='ltr'>cussis</span> 
     </span>
    </p>
   </div>
   <div class='ocr_carea' id='block_1_2' title="bbox 236 615 2138 4993">
    <p class='ocr_par' dir='ltr' id='par_1_2' title="bbox 512 615 2135 918">
     <span class='ocr_line' id='line_1_2' title="bbox 512 615 2134 771; baseline -0.001 -39"><span class='ocrx_word' id='word_1_6' title='bbox 512 623 721 749; x_wconf 89' lang='lat' dir='ltr'>ciscitur,</span> <span class='ocrx_word' id='word_1_7' title='bbox 761 665 898 771; x_wconf 88' lang='lat' dir='ltr'>quem</span> <span class='ocrx_word' id='word_1_8' title='bbox 926 634 1123 766; x_wconf 87' lang='lat' dir='ltr'>Joannes</span> <span class='ocrx_word' id='word_1_9' title='bbox 1139 619 1144 628; x_wconf 72' lang='grc'><strong>’</strong></span> <span class='ocrx_word' id='word_1_10' title='bbox 1159 624 1304 726; x_wconf 88' lang='lat' dir='ltr'>Cerda</span> <span class='ocrx_word' id='word_1_11' title='bbox 1340 619 1634 759; x_wconf 88' lang='lat' dir='ltr'>Methymnae</span> <span class='ocrx_word' id='word_1_12' title='bbox 1668 615 1837 726; x_wconf 87' lang='lat' dir='ltr'>Salonis</span> <span class='ocrx_word' id='word_1_13' title='bbox 1865 633 1989 750; x_wconf 83' lang='lat' dir='ltr'>Dux,</span> <span class='ocrx_word' id='word_1_14' title='bbox 2131 735 2134 757; x_wconf 8' lang='grc' dir='ltr'>,Ν</span> 
     </span>
     <span class='ocr_line' id='line_1_3' title="bbox 512 767 2135 918; baseline -0.001 -38"><span class='ocrx_word' id='word_1_15' title='bbox 512 773 733 918; x_wconf 91' lang='lat' dir='ltr'>hujusque</span> <span class='ocrx_word' id='word_1_16' title='bbox 770 774 985 873; x_wconf 86' lang='lat' dir='ltr'>maximus</span> <span class='ocrx_word' id='word_1_17' title='bbox 1021 807 1128 874; x_wconf 90' lang='lat' dir='ltr'>natu</span> <span class='ocrx_word' id='word_1_18' title='bbox 1163 767 1276 870; x_wconf 89' lang='lat' dir='ltr'>filius</span> <span class='ocrx_word' id='word_1_19' title='bbox 1310 768 1590 898; x_wconf 87' lang='lat' dir='ltr'>Ludovicus,</span> <span class='ocrx_word' id='word_1_20' title='bbox 1627 800 1670 868; x_wconf 93' lang='lat' dir='ltr'>et</span> <span class='ocrx_word' id='word_1_21' title='bbox 1701 771 1990 878; x_wconf 86' lang='lat' dir='ltr'>Bernardinus</span> <span class='ocrx_word' id='word_1_22' title='bbox 2133 809 2135 878; x_wconf 65' lang='grc'>1</span> 
     </span>
    </p>

    <p class='ocr_par' dir='ltr' id='par_1_3' title="bbox 437 910 1988 1493">
     <span class='ocr_line' id='line_1_4' title="bbox 437 910 1987 1060; baseline -0.003 -34"><span class='ocrx_word' id='word_1_23' title='bbox 437 988 441 994; x_wconf 93' lang='grc'>-</span> <span class='ocrx_word' id='word_1_24' title='bbox 514 924 734 1026; x_wconf 87' lang='lat' dir='ltr'>Cardenas</span> <span class='ocrx_word' id='word_1_25' title='bbox 746 995 761 1038; x_wconf 99' lang='lat'>,</span> <span class='ocrx_word' id='word_1_26' title='bbox 798 916 1045 1060; x_wconf 88' lang='lat' dir='ltr'>Cogolludi</span> <span class='ocrx_word' id='word_1_27' title='bbox 1086 949 1130 1014; x_wconf 93' lang='lat' dir='ltr'>et</span> <span class='ocrx_word' id='word_1_28' title='bbox 1173 913 1318 1017; x_wconf 91' lang='lat' dir='ltr'>Elchis</span> <span class='ocrx_word' id='word_1_29' title='bbox 1352 911 1632 1017; x_wconf 89' lang='lat' dir='ltr'>Marchiones</span> <span class='ocrx_word' id='word_1_30' title='bbox 1669 910 1987 1056; x_wconf 84' lang='lat' dir='ltr'><strong>sequebantur.</strong></span> 
     </span>
     <span class='ocr_line' id='line_1_5' title="bbox 514 1056 1988 1184; baseline -0.004 -12"><span class='ocrx_word' id='word_1_31' title='bbox 514 1077 740 1172; x_wconf 86' lang='lat' dir='ltr'>Praeterea</span> <span class='ocrx_word' id='word_1_32' title='bbox 775 1056 982 1166; x_wconf 81' lang='lat' dir='ltr'>Alfonsus</span> <span class='ocrx_word' id='word_1_33' title='bbox 1019 1059 1279 1184; x_wconf 77' lang='lat' dir='ltr'>Atellanus,</span> <span class='ocrx_word' id='word_1_34' title='bbox 1315 1068 1465 1163; x_wconf 86' lang='lat' dir='ltr'>Petrus</span> <span class='ocrx_word' id='word_1_35' title='bbox 1500 1059 1759 1181; x_wconf 85' lang='lat' dir='ltr'>Mauricus,</span> <span class='ocrx_word' id='word_1_36' title='bbox 1795 1063 1988 1166; x_wconf 87' lang='lat' dir='ltr'>Roderi-</span> 
     </span>
     <span class='ocr_line' id='line_1_6' title="bbox 514 1189 1985 1348; baseline 0 -38"><span class='ocrx_word' id='word_1_37' title='bbox 514 1249 590 1312; x_wconf 88' lang='lat' dir='ltr'>cus</span> <span class='ocrx_word' id='word_1_38' title='bbox 628 1208 853 1311; x_wconf 88' lang='lat' dir='ltr'>Mendoza</span> <span class='ocrx_word' id='word_1_39' title='bbox 890 1243 933 1308; x_wconf 91' lang='lat' dir='ltr'>et</span> <span class='ocrx_word' id='word_1_40' title='bbox 968 1207 1212 1308; x_wconf 87' lang='lat' dir='ltr'>Fernandus</span> <span class='ocrx_word' id='word_1_41' title='bbox 1247 1189 1482 1310; x_wconf 78' lang='lat' dir='ltr'>Bo&#39;vadilla‘</span> <span class='ocrx_word' id='word_1_42' title='bbox 1493 1282 1510 1327; x_wconf 92' lang='lat'>,</span> <span class='ocrx_word' id='word_1_43' title='bbox 1547 1205 1803 1348; x_wconf 84' lang='lat' dir='ltr'>Aguilaris,</span> <span class='ocrx_word' id='word_1_44' title='bbox 1840 1218 1985 1310; x_wconf 87' lang='lat' dir='ltr'>Osor-</span> 
     </span>
     <span class='ocr_line' id='line_1_7' title="bbox 514 1347 1986 1493; baseline 0 -37"><span class='ocrx_word' id='word_1_45' title='bbox 514 1355 601 1475; x_wconf 92' lang='lat' dir='ltr'>ni,</span> <span class='ocrx_word' id='word_1_46' title='bbox 626 1352 800 1473; x_wconf 89' lang='lat' dir='ltr'>Castri,</span> <span class='ocrx_word' id='word_1_47' title='bbox 836 1349 1201 1493; x_wconf 83' lang='lat' dir='ltr'>Chinclmnisque</span> <span class='ocrx_word' id='word_1_48' title='bbox 1237 1352 1438 1454; x_wconf 89' lang='lat' dir='ltr'>Comites</span> <span class='ocrx_word' id='word_1_49' title='bbox 1460 1391 1473 1462; x_wconf 81' lang='lat'>3</span> <span class='ocrx_word' id='word_1_50' title='bbox 1509 1347 1620 1452; x_wconf 86' lang='lat' dir='ltr'>item</span> <span class='ocrx_word' id='word_1_51' title='bbox 1645 1349 1872 1453; x_wconf 83' lang='lat' dir='ltr'>Antonius</span> <span class='ocrx_word' id='word_1_52' title='bbox 1907 1361 1986 1456; x_wconf 79' lang='lat' dir='ltr'>Pa-</span> 
     </span>
    </p>

    <p class='ocr_par' dir='ltr' id='par_1_4' title="bbox 400 1497 1991 3375">
     <span class='ocr_line' id='line_1_8' title="bbox 511 1497 1985 1635; baseline -0.001 -34"><span class='ocrx_word' id='word_1_53' title='bbox 511 1498 619 1601; x_wconf 68' lang='lat' dir='ltr'>&#39;dille</span> <span class='ocrx_word' id='word_1_54' title='bbox 654 1497 865 1601; x_wconf 85' lang='lat' dir='ltr'>Castellae</span> <span class='ocrx_word' id='word_1_55' title='bbox 901 1503 1186 1617; x_wconf 80' lang='lat' dir='ltr'>Adclamatur,</span> <span class='ocrx_word' id='word_1_56' title='bbox 1226 1503 1423 1635; x_wconf 89' lang='lat' dir='ltr'>Joannes</span> <span class='ocrx_word' id='word_1_57' title='bbox 1458 1509 1608 1601; x_wconf 87' lang='lat' dir='ltr'>Roxas</span> <span class='ocrx_word' id='word_1_58' title='bbox 1651 1499 1868 1601; x_wconf 85' lang='lat' dir='ltr'>maximus</span> <span class='ocrx_word' id='word_1_59' title='bbox 1913 1539 1985 1603; x_wconf 86' lang='lat' dir='ltr'>na·</span> 
     </span>
     <span class='ocr_line' id='line_1_9' title="bbox 513 1637 1983 1788; baseline -0.001 -40"><span class='ocrx_word' id='word_1_60' title='bbox 513 1678 564 1748; x_wconf 88' lang='lat' dir='ltr'>tu</span> <span class='ocrx_word' id='word_1_61' title='bbox 600 1641 712 1746; x_wconf 87' lang='lat' dir='ltr'>filius</span> <span class='ocrx_word' id='word_1_62' title='bbox 749 1638 915 1783; x_wconf 88' lang='lat' dir='ltr'>Jacobi</span> <span class='ocrx_word' id='word_1_63' title='bbox 929 1719 944 1764; x_wconf 91' lang='lat'>,</span> <span class='ocrx_word' id='word_1_64' title='bbox 981 1644 1191 1785; x_wconf 90' lang='lat' dir='ltr'>quinon</span> <span class='ocrx_word' id='word_1_65' title='bbox 1226 1644 1372 1746; x_wconf 90' lang='lat' dir='ltr'>multo</span> <span class='ocrx_word' id='word_1_66' title='bbox 1414 1681 1515 1788; x_wconf 89' lang='lat' dir='ltr'>post</span> <span class='ocrx_word' id='word_1_67' title='bbox 1557 1637 1695 1744; x_wconf 91' lang='lat' dir='ltr'>factus</span> <span class='ocrx_word' id='word_1_68' title='bbox 1737 1679 1801 1745; x_wconf 91' lang='lat' dir='ltr'>est</span> <span class='ocrx_word' id='word_1_69' title='bbox 1844 1652 1983 1748; x_wconf 85' lang='lat' dir='ltr'>Pozae</span> 
     </span>
     <span class='ocr_line' id='line_1_10' title="bbox 514 1785 1986 1931; baseline 0.003 -41"><span class='ocrx_word' id='word_1_70' title='bbox 514 1787 756 1910; x_wconf 84' lang='lat' dir='ltr'>Marchio,</span> <span class='ocrx_word' id='word_1_71' title='bbox 792 1789 884 1891; x_wconf 90' lang='lat' dir='ltr'>duo</span> <span class='ocrx_word' id='word_1_72' title='bbox 920 1826 1102 1929; x_wconf 91' lang='lat' dir='ltr'>quoque</span> <span class='ocrx_word' id='word_1_73' title='bbox 1145 1785 1228 1888; x_wconf 91' lang='lat' dir='ltr'>lilii</span> <span class='ocrx_word' id='word_1_74' title='bbox 1269 1789 1404 1931; x_wconf 89' lang='lat' dir='ltr'>ipsius</span> <span class='ocrx_word' id='word_1_75' title='bbox 1448 1787 1795 1910; x_wconf 89' lang='lat' dir='ltr'>Comestabilis,</span> <span class='ocrx_word' id='word_1_76' title='bbox 1841 1793 1986 1926; x_wconf 86' lang='lat' dir='ltr'>Joan·</span> 
     </span>
     <span class='ocr_line' id='line_1_11' title="bbox 515 1933 1986 2078; baseline -0.002 -42"><span class='ocrx_word' id='word_1_77' title='bbox 515 1971 591 2036; x_wconf 88' lang='lat' dir='ltr'>nes</span> <span class='ocrx_word' id='word_1_78' title='bbox 618 1939 770 2034; x_wconf 85' lang='lat' dir='ltr'>Tovar</span> <span class='ocrx_word' id='word_1_79' title='bbox 807 1967 851 2034; x_wconf 89' lang='lat' dir='ltr'>et</span> <span class='ocrx_word' id='word_1_80' title='bbox 885 1934 1173 2037; x_wconf 88' lang='lat' dir='ltr'>Bernardinus</span> <span class='ocrx_word' id='word_1_81' title='bbox 1202 1935 1434 2037; x_wconf 87' lang='lat' dir='ltr'>Velascus.</span> <span class='ocrx_word' id='word_1_82' title='bbox 1471 1948 1593 2039; x_wconf 88' lang='lat' dir='ltr'>Cum</span> <span class='ocrx_word' id='word_1_83' title='bbox 1617 1933 1684 2036; x_wconf 92' lang='lat' dir='ltr'>his</span> <span class='ocrx_word' id='word_1_84' title='bbox 1713 1934 1852 2076; x_wconf 88' lang='lat' dir='ltr'>igitur</span> <span class='ocrx_word' id='word_1_85' title='bbox 1880 1972 1986 2078; x_wconf 81' lang='lat' dir='ltr'>pro-</span> 
     </span>
     <span class='ocr_line' id='line_1_12' title="bbox 516 2071 1988 2202; baseline 0.001 -24"><span class='ocrx_word' id='word_1_86' title='bbox 516 2071 656 2179; x_wconf 89' lang='lat' dir='ltr'>fectus</span> <span class='ocrx_word' id='word_1_87' title='bbox 682 2075 1026 2199; x_wconf 85' lang='lat' dir='ltr'>Comestabilis,</span> <span class='ocrx_word' id='word_1_88' title='bbox 1062 2119 1113 2178; x_wconf 85' lang='lat' dir='ltr'>ex</span> <span class='ocrx_word' id='word_1_89' title='bbox 1141 2078 1295 2182; x_wconf 87' lang='lat' dir='ltr'>itinere</span> <span class='ocrx_word' id='word_1_90' title='bbox 1323 2085 1582 2202; x_wconf 66' lang='lat' dir='ltr'>ssezenillum</span> <span class='ocrx_word' id='word_1_91' title='bbox 1622 2079 1883 2202; x_wconf 83' lang='lat' dir='ltr'>castellum,</span> <span class='ocrx_word' id='word_1_92' title='bbox 1917 2079 1988 2181; x_wconf 88' lang='lat' dir='ltr'>cui</span> 
     </span>
     <span class='ocr_line' id='line_1_13' title="bbox 519 2220 1989 2368; baseline 0.001 -43"><span class='ocrx_word' id='word_1_93' title='bbox 519 2223 781 2325; x_wconf 85' lang='lat' dir='ltr'>Laurentius</span> <span class='ocrx_word' id='word_1_94' title='bbox 816 2225 1029 2366; x_wconf 85' lang='lat' dir='ltr'>Figueroa</span> <span class='ocrx_word' id='word_1_95' title='bbox 1065 2223 1202 2325; x_wconf 90' lang='lat' dir='ltr'>Ducis</span> <span class='ocrx_word' id='word_1_96' title='bbox 1240 2225 1479 2368; x_wconf 85' lang='lat' dir='ltr'>Arquensis</span> <span class='ocrx_word' id='word_1_97' title='bbox 1516 2220 1651 2330; x_wconf 86' lang='lat' dir='ltr'>frater</span> <span class='ocrx_word' id='word_1_98' title='bbox 1687 2227 1863 2327; x_wconf 90' lang='lat' dir='ltr'>studens</span> <span class='ocrx_word' id='word_1_99' title='bbox 1899 2263 1989 2367; x_wconf 89' lang='lat' dir='ltr'>par·</span> 
     </span>
     <span class='ocr_line' id='line_1_14' title="bbox 520 2359 1989 2518; baseline 0.005 -51"><span class='ocrx_word' id='word_1_100' title='bbox 520 2363 638 2468; x_wconf 90' lang='lat' dir='ltr'>tibus</span> <span class='ocrx_word' id='word_1_101' title='bbox 674 2369 958 2513; x_wconf 90' lang='lat' dir='ltr'>popularium</span> <span class='ocrx_word' id='word_1_102' title='bbox 995 2406 1223 2511; x_wconf 84' lang='lat' dir='ltr'>praeerat,</span> <span class='ocrx_word' id='word_1_103' title='bbox 1260 2359 1559 2516; x_wconf 83' lang='lat' dir='ltr'>expugnavit,</span> <span class='ocrx_word' id='word_1_104' title='bbox 1596 2372 1785 2518; x_wconf 90' lang='lat' dir='ltr'>ipsoque</span> <span class='ocrx_word' id='word_1_105' title='bbox 1807 2381 1989 2474; x_wconf 89' lang='lat' dir='ltr'>Lauren·</span> 
     </span>
     <span class='ocr_line' id='line_1_15' title="bbox 400 2511 1991 2655; baseline 0.003 -42"><span class='ocrx_word' id='word_1_106' title='bbox 400 2547 404 2553; x_wconf 83' lang='grc'>’</span> <span class='ocrx_word' id='word_1_107' title='bbox 520 2511 589 2614; x_wconf 91' lang='lat' dir='ltr'>tio</span> <span class='ocrx_word' id='word_1_108' title='bbox 624 2552 794 2655; x_wconf 87' lang='lat' dir='ltr'>capto,</span> <span class='ocrx_word' id='word_1_109' title='bbox 830 2513 1132 2654; x_wconf 86' lang='lat' dir='ltr'>Pegnaflorem</span> <span class='ocrx_word' id='word_1_110' title='bbox 1167 2525 1472 2621; x_wconf 87' lang='lat' dir='ltr'>Vaccaeorum</span> <span class='ocrx_word' id='word_1_111' title='bbox 1508 2519 1728 2620; x_wconf 87' lang='lat' dir='ltr'>castellum</span> <span class='ocrx_word' id='word_1_112' title='bbox 1761 2555 1855 2618; x_wconf 90' lang='lat' dir='ltr'>non</span> <span class='ocrx_word' id='word_1_113' title='bbox 1892 2515 1991 2617; x_wconf 83' lang='lat' dir='ltr'>lon·-</span> 
     </span>
     <span class='ocr_line' id='line_1_16' title="bbox 520 2652 1989 2805; baseline 0.004 -51"><span class='ocrx_word' id='word_1_114' title='bbox 520 2694 578 2798; x_wconf 85' lang='lat' dir='ltr'>ge</span> <span class='ocrx_word' id='word_1_115' title='bbox 619 2698 646 2754; x_wconf 91' lang='lat' dir='ltr'>a</span> <span class='ocrx_word' id='word_1_116' title='bbox 688 2652 1039 2779; x_wconf 89' lang='lat' dir='ltr'>Torlobatone,</span> <span class='ocrx_word' id='word_1_117' title='bbox 1086 2660 1518 2805; x_wconf 87' lang='lat' dir='ltr'>adversariommque</span> <span class='ocrx_word' id='word_1_118' title='bbox 1565 2661 1712 2764; x_wconf 87' lang='lat' dir='ltr'>castris</span> <span class='ocrx_word' id='word_1_119' title='bbox 1757 2657 1989 2803; x_wconf 85' lang='lat' dir='ltr'>pervenit,</span> 
     </span>
     <span class='ocr_line' id='line_1_17' title="bbox 503 2796 1988 2949; baseline 0.004 -49"><span class='ocrx_word' id='word_1_120' title='bbox 503 2836 656 2940; x_wconf 67' lang='lat' dir='ltr'>⁵atque</span> <span class='ocrx_word' id='word_1_121' title='bbox 704 2796 772 2901; x_wconf 93' lang='lat' dir='ltr'>ibi</span> <span class='ocrx_word' id='word_1_122' title='bbox 818 2801 1046 2904; x_wconf 89' lang='lat' dir='ltr'>consedit.</span> <span class='ocrx_word' id='word_1_123' title='bbox 1076 2819 1173 2924; x_wconf 86' lang='lat' dir='ltr'>¹Dc</span> <span class='ocrx_word' id='word_1_124' title='bbox 1221 2819 1349 2942; x_wconf 90' lang='lat' dir='ltr'>cujus</span> <span class='ocrx_word' id='word_1_125' title='bbox 1401 2817 1596 2913; x_wconf 86' lang='lat' dir='ltr'>adventu</span> <span class='ocrx_word' id='word_1_126' title='bbox 1653 2807 1789 2908; x_wconf 90' lang='lat' dir='ltr'>cereri</span> <span class='ocrx_word' id='word_1_127' title='bbox 1843 2804 1988 2949; x_wconf 84' lang='lat' dir='ltr'>Regni</span> 
     </span>
     <span class='ocr_line' id='line_1_18' title="bbox 517 2943 1989 3096; baseline 0.005 -54"><span class='ocrx_word' id='word_1_128' title='bbox 517 2943 734 3087; x_wconf 80' lang='lat' dir='ltr'>praesides</span> <span class='ocrx_word' id='word_1_129' title='bbox 769 2985 820 3046; x_wconf 87' lang='lat' dir='ltr'>ae</span> <span class='ocrx_word' id='word_1_130' title='bbox 856 2985 1059 3089; x_wconf 88' lang='lat' dir='ltr'>proceres</span> <span class='ocrx_word' id='word_1_131' title='bbox 1095 2951 1297 3056; x_wconf 86' lang='lat' dir='ltr'>certiores</span> <span class='ocrx_word' id='word_1_132' title='bbox 1336 2950 1479 3076; x_wconf 88' lang='lat' dir='ltr'>facti,</span> <span class='ocrx_word' id='word_1_133' title='bbox 1524 2949 1750 3096; x_wconf 89' lang='lat' dir='ltr'>equitibus</span> <span class='ocrx_word' id='word_1_134' title='bbox 1787 2990 1842 3052; x_wconf 85' lang='lat' dir='ltr'>ex</span> <span class='ocrx_word' id='word_1_135' title='bbox 1884 2958 1989 3050; x_wconf 89' lang='lat' dir='ltr'>Por-</span> 
     </span>
     <span class='ocr_line' id='line_1_19' title="bbox 519 3087 1989 3235; baseline 0.004 -46"><span class='ocrx_word' id='word_1_136' title='bbox 519 3087 603 3190; x_wconf 90' lang='lat' dir='ltr'>tilli</span> <span class='ocrx_word' id='word_1_137' title='bbox 625 3090 788 3192; x_wconf 89' lang='lat' dir='ltr'>castelli</span> <span class='ocrx_word' id='word_1_138' title='bbox 817 3094 1037 3235; x_wconf 88' lang='lat' dir='ltr'>praesidio</span> <span class='ocrx_word' id='word_1_139' title='bbox 1069 3097 1291 3222; x_wconf 88' lang='lat' dir='ltr'>deductis,</span> <span class='ocrx_word' id='word_1_140' title='bbox 1320 3136 1364 3212; x_wconf 89' lang='lat' dir='ltr'>et</span> <span class='ocrx_word' id='word_1_141' title='bbox 1400 3099 1461 3201; x_wconf 91' lang='lat' dir='ltr'>ad</span> <span class='ocrx_word' id='word_1_142' title='bbox 1486 3097 1696 3199; x_wconf 88' lang='lat' dir='ltr'>Torsillas</span> <span class='ocrx_word' id='word_1_143' title='bbox 1708 3175 1723 3218; x_wconf 99' lang='lat'>,</span> <span class='ocrx_word' id='word_1_144' title='bbox 1750 3093 1989 3235; x_wconf 86' lang='lat' dir='ltr'>Reginam-</span> 
     </span>
     <span class='ocr_line' id='line_1_20' title="bbox 519 3235 1989 3375; baseline 0.004 -43"><span class='ocrx_word' id='word_1_145' title='bbox 519 3273 610 3375; x_wconf 88' lang='lat' dir='ltr'>que</span> <span class='ocrx_word' id='word_1_146' title='bbox 651 3236 884 3340; x_wconf 85' lang='lat' dir='ltr'>Hadriano</span> <span class='ocrx_word' id='word_1_147' title='bbox 932 3237 1162 3343; x_wconf 85' lang='lat' dir='ltr'>Cardinale</span> <span class='ocrx_word' id='word_1_148' title='bbox 1206 3282 1249 3344; x_wconf 89' lang='lat' dir='ltr'>et</span> <span class='ocrx_word' id='word_1_149' title='bbox 1293 3243 1520 3348; x_wconf 87' lang='lat' dir='ltr'>Bernardo·</span> <span class='ocrx_word' id='word_1_150' title='bbox 1565 3240 1717 3344; x_wconf 85' lang='lat' dir='ltr'>Dianii</span> <span class='ocrx_word' id='word_1_151' title='bbox 1766 3235 1989 3341; x_wconf 53' lang='lat' dir='ltr'>Marcltio*</span> 
     </span>
    </p>

    <p class='ocr_par' dir='ltr' id='par_1_5' title="bbox 437 3379 2138 4652">
     <span class='ocr_line' id='line_1_21' title="bbox 437 3379 2138 3530; baseline 0.004 -52"><span class='ocrx_word' id='word_1_152' title='bbox 437 3449 438 3452; x_wconf 17' lang='grc' dir='ltr'><strong><em>κ</em></strong></span> <span class='ocrx_word' id='word_1_153' title='bbox 522 3416 579 3479; x_wconf 87' lang='lat' dir='ltr'>ne</span> <span class='ocrx_word' id='word_1_154' title='bbox 621 3416 665 3480; x_wconf 88' lang='lat' dir='ltr'>et</span> <span class='ocrx_word' id='word_1_155' title='bbox 715 3379 896 3522; x_wconf 88' lang='lat' dir='ltr'>Jacobo</span> <span class='ocrx_word' id='word_1_156' title='bbox 944 3395 1119 3507; x_wconf 86' lang='lat' dir='ltr'>Roxa,</span> <span class='ocrx_word' id='word_1_157' title='bbox 1163 3387 1246 3529; x_wconf 91' lang='lat' dir='ltr'>qui</span> <span class='ocrx_word' id='word_1_158' title='bbox 1292 3386 1482 3489; x_wconf 88' lang='lat' dir='ltr'>Pueblae</span> <span class='ocrx_word' id='word_1_159' title='bbox 1524 3384 1840 3530; x_wconf 84' lang='lat' dir='ltr'>imperitabat,</span> <span class='ocrx_word' id='word_1_160' title='bbox 1888 3421 1990 3484; x_wconf 91' lang='lat' dir='ltr'>cum</span> <span class='ocrx_word' id='word_1_161' title='bbox 2137 3449 2138 3460; x_wconf 33' lang='lat' dir='ltr'>t</span> 
     </span>
     <span class='ocr_line' id='line_1_22' title="bbox 521 3525 1989 3675; baseline 0.005 -53"><span class='ocrx_word' id='word_1_162' title='bbox 521 3525 744 3666; x_wconf 88' lang='lat' dir='ltr'>praesidio</span> <span class='ocrx_word' id='word_1_163' title='bbox 778 3525 971 3649; x_wconf 90' lang='lat' dir='ltr'>relictis,</span> <span class='ocrx_word' id='word_1_164' title='bbox 1006 3528 1093 3673; x_wconf 90' lang='lat' dir='ltr'>ipsi</span> <span class='ocrx_word' id='word_1_165' title='bbox 1126 3571 1232 3634; x_wconf 87' lang='lat' dir='ltr'>cum</span> <span class='ocrx_word' id='word_1_166' title='bbox 1267 3568 1415 3634; x_wconf 88' lang='lat' dir='ltr'>cetero</span> <span class='ocrx_word' id='word_1_167' title='bbox 1453 3533 1655 3675; x_wconf 91' lang='lat' dir='ltr'>equitatu</span> <span class='ocrx_word' id='word_1_168' title='bbox 1685 3538 1745 3631; x_wconf 87' lang='lat' dir='ltr'>Pe</span> <span class='ocrx_word' id='word_1_169' title='bbox 1778 3528 1989 3630; x_wconf 88' lang='lat' dir='ltr'>nallorem</span> 
     </span>
     <span class='ocr_line' id='line_1_23' title="bbox 521 3569 1986 3818; baseline 0.003 -49"><span class='ocrx_word' id='word_1_170' title='bbox 521 3667 894 3812; x_wconf 87' lang='lat' dir='ltr'>proficiscuntur,</span> <span class='ocrx_word' id='word_1_171' title='bbox 930 3713 1063 3818; x_wconf 88' lang='lat' dir='ltr'>seque</span> <span class='ocrx_word' id='word_1_172' title='bbox 1100 3678 1260 3780; x_wconf 91' lang='lat' dir='ltr'>eodem</span> <span class='ocrx_word' id='word_1_173' title='bbox 1295 3677 1367 3779; x_wconf 91' lang='lat' dir='ltr'>die</span> <span class='ocrx_word' id='word_1_174' title='bbox 1404 3717 1509 3780; x_wconf 90' lang='lat' dir='ltr'>cum</span> <span class='ocrx_word' id='word_1_175' title='bbox 1545 3569 1840 3780; x_wconf 61' lang='lat' dir='ltr'>Comestaiaili</span> <span class='ocrx_word' id='word_1_176' title='bbox 1876 3713 1986 3776; x_wconf 78' lang='lat' dir='ltr'>con·</span> 
     </span>
     <span class='ocr_line' id='line_1_24' title="bbox 523 3817 1990 3966; baseline 0 -48"><span class='ocrx_word' id='word_1_177' title='bbox 523 3828 743 3960; x_wconf 81' lang='lat' dir='ltr'>jungunt.</span> <span class='ocrx_word' id='word_1_178' title='bbox 780 3818 891 3919; x_wconf 88' lang='lat' dir='ltr'>Inita</span> <span class='ocrx_word' id='word_1_179' title='bbox 913 3820 1126 3960; x_wconf 89' lang='lat' dir='ltr'>postridie</span> <span class='ocrx_word' id='word_1_180' title='bbox 1153 3823 1384 3966; x_wconf 88' lang='lat' dir='ltr'>copiarum</span> <span class='ocrx_word' id='word_1_181' title='bbox 1412 3823 1617 3942; x_wconf 89' lang='lat' dir='ltr'>ratione,</span> <span class='ocrx_word' id='word_1_182' title='bbox 1648 3821 1850 3964; x_wconf 87' lang='lat' dir='ltr'>peditum</span> <span class='ocrx_word' id='word_1_183' title='bbox 1875 3817 1990 3919; x_wconf 90' lang='lat' dir='ltr'>haud</span> 
     </span>
     <span class='ocr_line' id='line_1_25' title="bbox 523 3961 1988 4112; baseline -0.001 -46"><span class='ocrx_word' id='word_1_184' title='bbox 523 3963 713 4103; x_wconf 87' lang='lat' dir='ltr'>amplius</span> <span class='ocrx_word' id='word_1_185' title='bbox 747 3961 830 4064; x_wconf 85' lang='lat' dir='ltr'>tria</span> <span class='ocrx_word' id='word_1_186' title='bbox 864 3963 1001 4066; x_wconf 87' lang='lat' dir='ltr'>millia</span> <span class='ocrx_word' id='word_1_187' title='bbox 1035 4003 1233 4112; x_wconf 89' lang='lat' dir='ltr'>reperta,</span> <span class='ocrx_word' id='word_1_188' title='bbox 1272 3966 1442 4109; x_wconf 90' lang='lat' dir='ltr'>equites</span> <span class='ocrx_word' id='word_1_189' title='bbox 1473 3967 1661 4070; x_wconf 91' lang='lat' dir='ltr'>omnino</span> <span class='ocrx_word' id='word_1_190' title='bbox 1697 3965 1817 4066; x_wconf 91' lang='lat' dir='ltr'>mille</span> <span class='ocrx_word' id='word_1_191' title='bbox 1846 3965 1988 4065; x_wconf 88' lang='lat' dir='ltr'>octin-</span> 
     </span>
     <span class='ocr_line' id='line_1_26' title="bbox 522 4104 1990 4255; baseline -0.001 -45"><span class='ocrx_word' id='word_1_192' title='bbox 522 4107 675 4255; x_wconf 87' lang='lat' dir='ltr'>genti:</span> <span class='ocrx_word' id='word_1_193' title='bbox 703 4147 807 4210; x_wconf 89' lang='lat' dir='ltr'>nam</span> <span class='ocrx_word' id='word_1_194' title='bbox 837 4105 957 4213; x_wconf 87' lang='lat' dir='ltr'>bona</span> <span class='ocrx_word' id='word_1_195' title='bbox 992 4151 1088 4255; x_wconf 91' lang='lat' dir='ltr'>pars</span> <span class='ocrx_word' id='word_1_196' title='bbox 1125 4113 1343 4255; x_wconf 87' lang='lat' dir='ltr'>equitatus</span> <span class='ocrx_word' id='word_1_197' title='bbox 1373 4119 1427 4215; x_wconf 86' lang='lat' dir='ltr'>ad</span> <span class='ocrx_word' id='word_1_198' title='bbox 1453 4127 1685 4251; x_wconf 88' lang='lat' dir='ltr'>Symancas</span> <span class='ocrx_word' id='word_1_199' title='bbox 1715 4107 1861 4212; x_wconf 89' lang='lat' dir='ltr'>relicta</span> <span class='ocrx_word' id='word_1_200' title='bbox 1896 4104 1990 4210; x_wconf 87' lang='lat' dir='ltr'>fue-</span> 
     </span>
     <span class='ocr_line' id='line_1_27' title="bbox 524 4243 1989 4403; baseline -0.005 -45"><span class='ocrx_word' id='word_1_201' title='bbox 524 4291 624 4377; x_wconf 87' lang='lat' dir='ltr'>rat,</span> <span class='ocrx_word' id='word_1_202' title='bbox 661 4291 794 4358; x_wconf 90' lang='lat' dir='ltr'>uteo</span> <span class='ocrx_word' id='word_1_203' title='bbox 825 4257 1042 4399; x_wconf 89' lang='lat' dir='ltr'>praesidio</span> <span class='ocrx_word' id='word_1_204' title='bbox 1070 4243 1233 4364; x_wconf 83' lang='lat' dir='ltr'>Comes</span> <span class='ocrx_word' id='word_1_205' title='bbox 1260 4257 1430 4403; x_wconf 86' lang='lat' dir='ltr'>Ognati</span> <span class='ocrx_word' id='word_1_206' title='bbox 1465 4296 1559 4359; x_wconf 94' lang='lat' dir='ltr'>non</span> <span class='ocrx_word' id='word_1_207' title='bbox 1594 4256 1736 4358; x_wconf 89' lang='lat' dir='ltr'>modo</span> <span class='ocrx_word' id='word_1_208' title='bbox 1771 4254 1989 4354; x_wconf 90' lang='lat' dir='ltr'>castellum</span> 
     </span>
     <span class='ocr_line' id='line_1_28' title="bbox 525 4391 1992 4548; baseline -0.006 -44"><span class='ocrx_word' id='word_1_209' title='bbox 525 4397 574 4504; x_wconf 93' lang='lat' dir='ltr'>id</span> <span class='ocrx_word' id='word_1_210' title='bbox 609 4404 665 4504; x_wconf 91' lang='lat' dir='ltr'>ad</span> <span class='ocrx_word' id='word_1_211' title='bbox 701 4400 868 4502; x_wconf 89' lang='lat' dir='ltr'>bellum</span> <span class='ocrx_word' id='word_1_212' title='bbox 903 4391 1146 4546; x_wconf 84' lang='lat' dir='ltr'>gerendum</span> <span class='ocrx_word' id='word_1_213' title='bbox 1182 4441 1568 4548; x_wconf 88' lang='lat' dir='ltr'>peropportunum</span> <span class='ocrx_word' id='word_1_214' title='bbox 1604 4399 1877 4519; x_wconf 86' lang='lat' dir='ltr'>custodiret,</span> <span class='ocrx_word' id='word_1_215' title='bbox 1915 4395 1992 4496; x_wconf 89' lang='lat' dir='ltr'>sed</span> 
     </span>
     <span class='ocr_line' id='line_1_29' title="bbox 523 4544 1380 4652; baseline -0.007 0"><span class='ocrx_word' id='word_1_216' title='bbox 523 4544 895 4652; x_wconf 75' lang='lat' dir='ltr'>‚Valdolirensibus</span> <span class='ocrx_word' id='word_1_217' title='bbox 932 4550 1067 4646; x_wconf 92' lang='lat' dir='ltr'>etiam</span> <span class='ocrx_word' id='word_1_218' title='bbox 1102 4549 1380 4648; x_wconf 89' lang='lat' dir='ltr'>immineret.</span> 
     </span>
    </p>

    <p class='ocr_par' dir='ltr' id='par_1_6' title="bbox 236 4685 1995 4993">
     <span class='ocr_line' id='line_1_30' title="bbox 616 4685 1993 4834; baseline -0.007 -43"><span class='ocrx_word' id='word_1_219' title='bbox 616 4701 770 4794; x_wconf 89' lang='lat' dir='ltr'><strong>XXV.</strong></span> <span class='ocrx_word' id='word_1_220' title='bbox 861 4691 1017 4792; x_wconf 91' lang='lat' dir='ltr'>Tertio</span> <span class='ocrx_word' id='word_1_221' title='bbox 1058 4687 1169 4812; x_wconf 87' lang='lat' dir='ltr'>die,</span> <span class='ocrx_word' id='word_1_222' title='bbox 1212 4689 1292 4834; x_wconf 90' lang='lat' dir='ltr'>qui</span> <span class='ocrx_word' id='word_1_223' title='bbox 1335 4685 1422 4793; x_wconf 85' lang='lat' dir='ltr'>fuit</span> <span class='ocrx_word' id='word_1_224' title='bbox 1464 4693 1522 4795; x_wconf 89' lang='lat' dir='ltr'>ad</span> <span class='ocrx_word' id='word_1_225' title='bbox 1567 4699 1751 4796; x_wconf 85' lang='lat' dir='ltr'>nonum</span> <span class='ocrx_word' id='word_1_226' title='bbox 1780 4685 1993 4792; x_wconf 81' lang='lat' dir='ltr'>Kalendas</span> 
     </span>
     <span class='ocr_line' id='line_1_31' title="bbox 236 4833 1995 4993; baseline -0.002 -57"><span class='ocrx_word' id='word_1_227' title='bbox 236 4867 340 4938; x_wconf 67' lang='lat' dir='ltr'>Amo</span> <span class='ocrx_word' id='word_1_228' title='bbox 357 4883 514 4937; x_wconf 68' lang='lat' dir='ltr'>nam.</span> <span class='ocrx_word' id='word_1_229' title='bbox 528 4835 679 4958; x_wconf 90' lang='lat' dir='ltr'>Maii,</span> <span class='ocrx_word' id='word_1_230' title='bbox 716 4877 835 4941; x_wconf 88' lang='lat' dir='ltr'>anno</span> <span class='ocrx_word' id='word_1_231' title='bbox 879 4836 1048 4943; x_wconf 81' lang='lat' dir='ltr'>Christi</span> <span class='ocrx_word' id='word_1_232' title='bbox 1091 4834 1327 4942; x_wconf 89' lang='lat' dir='ltr'>millesimo</span> <span class='ocrx_word' id='word_1_233' title='bbox 1374 4835 1733 4984; x_wconf 87' lang='lat' dir='ltr'>quingentesimo</span> <span class='ocrx_word' id='word_1_234' title='bbox 1777 4833 1995 4993; x_wconf 80' lang='lat' dir='ltr'>vigesimo</span> 
     </span>
    </p>
   </div>
   <div class='ocr_carea' id='block_1_3' title="bbox 1905 5013 1998 5120">
    <p class='ocr_par' dir='ltr' id='par_1_7' title="bbox 1905 5013 1998 5120">
     <span class='ocr_line' id='line_1_32' title="bbox 1905 5013 1998 5120; baseline 0 -44"><span class='ocrx_word' id='word_1_235' title='bbox 1905 5013 1998 5120; x_wconf 78' lang='grc' dir='ltr'>ΡΠ·</span> 
     </span>
    </p>
   </div>
   <div class='ocr_carea' id='block_1_4' title="bbox 0 0 2166 5984">
    <p class='ocr_par' dir='ltr' id='par_1_8' title="bbox 0 0 2166 5984">
     <span class='ocr_line' id='line_1_33' title="bbox 0 0 2166 5984; baseline 0 0"><span class='ocrx_word' id='word_1_236' title='bbox 0 0 2166 5984; x_wconf 95' lang='lat' dir='ltr'> </span> 
     </span>
    </p>
   </div>
  </div>
 </body>
</html>
