4292 5984
623 397 1126 477 SUMMARIUM·
1468 409 1594 480 XLIII.

134 529 236 619 'dum
257 526 334 646 ipse
363 520 449 614 illuc
481 525 686 612 exercitum
724 527 852 614 rradu·
905 555 968 611 rus
999 523 1153 641 propius
1184 515 1330 613 accedit
1345 517 1410 634 ,et
1436 559 1619 652 magnum

136 650 211 738 cit..
243 648 436 762 ulnripolis
457 646 507 731 ab
529 645 594 732 illis
625 646 817 762 recipitur.
904 644 1005 733 vitae
1030 642 1237 760 periculum
1257 639 1363 735 'subit
1385 653 1476 754 3sed
1507 684 1620 744 cona·

193 769 360 856 XXVII.
421 766 571 851 Eodem
612 761 731 852 ferme
764 791 854 851 tem·
906 791 991 850 rum
1015 765 1219 850 Massiliam
1257 773 1507 888 oppugnandi
1546 772 1620 864 fru-

136 917 233 1006 pore
285 886 472 971 Henricus
518 890 683 971 Nassaus
727 881 855 970 Caroli
907 909 983 970 stra
1015 879 1097 969 lore
1122 885 1282 999 judicat.

137 1005 354 1124 jussucum
380 1005 454 1090 alio
480 1003 645 1090 exercitu
685 1031 751 1120 pet
776 1002 857 1090 Bel·
954 1005 1133 1088 XXXIII.
1195 1005 1404 1092 Franciscus
1420 1012 1503 1102 Rex
1518 1043 1624 1130 prae.

138 1126 247 1244 gram
272 1124 430 1210 inducto
458 1121 663 1208 Gallorum
706 1123 856 1238 provin·
907 1147 969 1208 ter
993 1120 1194 1209 Gallorum
1217 1153 1366 1210 morem
1396 1125 1514 1216 lentis·
1530 1163 1621 1221 con·

138 1246 214 1332 cias
238 1243 356 1361 longe
388 1242 539 1358 lateque
570 1266 713 1328 vastat.
767 1243 861 1328 Cae·
910 1240 989 1326 siliis
1020 1242 1076 1328 uti
1101 1243 1363 1350 constituens,
1386 1269 1488 1334 trans
1523 1254 1624 1342 Rhoi

139 1394 225 1468 aar,
251 1363 431 1449 Gutierro
450 1407 454 1418 ·
475 1357 614 1447 Padilla‘
641 1360 693 1446 ad
726 1363 859 1478 Augu·
911 1361 1056 1447 danum
1076 1389 1119 1448 se
1133 1362 1329 1481 diligenter
1344 1392 1433 1452 cum
1460 1371 1533 1458 suis
1562 1399 1627 1462 co·-

138 1508 221 1570 stae
253 1479 489 1569 obsidionem
523 1478 768 1596 premendam
802 1507 858 1565 rc·
910 1479 976 1593 piis
1005 1481 1195 1568 continet.
1520 1531 1524 1538 ⁴
1615 1511 1620 1522 ·

140 1602 233 1690 licto
248 1664 261 1710 ,
278 1600 319 1687 in
349 1599 512 1685 Galliam
544 1598 758 1686 ulteriorem
793 1625 861 1714 per
989 1600 1174 1685 XXXIV.
1242 1603 1441 1694 Gutierrus
1484 1611 1629 1701 Padilla

142 1722 263 1836 Alpes
299 1747 390 1805 cum
429 1717 544 1835 copiis
589 1715 860 1832 proficiscitur,
912 1721 1108 1836 Augustae
1151 1722 1408 1810 Taurinorum
1457 1728 1629 1818 obsidio·
1702 1828 1703 1831 Ν

144 1841 328 1952 adjuncto
353 1838 422 1926 sibi
450 1863 541 1925 cum
574 1835 656 1956 pari
701 1835 862 1925 auctori-
912 1863 1001 1922 nem
1028 1866 1166 1956 urgens
1180 1863 1272 1925 cum
1291 1843 1502 1962 Melignani
1520 1851 1626 1937 Marss

144 1983 226 2046 tate
253 1957 389 2046 Leiva.
912 1955 1050 2042 chione
1079 1957 1230 2078 consilia
1257 1958 1389 2046 omnia
1419 1971 1628 2056 communi·

221 2079 403 2164 XXVIII.
476 2079 657 2162 Sanctum
700 2081 869 2160 lauren-
913 2098 995 2160 cat.
1035 2077 1194 2162 Marcus
1224 2080 1415 2167 Antonius
1439 2086 1632 2176 Cussanus

146 2197 244 2283 tium
268 2193 443 2313 pervenit
472 2193 513 2277 in
543 2192 745 2279 Gallorum
779 2191 860 2278 fini-
914 2220 962 2278 cx
977 2195 1152 2312 Augusta
1176 2196 1229 2281 ad
1258 2201 1487 2289 tentandum
1503 2209 1631 2296 Savia·

146 2316 250 2420 bus,
275 2339 315 2399 et
342 2308 550 2422 coniunctis
582 2310 696 2427 copiis
725 2311 776 2396 ad
796 2316 870 2398 Fo-
916 2339 1010 2396 num
1041 2312 1270 2430 digreditur.
1517 2371 1523 2384 ·

145 2461 238 2520 rum
263 2429 352 2546 Juli
383 2427 573 2545 procedit.
604 2429 766 2518 Alvarus
795 2435 868 2517 Ba·
978 2432 1147 2516 XXXV.
1210 2433 1446 2521 Marchionis
1482 2462 1522 2525 et
1552 2445 1634 2529 Gu'·

148 2545 286 2637 zanus'
315 2548 445 2637 omnia
500 2547 643 2663 oppida
689 2546 870 2666 vicosque
915 2547 1016 2632 tierri
1046 2549 1241 2637 dissensio.
1291 2553 1493 2641 Gutierrus
1534 2589 1637 2649 exer·

150 2669 356 2756 maritimos
403 2665 774 2785 Manlianaque
826 2668 869 2755 in
915 2666 1034 2753 cirum
1069 2669 1232 2756 multum
1274 2670 1396 2756 minui
1429 2673 1534 2764 haud
1576 2703 1637 2768 tu·

151 2785 260 2875 suam
289 2809 517 2904 potestatem
559 2785 715 2904 redigit.
762 2790 869 2874 Tau·
916 2809 1001 2873 tum
1038 2815 1116 2874 esse
1149 2788 1342 2902 judicans,
1373 2791 1412 2878 in
1454 2801 1638 2888 sententia

152 2909 267 2994 tentis
291 2933 360 2991 arx
380 2905 596 3013 munrata,
619 2905 723 3018 cujrrs
754 2906 870 2993 consi·
918 2931 1145 3021 permanet,
1175 2929 1214 2993 et
1244 2908 1497 3029 Schalengum
1531 2937 1637 3032 prae·-

153 3022 193 3109 lii
223 3047 441 3112 auctorest
474 3024 617 3110 Doria.
658 3024 867 3139 Copiarum
917 3020 1061 3110 fectum
1086 3025 1291 3113 Savianum
1322 3028 1502 3118 adversus
1532 3037 1638 3124 Mar·

152 3137 442 3260 proced'entium
468 3143 589 3229 ordo.
920 3169 1010 3228 cum
1041 3144 1256 3229 Antonium
1281 3145 1417 3234 mittit.

213 3263 362 3350 XXIX.
420 3267 484 3348 Ex
506 3265 607 3349 Foro
622 3259 710 3375 Julii
730 3265 870 3350 Caesar
979 3261 1165 3347 XXXVI.
1223 3262 1452 3384 Schalengus
1491 3266 1633 3408 sagien.

155 3381 437 3499 AquasSextias
451 3409 581 3469 versus
594 3407 737 3468 movet.
755 3383 872 3469 Mon·
919 3405 979 3466 tes
1003 3380 1132 3468 hostes
1157 3405 1197 3468 et
1225 3383 1278 3468 de·
1309 3385 1372 3471 via
1398 3383 1512 3475 fessos
1542 3422 1636 3479 rnse·
1741 3443 1746 3450 ·

156 3499 292 3616 rijanus
316 3501 517 3587 Gallorum
533 3495 869 3615 praefectusaFer·
920 3523 1061 3586 ctanar.
1109 3503 1268 3587 Marcus¹
1295 3507 1487 3593 Antonius
1524 3510 1637 3624 pluri·

157 3621 293 3706 nando
318 3626 511 3738 Gonzaga
524 3617 641 3707 Gallis
672 3618 712 3704 in
741 3614 876 3736 fugam
921 3617 991 3703 bus
1030 3618 1183 3706 castellis
1237 3626 1457 3739 expugnatis
1502 3629 1636 3744 Augu-

158 3739 272 3830 vcrsis
299 3739 469 3855 capitur.
922 3759 1018 3822 stam
1046 3739 1231 3826 rediturus
1276 3739 1431 3826 letaliter
1463 3743 1635 3830 vulnera·

204 3859 336 3946 XXX.
381 3861 519 3945 Cacsar
540 3857 743 3945 Massiliam
771 3887 876 3976 prae·
922 3880 984 3941 tur
1021 3857 1272 3944 :Caesariani
1304 3880 1434 3941 tamen
1475 3889 1634 3950 numero

158 3997 391 4094 Ingressus,
420 3984 552 4094 Aquas
583 3977 721 4064 Sextia
764 3979 874 4094 oppi-
917 3971 1114 4060 ‘inferiores
1156 4000 1262 4088 terga
1306 3999 1481 4061 vertunt.
1526 3983 1632 4068 Mar-

159 4095 257 4180 dum
277 4097 467 4182 desertum
488 4094 669 4201 offendit,
689 4097 758 4183 sed.
779 4096 873 4181 mul·
924 4093 1011 4178 chio
1028 4091 1271 4207 indignatur,
1289 4095 1398 4208 quod
1421 4124 1548 4214 spreto
1564 4117 1635 4188 suo

155 4214 209 4298 ris
239 4216 509 4300 commeatibus
538 4209 715 4299 affluens.
924 4207 1079 4294 consiIio
1108 4235 1253 4326 magna
1261 4213 1314 4298 rei
1330 4214 1427 4300 bene
1449 4221 1636 4334 gerendae

222 4331 368 4417 XXXI.
427 4329 708 4418 Praefectorum
738 4358 881 4417 coacto
926 4324 1074 4413 occasio
1096 4328 1265 4444 perierit.

161 4448 320 4535 concilio
334 4511 346 4554 ,
361 4449 511 4566 aliisque
527 4448 596 4534 alia
611 4448 874 4556 sentientibus,
1163 4557 1166 4564 ι
1519 4503 1522 4518 ·
1628 4507 1632 4514 -

164 4597 264 4654 unus
279 4569 401 4655 Doria
423 4569 626 4654 Massiliam
660 4567 821 4683 primum
835 4599 877 4654 o
926 4603 967 4619 ··
1135 4575 1261 4671 ΗΒ,
1307 4579 1420 4674 XV,

163 4688 312 4772 mnium
340 4689 639 4806 oppugnandam
670 4712 817 4773 censet.
865 4713 871 4744 ²

222 4808 386 4893 XXXII.
446 4808 604 4894 Carolus
618 4805 813 4892 Massiliae
834 4805 877 4891 si·
986 4809 1015 4887 I.
1083 4765 1188 4892 Hls
1218 4809 1358 4896 nuntiis
1379 4814 1543 4902 sublatus
1558 4822 1638 4906 Rex

165 4946 251 5012 nun
278 4952 531 5046 neutramque
565 4926 638 5018 loci
666 4949 880 5044 perspectu·
926 4923 1140 5012 franciscus
1169 4931 1348 5018 Genuam
1382 4953 1525 5021 tentare
1549 4963 1637 5018 con

1342 5048 1419 5136 Fa
1575 5053 1638 5138 sti«
