4292 5984
571 480 624 538 22
958 464 1040 544 DE
1088 461 1289 540 REBUS
1339 457 1560 542 GESTIS

525 649 711 771 parvum
748 660 810 725 εει
843 637 1156 729 Romanorum
1194 657 1237 720 et
1273 622 1580 762 Hispanorum
1616 611 1845 760 singularis
1884 623 1994 727 ami·

425 841 431 854 -
525 775 648 874 citiae
685 811 735 872 ac
772 769 988 870 societatis
1025 767 1276 886 indicium,
1310 766 1436 908 quod
1473 764 1642 904 primus
1680 797 1995 892 externorum,

527 919 605 1058 qui
641 927 811 1017 Romae
848 913 1138 1016 Consulatum
1176 910 1336 1054 gessit,
1375 909 1542 1052 primus
1586 907 1668 1050 qui
1712 908 1995 1054 triumphum

525 1063 646 1203 egit,
683 1058 876 1199 Hispani
911 1053 1123 1178 luerunt,
1157 1091 1338 1196 uterque
1375 1055 1649 1175 Gaditanus,
1685 1090 1875 1197 uterque
1920 1061 1995 1162 di-

524 1241 618 1303 ctus
655 1203 884 1304 Cornelius
919 1200 1122 1324 Balbus,
1176 1210 1316 1335 major
1353 1236 1399 1299 et
1433 1200 1622 1307 minora
1672 1235 1717 1298 et
1753 1199 1865 1302 item
1903 1205 1992 1344 pri-

525 1387 620 1449 mus
659 1382 969 1466 externorum,
1007 1350 1084 1487 qui
1120 1357 1366 1487 Imperator
1401 1349 1628 1486 Augustus
1664 1338 1855 1484 praefuit
1884 1351 1992 1450 Rei-

523 1491 723 1632 publicae
772 1502 1034 1612 Romanae,
1080 1491 1239 1632 Ulpius
1292 1489 1453 1589 scilicet
1514 1495 1732 1618 Trajanus
1779 1531 1831 1590 ex
1888 1493 1991 1596 urbe
2052 1525 2054 1530 ’

523 1638 666 1736 Italica
700 1636 895 1738 Baeticae
932 1635 1218 1755 Provinciae,
1258 1634 1338 1772 qui
1375 1645 1688 1735 Romanorum
1734 1634 1990 1776 Principum

524 1781 720 1920 optimus
758 1817 821 1880 est
857 1779 1066 1898 habitus,
1116 1780 1178 1880 ita
1215 1814 1263 1878 ut
1300 1777 1557 1919 legitimum
1593 1811 1706 1876 esset
1744 1813 1846 1918 post
1894 1821 1990 1882 eum

523 1925 771 2025 ineuntibus
808 1924 1107 2064 Principatum
1143 1920 1208 2024 his
1245 1918 1388 2022 verbis
1428 1919 1542 2022 bene
1578 1920 1775 2063 precati:
1816 1931 1890 2022 Sis
1917 1929 1989 2062 se-

523 2071 630 2167 licior
647 2074 853 2203 Augusto,
889 2069 1051 2206 Trajano
1090 2073 1244 2168 melior.
1282 2075 1346 2167 Ita
1381 2061 1552 2166 factum
1588 2101 1650 2166 est
1685 2101 1737 2166 ut
1770 2068 1991 2210 Hispani,

523 2251 615 2312 non
651 2212 793 2312 solum
829 2213 996 2313 cultum
1032 2247 1078 2312 et
1112 2209 1440 2314 humanitatem
1477 2221 1791 2313 Romanorum
1828 2215 1989 2354 accipe·

522 2392 651 2474 rent,
696 2357 770 2456 sed
818 2356 951 2456 etiarn
996 2353 1127 2457 obliti
1174 2355 1363 2496 patriam
1400 2355 1630 2497 linguam,
1674 2396 1811 2498 quarn
1858 2355 1990 2458 fuisse
2134 2469 2135 2478 p

521 2499 813 2638 multiplicem
843 2500 998 2598 Strabo
1037 2532 1236 2618 testatur,
1264 2510 1474 2602 Romana
1510 2501 1739 2601 dumtaxat
1765 2501 1992 2641 loqueren-

522 2679 615 2761 tur,
643 2679 781 2780 quam
806 2641 1001 2741 retinent
1028 2643 1159 2742 etiam
1195 2683 1334 2763 nunc,
1373 2685 1425 2743 ex
1461 2680 1580 2785 parte
1618 2644 1801 2786 quidem
1832 2645 1990 2781 injuria

525 2819 778 2924 tempotum
821 2818 865 2885 et
908 2783 1194 2888 Barbarorum
1239 2790 1547 2913 commercio,
1594 2791 1668 2889 sed
1712 2785 1855 2889 nihilo
1909 2829 1991 2890 ma·

521 2929 588 3070 gis
620 2965 771 3069 quarn·
793 2929 914 3029 Italia
942 2941 1177 3073 Romaque
1207 2932 1319 3074 ipsa,
1354 2969 1633 3075 corruptam,
1675 2971 1844 3073 praeter
1874 2946 1990 3036 Can⁴

520 3073 697 3193 tabros‚
742 3073 820 3214 qui
867 3109 915 3172 ut
952 3074 1099 3175 ultimi
1136 3075 1340 3176 debellati
1376 3114 1508 3197 sunt,
1560 3112 1605 3176 et
1641 3117 1665 3175 a
1702 3079 1983 3178 consuetudi

519 3253 576 3316 ne
605 3227 915 3319 Romanorum
962 3221 1207 3321 secretiores
1238 3255 1393 3341 erant,
1445 3221 1569 3322 illum
1614 3259 1745 3322 suum
1782 3259 2010 3340 veterem,

519 3397 563 3459 et
604 3362 838 3466 barbatum
872 3400 1121 3466 sermonem
1156 3364 1488 3509 pertinacissime
1519 3366 1580 3465 ad
1614 3362 1706 3464 hoc
1740 3365 1840 3466 aevi
1877 3365 1981 3465 reti-

518 3539 634 3606 nent.
1521 3549 1526 3554 ·

551 3659 749 3751 ·ΧΧΠΙ.
823 3657 973 3794 Atque
1017 3651 1092 3754 hic
1128 3655 1311 3798 quidem
1348 3691 1480 3758 status
1515 3649 1598 3756 fuit
1635 3692 1781 3756 rerum
1817 3652 1988 3796 Hispa*

517 3829 672 3894 natum
705 3797 1048 3939 quadringentos
1084 3837 1130 3900 et
1165 3803 1493 3944 quinquaginta
1527 3795 1695 3900 circiter
1730 3835 1896 3917 annos,
1935 3795 1989 3898 ab'

517 3943 722 4080 Augusto
759 3941 815 4042 ad
852 3941 1094 4044 Arcadium
1130 3980 1175 4045 et
1211 3947 1494 4047 Honorium.
1532 3945 1618 4043 His
1655 3942 1773 4044 enim
1816 3940 1991 4043 Princi-
2046 3939 2050 3948 ’

516 4077 646 4221 pibus
677 4083 830 4225 ingens
868 4122 913 4186 et
948 4085 1069 4188 vatia
1103 4087 1400 4192 Barbarorum
1433 4087 1673 4191 multitudo
1728 4127 1754 4186 a
1805 4121 1990 4229 septem·

520 4224 667 4326 trione
697 4227 984 4371 Scythiaque,
1016 4273 1178 4380 magna
1213 4245 1416 4378 Europae
1449 4269 1570 4378 parte
1615 4266 1869 4376 peragrata,
1908 4226 1989 4330 Hi-

523 4371 720 4508 spaniam
758 4374 918 4476 invasit
957 4411 1002 4476 et
1037 4381 1305 4523 occupavit,
1341 4381 1548 4484 Vandalis
1585 4379 1805 4521 primum,
1843 4371 1988 4476 Sucvis

519 4547 563 4610 et
602 4515 778 4637 Alanis,
817 4511 987 4619 deinde
1013 4523 1222 4643 Gottlris,
1261 4530 1342 4666 qui
1377 4568 1451 4626 eos
1489 4537 1742 4656 ejecerunt,
1780 4517 1991 4622 irruenti-

518 4655 622 4766 busa
661 4661 714 4760 de
753 4702 940 4804 quatum
978 4667 1180 4809 gentium
1220 4669 1418 4811 origine,
1456 4711 1507 4769 ex
1545 4667 1804 4809 sedibusque
1841 4661 1990 4807 patriis

518 4797 798 4942 profectione
840 4849 934 4913 non
981 4811 1064 4914 erit
1114 4808 1250 4916 abre
1286 4853 1425 4958 pauca
1474 4847 1729 4936 summatim
1770 4847 1991 4914 memora-

1909 4985 2031 5056 res.
