4298 5980
584 419 829 576 canora
866 492 919 574 v.
963 493 1087 574 cru.
1118 491 1225 578 vrr.
1538 498 1624 590 235

201 662 275 794 'que
322 684 489 790 tempore
531 679 764 791 cognoscat,
797 685 865 748 nec
904 651 1008 748 euim
1032 656 1148 783 parui
1186 635 1311 784 refert
1350 644 1400 750 ad
1443 649 1561 780 ipsius
1584 653 1666 786 fia-

203 840 307 902 mam
329 840 341 909 3
367 797 454 933 jam
490 802 714 936 intelliget,
744 823 885 931 quantu
914 797 1051 894 melius
1079 834 1149 933 ego
1183 799 1257 913 ei,
1283 829 1395 930 quam
1428 796 1508 928 ipse
1547 797 1667 928 mibi,

194 952 386 1081 promissa
437 943 615 1088 finiam.
666 951 791 1041 Haec
838 939 1097 1042 caduceator
1145 937 1292 1040 eidem
1344 940 1539 1082 legato,
1585 938 1669 1085 qui

195 1088 407 1210 nondum
445 1130 498 1189 ex
537 1084 758 1229 Hispania
792 1121 1069 1206 excesserat,
1111 1127 1214 1190 cum
1265 1084 1546 1208 nuntiasset,
1594 1085 1667 1188 ille

204 1232 294 1334 sive
331 1231 527 1352 oblitus,
583 1232 675 1336 sive
722 1230 1000 1336 oblivionem
1045 1231 1251 1335 simulans
1301 1270 1327 1331 a
1374 1227 1542 1331 Carolo
1593 1269 1667 1369 per

197 1374 358 1478 litteras
395 1378 507 1517 petit
544 1410 858 1517 precaturque,
894 1414 946 1477 ut
982 1375 1128 1479 oblito
1165 1374 1250 1477 sibi
1286 1372 1421 1477 verba
1461 1373 1567 1496 illa,
1611 1373 1666 1476 de

197 1519 358 1662 quibus
392 1519 669 1620 caduceatori
703 1555 1021 1640 memorasset,
1058 1558 1137 1662 pet
1178 1519 1412 1661 epistolam
1456 1559 1666 1664 suggere-⁴

196 1701 244 1766 re
296 1704 351 1764 ne
387 1702 664 1806 gravaretur.
723 1662 813 1768 Cui
847 1662 1034 1766 Carolus
1069 1665 1119 1766 in
1161 1661 1279 1769 hunc
1325 1661 1521 1767 maxime
1567 1706 1668 1768 mo-

200 1806 310 1910 dum
348 1808 602 1948 respondit.

248 1959 436 2055 XXVII.
493 1949 695 2072 „Scribis
733 1950 900 2052 adme
936 1949 1159 2091 petisque,
1185 1986 1263 2072 ut,
1301 1987 1414 2094 quae
1451 1948 1538 2055 tibi
1573 1950 1666 2057 die⁴
1719 1990 1725 2007 ’·

195 2169 229 2215 „
242 2091 324 2196 bus
359 2093 658 2238 superioribus
702 2105 918 2195 Granatae
960 2093 1186 2211 dixeram,
1229 2135 1303 2214 ac,
1341 2133 1391 2196 ut
1424 2097 1542 2239 Regi
1585 2137 1664 2200 tuo

196 2313 229 2359 „
249 2239 540 2357 renuntiares,
576 2238 910 2356 mandaveram,
948 2236 1094 2338 eidem
1129 2234 1212 2338 tibi
1247 2273 1478 2380 tamquam
1512 2241 1666 2342 imme·

193 2456 227 2502 „
245 2383 364 2483 mori
397 2421 652 2523 suggeram,
688 2387 941 2523 scriptoque
977 2373 1181 2483 referam.
1218 2379 1342 2498 Scio,
1380 2419 1565 2520 quarum
1600 2422 1665 2484 re-

192 2560 345 2648 „rum
382 2559 445 2623 est
479 2525 651 2667 ingrata
686 2525 935 2643 memoria,
971 2521 1048 2626 has
1085 2521 1289 2624 homines
1332 2524 1565 2667 diligenter
1608 2521 1665 2626 οὲ

193 2741 225 2790 ,,
241 2665 432 2769 blivioni
467 2669 632 2770 tradere
666 2666 966 2771 consuevisse.
1006 2667 1178 2769 Faciam
1220 2700 1370 2766 tamen
1416 2670 1541 2808 quod
1583 2708 1665 2811 po-

196 2809 357 2933 „sciss
394 2849 476 2916 nec
511 2852 586 2914 me
621 2810 822 2956 pigebit,
859 2851 976 2956 quae
1012 2846 1120 2913 tunc
1163 2809 1286 2930 dixi,
1322 2848 1440 2912 nunc
1474 2811 1664 2918 totidem

193 2955 387 3077 „verbis
412 2956 575 3101 scripto
600 2954 785 3060 referre.
812 2955 882 3060 Sic
909 2954 1047 3100 igitur
1073 2953 1179 3073 tibi,
1204 2991 1310 3054 cum
1335 2995 1523 3056 essemus
1547 2969 1663 3059 Gra-

196 3173 230 3218 „
246 3137 394 3218 natae,
420 3103 662 3205 mandavi:
688 3101 807 3203 Haec
834 3107 956 3203 dicito
988 3101 1094 3239 Regi
1125 3133 1190 3200 tuo
1203 3175 1219 3220 ,
1245 3102 1346 3235 quod
1377 3100 1494 3220 fidem
1513 3102 1662 3230 sallat,

195 3278 354 3378 „quam
384 3251 479 3348 midi
512 3246 699 3349 Mandruii
737 3276 821 3346 tum
853 3249 1009 3386 publice
1051 3249 1249 3381 palamque
1281 3246 1447 3362 multis,
1468 3273 1556 3343 tum·
1575 3251 1664 3380 pri7

191 3461 225 3506 „
241 3395 366 3489 vatim
382 3465 397 3508 ,
413 3429 500 3491 cum
530 3395 604 3492 soli
635 3427 828 3511 essemus,
856 3391 965 3489 dedit
978 3466 994 3509 ,
1015 3393 1139 3524 ipsum
1181 3426 1248 3487 aec
1276 3417 1378 3488 recte
1395 3386 1567 3518 fircera,
1596 3385 1664 3488 nec

192 3602 230 3656 „
246 3561 289 3631 ut
336 3541 468 3635 virum
496 3569 722 3672 generosum
763 3537 904 3650 decem
945 3536 1013 3633 bac
1050 3540 1087 3630 si
1121 3537 1355 3671 negaverit,
1389 3538 1570 3668 profiteor
1603 3567 1663 3628 me

191 3683 357 3795 „armis
398 3718 482 3778 cum
519 3683 599 3816 ipsa
639 3678 686 3777 de
718 3683 885 3780 veritate
923 3679 1255 3814 disceptaturum,
1287 3705 1328 3774 et
1365 3679 1662 3777 constraversiam

190 3891 226 3942 „
240 3826 429 3956 singulari
463 3829 670 3923 certamine
699 3825 982 3924 diremturum.
1023 3826 1174 3967 Atque
1209 3817 1318 3920 haec
1355 3818 1536 3958 quidem
1573 3854 1661 3959 ego

192 3958 324 4078 „tibi
359 3975 573 4067 Granatae
609 3966 839 4077 dixerama
886 4007 999 4110 quae
1046 3969 1083 4069 si
1124 3963 1244 4106 Regi
1285 3961 1551 4084 Francisco,
1594 3957 1662 4062 uti

191 4175 224 4221 „
240 4107 481 4229 mandavi,
517 4110 862 4234 renuntiaveris,
900 4120 995 4245 jam
1030 4107 1247 4250 intelliget
1282 4143 1357 4207 me
1393 4107 1575 4209 meliore
1611 4101 1663 4204 fi-

189 4245 294 4368 „de
330 4251 527 4391 pollicita
562 4290 811 4395 praestare,
848 4293 986 4396 quam
1022 4252 1203 4395 ipsum,
1240 4251 1322 4395 qui
1357 4246 1451 4353 fore
1493 4245 1663 4354 conlit-¹

190 4467 223 4513 ,‚
238 4394 383 4516 mavi,
419 4396 524 4497 cum
560 4397 643 4498 soli
678 4437 864 4498 essemus
900 4397 1136 4521 Madritii,
1172 4397 1255 4499 nisi
1290 4396 1504 4538 promissa
1540 4391 1662 4493 face·

190 4575 332 4661 „ret,
370 4576 421 4640 ut
456 4542 603 4685 ipsum
639 4583 719 4645 nec
755 4540 928 4646 bonum
964 4543 1112 4647 virum
1150 4583 1237 4644 esse
1253 4618 1269 4663 ,
1306 4581 1387 4644 nec
1422 4538 1562 4642 animi
1596 4535 1663 4640 in<

194 4684 374 4826 „genui
411 4688 746 4828 praedicarem,
783 4724 918 4830 atque
955 4687 1286 4794 contenderem.
1306 4703 1340 4752 ‘⁶

207 4945 213 4956 ,
268 4838 474 4937 xxvru.
552 4833 637 4936 His
674 4832 804 4938 rebus
841 4834 899 4938 ad
935 4873 980 4932 se
1014 4832 1218 4973 perlatis,
1253 4839 1353 4933 Rex
1387 4821 1664 4946 Franciseus,

306 5054 309 5061 f
930 5039 943 5068 ι
1138 4983 1212 5121 Gg
1231 5011 1262 5078 a'
1561 5005 1666 5072 cum
