4368 5984
581 435 624 508 14
971 406 1566 502 JOAN.GEN.SEPULVEDAE

644 535 858 654 Sepulvcda
904 535 942 622 in
975 535 1052 620 hoc
1085 566 1200 652 opere
1241 563 1322 621 non·
1354 539 1474 624 modo
1515 569 1554 624 se
1585 540 1765 659 insignem
1814 547 2003 660 praestitit

536 658 785 774 Theologum
818 655 1113 770 acerrimumque
1136 654 1338 772 Religionis
1367 683 1718 776 propugnatorem,
1736 662 1801 748 sed
1830 692 1869 750 et
1883 665 1996 783 egre-

539 781 643 894 gium
678 775 973 889 Philosophum,
1015 797 1054 858 et
1082 776 1121 859 in
1152 773 1396 888 antiquorum
1422 775 1560 889 placitis
1587 809 1737 865 summo
1764 810 1878 897 opere
1893 813 1998 870 exer·

450 947 452 950 ·
537 896 692 982 citatum
710 953 726 996 ,-
752 923 840 977 cum
866 893 957 978 nihil
996 919 1130 980 eorunr
1169 893 1354 978 intactum
1381 893 1602 1011 relinquat,
1629 925 1730 1013 quae
1746 899 1795 984 de
1823 897 1903 986 fato
1935 904 1992 987 ab

537 1014 603 1099 illis
628 1014 765 1100 tradita
797 1036 907 1096 sunt.
946 1011 1088 1116 Unde,
1122 1010 1311 1095 Micha'ele
1340 1013 1498 1097 Medina
1525 1039 1647 1121 teste,
1690 1017 1731 1100 in·
1764 1016 1840 1103 hoc
1869 1049 1991 1134 opere

536 1134 736 1217 Ciceronis
752 1134 1017 1238 eloquentiam,
1052 1145 1090 1213 et
1104 1130 1334 1214 Art'storelis
1352 1133 1661 1240 philosophiam,
1685 1151 1727 1218 et
1754 1142 1852 1242 qaod
1870 1147 1990 1248 prius

537 1268 596 1336 est
612 1310 631 1357 ,·
654 1250 866 1334 Christiani
878 1257 1048 1359 pectoris
1068 1253 1328 1360 integritatem
1352 1257 1536 1334 invenias.

628 1375 806 1454 Erasmus
837 1364 876 1452 in
894 1369 1136 1453 Ciceroniana
1162 1430 1174 1470 ,
1205 1364 1269 1451 ubi
1284 1395 1353 1452 eos
1380 1393 1551 1455 recenset·
1576 1427 1592 1473 ,
1616 1371 1683 1484 qui
1715 1371 1871 1458 Latinae
1903 1373 1986 1462 elo·

539 1489 714 1606 quentiae
747 1487 952 1601 principem
994 1510 1080 1572 sunt
1113 1485 1278 1592 imitati,
1324 1483 1373 1571 de
1419 1485 1632 1603 Sepulveda
1670 1489 1866 1606 loquens,
1894 1520 1987 1580 eum

540 1609 822 1718 editoi'jRomae
843 1605 965 1692 libello
986 1606 1088 1720 (isto
1116 1633 1252 1720 nempe
1280 1603 1452 1709 defleta)
1483 1603 1709 1722 praeclaram
1738 1610 1787 1695 de
1811 1639 1849 1694 se
1878 1641 1986 1725 spem

491 1833 492 1838 Ν
547 1724 757 1840 praebuisse
781 1720 973 1810 affirmat.
1003 1725 1128 1816 Quod
1161 1721 1417 1810 testimonium
1448 1723 1532 1812 licet
1564 1727 1733 1811 Genesio
1765 1726 1988 1842 pernomi-

537 1843 652 1928 hcum
679 1843 801 1930 visum
830 1838 968 1950 fuerit,
1002 1871 1088 1926 cum
1111 1841 1253 1940 laudari
1278 1841 1475 1929 alaudato
1499 1845 1582 1933 viro
1612 1846 1740 1962 magni
1770 1845 1813 1930 sit
1840 1845 1986 1932 haben·

541 1963 663 2064 dum3
690 1987 818 2048 tamen
844 1991 968 2080 aequo
998 1961 1126 2046 animo
1144 1956 1237 2046 serre
1265 1989 1346 2044 non
1374 1963 1499 2075 potuit
1531 2023 1544 2068 ,
1575 1991 1683 2077 spem·
1713 1960 1912 2049 dumtaxat
1941 1964 1983 2050 in

538 2080 694 2167 homine
722 2080 797 2193 jam
842 2081 1125 2194 propemodum
1167 2079 1467 2194 quadragenario
1516 2082 1659 2196 quique
1691 2082 1874 2167 sexdecim
1905 2083 1981 2194 jam

535 2227 657 2286 annos
685 2198 891 2283 litterarum
923 2225 1038 2283 causa
1059 2197 1098 2282 in
1122 2199 1227 2284 Italia
1258 2222 1500 2304 moraretur,
1530 2199 1673 2285 laudari
1689 2231 1703 2285 r·
1740 2229 1859 2315 quare
1888 2207 1982 2286 Era·

536 2345 659 2404 smum
691 2311 842 2402 levioris
865 2312 974 2428 hujus
999 2315 1126 2432 lapsus
1144 2328 1246 2432 pet¹
1267 2314 1410 2400 litteras
1430 2315 1654 2403 admonuitlv

624 2434 775 2521 Eodem
799 2431 877 2518 hoc
905 2463 1013 2519 anno
1032 2436 1157 2543 1526.
1187 2431 1398 2549 Sepulveda
1436 2437 1584 2519 Romae
1616 2437 1656 2519 in
1688 2433 1813 2521 lucem
1856 2436 1977 2523 emisit

534 2547 647 2640 libros
681 2550 887 2638 Aristotelis
912 2555 958 2635 de
982 2569 1068 2637 ortu
1100 2568 1139 2636 et
1170 2559 1327 2635 interita
1359 2549 1492 2637 Latine
1528 2553 1578 2636 ab
1618 2581 1657 2637 se
1685 2581 1839 2638 versos:
1876 2586 1976 2669 quos

533 2673 661 2760 videre
691 2669 799 2756 nobis
827 2698 908 2755 non
938 2669 1098 2786 contigit
1128 2731 1141 2776 ,
1172 2694 1216 2755 ut
1251 2669 1300 2754 de
1324 2666 1362 2752 iis
1398 2667 1576 2781 judicium
1610 2695 1780 2756 nostrum
1809 2671 1977 2786 interpo-

531 2814 736 2893 neremus,
765 2811 832 2873 aut
859 2787 984 2904 aliqua
1009 2788 1097 2874 inde
1127 2787 1177 2873 ad
1206 2788 1305 2872 hanc
1337 2785 1529 2874 historiam
1563 2787 1817 2875 illustrandam
1849 2789 1976 2878 decet·

535 2937 626 3025 pere
656 2906 791 2992 liceret.
821 2919 840 2962 ⁶

636 3027 715 3110 Sub
758 3020 850 3109 anni
892 3021 1124 3141 insequentis
1170 3019 1316 3110 initium
1354 3035 1375 3098 3
1416 3019 1522 3139 prelo
1564 3023 1717 3137 subjecit
1763 3024 1976 3138 Sepulveda

531 3141 754 3229 Alexandri
778 3145 1027 3252 Aphrodisiei
1052 3149 1315 3227 commentaria
1340 3155 1381 3229 in
1396 3147 1583 3227 duodecim
1614 3145 1841 3228 Aristotelis
1856 3149 1976 3230 lihros

529 3268 577 3346 ele
603 3270 737 3372 prima
758 3256 1002 3370 Philosophia
1036 3291 1124 3347 cum
1170 3261 1305 3346 Latina
1356 3259 1663 3376 interpretatione
1704 3262 1753 3347 ad
1802 3261 1980 3348 Clemen·
2070 3303 2080 3320 ·

532 3403 609 3465 tem
640 3382 723 3464 Vll.
755 3382 873 3466 Pons
904 3381 1011 3465 Max.
1049 3383 1196 3463 Romae
1225 3379 1264 3461 in
1297 3380 1454 3466 aedibus
1487 3378 1657 3463 Marcelli
1686 3380 1841 3483 siber,
1890 3379 1977 3465 alias

530 3488 680 3584 Franclc
703 3526 807 3582 anno
822 3496 980 3583 Domini
1006 3501 1069 3584 Μ.
1079 3501 1131 3583 D.
1144 3497 1312 3588 XXVII.
1343 3525 1471 3586 mense
1485 3497 1713 3606 Februario,
1741 3497 1886 3614 ingenti
1902 3529 1978 3588 vo·

529 3615 673 3706 lumine
688 3631 709 3691 4
724 3617 765 3704 in
779 3613 887 3703 folio,

566 3920 585 3965 r
622 3901 751 3965 Litteras
770 3899 854 3966 hasce
868 3901 986 3966 minime
1005 3900 1128 3969 insertas
1142 3903 1299 3986 reperimus
1313 3903 1391 3967 inter
1404 3903 1499 3967 editas
1513 3924 1531 3965 a
1550 3905 1722 3982 Sepulreda.

565 4003 584 4043 a
626 3987 788 4059 Sepulveda
801 3989 832 4044 in
845 3989 968 4064 epistola
987 3989 1222 4048 adclamantem
1240 3990 1311 4048 VII.
1327 3991 1479 4066 praemissa
1495 3989 1727 4061 interpretationi
1746 3981 1974 4045 commentario-

524 4081 589 4124 rum
606 4064 764 4122 Alexandri
785 4069 969 4142 AphrodIsiei
992 4071 1024 4126 in
1047 4071 1136 4128 libros
1158 4071 1326 4128 Aristotelis
1343 4071 1412 4129 XII.
1437 4071 1473 4126 de
1496 4070 1586 4142 prima
1607 4068 1817 4142 Philosophia,
1843 4066 1910 4121 dum
1933 4065 1970 4120 de
2021 4081 2024 4088 ’

523 4146 643 4221 penuria
659 4144 787 4216 queritur
804 4148 995 4223 interpretum
1014 4188 1026 4221 ,
1048 4151 1096 4224 qui
1116 4149 1355 4224 Philosophorum
1378 4150 1516 4224 principis
1534 4161 1730 4204 enarratorem
1751 4148 1823 4202 IatIo
1841 4145 1973 4200 donave-

522 4227 605 4284 rint:
629 4226 723 4283 Puder
733 4261 746 4296 ,
758 4225 871 4298 inquit,
883 4231 1007 4300 dicere,
1025 4242 1131 4304 quanta
1148 4231 1314 4303 caecitate,
1329 4232 1404 4304 quad
1421 4230 1504 4287 aliar
1520 4237 1644 4286 testatus
1664 4245 1743 4298 snm,
1765 4225 1870 4284 Latini
1882 4238 1976 4297 expo-

520 4307 621 4364 nendis
638 4303 853 4364 Aristotelicas
866 4305 1103 4369 hallucinantur:
1124 4309 1202 4370 forte
1222 4311 1277 4370 hoc
1300 4323 1503 4386 argumentum
1523 4308 1712 4382 pertractavit
1733 4307 1763 4362 in
1780 4323 1896 4381 opere,
1917 4320 1974 4376 quo

519 4386 555 4442 de
578 4387 681 4461 agitur.

561 4483 579 4539 3
621 4465 786 4525 Clementis
804 4463 875 4525 VII.
894 4469 1034 4542 litterae,
1060 4469 1164 4543 quibus
1180 4470 1217 4529 ad
1237 4473 1313 4529 hane
1336 4473 1496 4530 editionem
1519 4466 1724 4541 perficiendam
1745 4465 1869 4526 facultas
1888 4462 1974 4520 datur

517 4543 674 4606 Demetrio
687 4550 788 4605 Durae
811 4546 970 4621 Cretensi,
995 4551 1173 4609 Graecarum
1190 4554 1351 4608 litterarum
1380 4553 1411 4608 in
1432 4557 1509 4606 alma
1526 4550 1594 4602 urbe
1615 4549 1710 4605 Roma
1725 4546 1838 4620 publico
1860 4539 1974 4616 profes-

518 4627 601 4699 sori,
625 4631 755 4702 signatae
781 4641 847 4684 sunt
871 4629 919 4686 die
941 4631 1041 4688 XXII.
1063 4631 1195 4704 Januarii
1217 4629 1259 4684 Μ.
1273 4631 1312 4684 D.
1332 4629 1462 4684 XXVII.
1496 4625 1680 4698 pontilicatus
1714 4623 1876 4682 Clementis
1900 4621 1972 4680 VII.

519 4720 598 4762 anno
612 4707 665 4765 lV.
686 4709 825 4766 Nitolaus
840 4709 988 4768 Antonius
1005 4712 1133 4768 dicatum
1147 4711 1202 4766 hoe
1222 4726 1292 4782 opus
1306 4707 1398 4764 tradit
1413 4707 1544 4762 Adriano
1559 4707 1611 4763 VI.
1632 4707 1718 4762 Pont.
1732 4702 1814 4760 Max.
1831 4703 1879 4775 qui
1894 4717 1973 4758 anno

517 4787 561 4844 M.
573 4787 613 4843 D.
630 4789 743 4846 XXIII.
769 4790 871 4846 vivere
886 4791 980 4848 desiit.
1006 4791 1104 4868 Quare
1123 4789 1316 4850 BononieasIs
1338 4786 1467 4864 collegii
1489 4785 1617 4848 fructum
1630 4787 1708 4844 hune
1729 4780 1821 4842 fuisse
1832 4781 1921 4842 facile
1932 4781 1974 4838 ri-

516 4869 764 4926 cet'eaIstimare.

554 4964 577 5026 4
618 4945 744 5009 Constat
760 4948 839 5007 enim
863 4951 920 5010 σου
933 4948 1022 5012 fobu.
