4294 5984
568 487 813 572 CAROLI
851 492 903 570 V.
951 491 1073 570 LIB.
1112 491 1191 571 tv.
1510 503 1597 584 107.

166 643 352 766 ciditur,
393 679 500 744 cum
544 633 724 744 interim
767 648 821 746 ad
866 642 1044 746 hostilia
1091 677 1336 764 tormenta,
1367 641 1494 786 ¹quae
1539 648 1634 788 pri-

162 831 292 894 mum
328 787 535 890 omniurn
563 790 851 931 expugnanda
887 787 972 889 sibi
1008 791 1146 889 nostri
1182 790 1526 911 constituerant,
1553 831 1632 933 pe-

162 941 323 1039 destres
360 933 512 1074 copiae
548 933 701 1033 acriter
736 933 935 1074 undique
959 934 1247 1036 dimicarent.
1287 943 1496 1036 Ceterum
1524 938 1635 1038 Gal-

161 1083 197 1183 li
236 1079 401 1180 diutius
437 1113 689 1180 nostrorum
725 1078 945 1220 impetum
980 1073 1091 1179 ferre
1127 1115 1420 1220 nequeuntes,
1467 1079 1632 1181 arnissis

160 1223 427 1342 tormentis,
454 1224 502 1324 in
536 1217 692 1365 lugam
728 1260 977 1325 vertuntur.
1014 1233 1063 1324 ln
1098 1264 1154 1324 eo
1191 1224 1358 1364 praelio
1387 1260 1537 1365 captus
1572 1259 1634 1323 est

158 1375 426 1508 ¹Asparrosus
471 1367 563 1504 ipse
606 1369 727 1485 dux,
764 1368 811 1466 in
847 1363 954 1509 firga
990 1405 1097 1468 vero
1122 1377 1376 1500 Tornajus,
1414 1369 1492 1508 qui
1529 1405 1634 1508 pro·

160 1512 340 1612 ximum
374 1509 432 1611 ab
467 1511 546 1611 illo
581 1510 852 1612 auctoritatis
888 1512 1040 1612 locum
1082 1513 1132 1614 in
1170 1513 1358 1616 exercitu
1402 1509 1633 1614 Gallorum

164 1652 429 1758 obtinebat.

262 1811 322 1900 X.
422 1799 612 1901 Duobus
649 1801 933 1923 exercitibus,
970 1803 1176 1947 populati
1221 1837 1265 1902 et
1308 1802 1514 1921 Gallico,
1551 1800 1633 1941 qui

163 1981 322 2083 pacem
358 1943 601 2083 Hispaniae
647 1944 955 2064 solicitabant,
997 1946 1123 2044 brevi
1173 1982 1374 2087 tempore
1415 1941 1520 2046 fusis
1562 1981 1635 2045 at-

165 2127 254 2228 que
291 2086 476 2204 deletis,
505 2083 706 2184 nondum
735 2125 883 2189 tamen
914 2089 1124 2188 Castellae
1160 2090 1284 2228 quies
1321 2092 1491 2190 reddita
1516 2125 1632 2198 erat3

168 2229 315 2328 adhuc
358 2229 480 2327 enim
520 2230 727 2330 Toletani
773 2228 1185 2362 tumultuabantur,
1235 2235 1417 2331 addente
1462 2234 1636 2330 animos

167 2372 478 2514 magnitudine
523 2373 721 2514 populi,
764 2409 896 2514 atque
940 2373 1059 2473 urbis
1107 2373 1284 2512 locique
1326 2410 1508 2472 natura.
1558 2385 1636 2472 Est

166 2516 289 2613 enim
346 2517 558 2613 Toletum
614 2516 748 2614 totius
798 2517 1039 2656 Hispaniae
1089 2555 1241 2617 natura
1292 2517 1634 2616 munitissimum

166 2658 421 2797 oppidum,
464 2660 633 2800 quippe
676 2658 726 2756 in
768 2657 871 2760 loco
920 2661 1079 2778 edit0,
1122 2698 1167 2759 et
1209 2695 1370 2800 magna
1415 2700 1467 2758 ex
1511 2692 1633 2798 parte

167 2800 442 2940 praecipite,
480 2803 613 2901 situm
658 2837 746 2920 cst,
783 2839 827 2903 ct
867 2804 1064 2942 undique
1100 2798 1188 2904 fere
1223 2802 1425 2942 cingente
1469 2807 1633 2944 Tagot

170 2983 260 3084 qua
296 2943 456 3043 fluvius
492 2943 778 3065 intermittit,
815 2987 946 3048 muro
983 2945 1235 3048 firmissimo
1279 2947 1488 3044 vallatur.
1534 2955 1633 3045 Ne-

169 3127 258 3229 que
294 3126 401 3187 vero
438 3087 580 3188 solum
617 3088 697 3188 lrac
734 3089 852 3190 urbis
889 3091 1139 3191 munitione
1182 3085 1285 3187 freti
1325 3089 1529 3188 Toletani
1567 3126 1634 3189 tu·

169 3231 382 3332 multuari
424 3271 514 3332 non
564 3231 849 3344 desistebant3
896 3237 971 3334 sed
1020 3234 1152 3337 ctiam
1201 3232 1435 3372 instigante
1487 3233 1634 3331 Maria

167 3373 366 3476 Pacheca
402 3375 559 3476 illustri
594 3376 695 3477 loco
733 3415 832 3480 nata
873 3378 1096 3520 viragine,
1135 3411 1228 3476 erat
1263 3377 1382 3474 enim
1419 3374 1509 3474 filia
1547 3385 1636 3473 lne-

171 3517 245 3619 chi
289 3520 540 3620 Mendozae
578 3521 802 3621 Tendillae
848 3522 1069 3641 Comitis,
1114 3559 1250 3662 quam
1293 3517 1438 3619 amissi
1485 3517 1637 3616 mariti

170 3663 362 3800 Joannis
399 3661 583 3764 Padillae
618 3699 661 3762 ct
696 3665 918 3806 popularis
961 3665 1216 3765 calamitatis
1265 3662 1395 3763 dolor
1438 3659 1636 3800 exagita-

171 3804 280 3909 bat.
316 3806 399 3907 Sed
435 3842 538 3948 post
571 3807 814 3952 digressum
851 3811 1039 3945 Joannis
1074 3810 1292 3926 Riverae‚
1339 3807 1394 3906 de
1430 3842 1524 3945 quo
1561 3843 1638 3903 su·

171 3990 254 4092 pra
290 3951 669 4072 memoravimus,
704 3995 839 4096 quem
872 3956 1110 4058 Fernandus
1141 3953 1263 4056 ‚Silva
1287 3945 1417 4049 frater
1446 3984 1490 4048 et
1517 3946 1637 4048 mul-

170 4093 213 4193 ti
249 4093 334 4192 viti
368 4095 572 4217 nobiles,
608 4102 787 4240 cognati
827 4100 931 4220 alii,
980 4139 1074 4238 pars
1116 4095 1250 4196 amici
1294 4093 1637 4231 earumdemque

176 4237 393 4378 partium,
433 4241 567 4341 secuti
602 4237 798 4364 fuerant,
837 4283 927 4343 non
963 4239 1072 4340 nihil
1106 4239 1315 4340 Toletani
1350 4239 1638 4379 quieverant,

178 4379 284 4481 belli
328 4383 530 4505 exitum,
568 4389 694 4526 quod
735 4387 855 4519 justis
897 4384 1148 4487 exercitibus
1204 4385 1317 4483 inter
1361 4421 1557 4523 proceres
1597 4414 1641 4477 et
1764 4511 1767 4524 Ι

179 4525 415 4668 populares
452 4532 710 4670 gerebatur,
746 4533 1062 4674 exspectantes,
1099 4533 1241 4630 donec
1276 4527 1495 4662 Antonius
1530 4530 1642 4622 Acu-

179 4707 269 4810 gna
304 4674 546 4813 Episcopus
574 4679 875 4796 Zamorensis,
910 4679 964 4777 de
1001 4718 1094 4818 quo
1131 4715 1259 4815 supra
1293 4674 1643 4770 demonstratum

181 4849 280 4942 est,
332 4859 384 4920 ex
427 4821 660 4939 Vaccaeis,
705 4825 937 4960 castrisque
983 4819 1267 4960 popularium
1308 4813 1557 4930 Toletum,
1596 4812 1644 4907 in

1221 4969 1306 5060 Οἱ
1564 4988 1647 5050 cuv
