<?xml version="1.0" encoding="UTF-8"?>
<!DOCTYPE html PUBLIC "-//W3C//DTD XHTML 1.0 Transitional//EN"
    "http://www.w3.org/TR/xhtml1/DTD/xhtml1-transitional.dtd">
<html xmlns="http://www.w3.org/1999/xhtml" xml:lang="en" lang="en">
 <head>
  <title>
</title>
<meta http-equiv="Content-Type" content="text/html;charset=utf-8" />
  <meta name='ocr-system' content='tesseract 3.04.00' />
  <meta name='ocr-capabilities' content='ocr_page ocr_carea ocr_par ocr_line ocrx_word'/>
</head>
<body>
  <div class='ocr_page' id='page_1' title='image "./joannisgenesiis02sepgoog_0252.png"; bbox 0 0 4292 5984; ppageno 0'>
   <div class='ocr_carea' id='block_1_1' title="bbox 553 413 1511 546">
    <p class='ocr_par' dir='ltr' id='par_1_1' title="bbox 553 413 1511 546">
     <span class='ocr_line' id='line_1_1' title="bbox 553 413 1511 546; baseline 0.006 -8"><span class='ocrx_word' id='word_1_1' title='bbox 553 457 578 538; x_wconf 85' lang='lat' dir='ltr'>s</span> <span class='ocrx_word' id='word_1_2' title='bbox 916 413 998 546; x_wconf 82' lang='lat' dir='ltr'>os</span> <span class='ocrx_word' id='word_1_3' title='bbox 1046 462 1249 546; x_wconf 73' lang='lat' dir='ltr'>aeuus</span> <span class='ocrx_word' id='word_1_4' title='bbox 1291 456 1511 544; x_wconf 73' lang='lat' dir='ltr'>castis</span> 
     </span>
    </p>
   </div>
   <div class='ocr_carea' id='block_1_2' title="bbox 465 615 1982 2064">
    <p class='ocr_par' dir='ltr' id='par_1_2' title="bbox 465 615 1982 2064">
     <span class='ocr_line' id='line_1_2' title="bbox 507 615 1981 764; baseline -0.001 -38"><span class='ocrx_word' id='word_1_5' title='bbox 507 623 662 748; x_wconf 91' lang='lat' dir='ltr'>heres,</span> <span class='ocrx_word' id='word_1_6' title='bbox 691 618 918 726; x_wconf 90' lang='lat' dir='ltr'>Isabellam</span> <span class='ocrx_word' id='word_1_7' title='bbox 956 620 1093 724; x_wconf 84' lang='lat' dir='ltr'>filiam</span> <span class='ocrx_word' id='word_1_8' title='bbox 1131 622 1321 756; x_wconf 90' lang='lat' dir='ltr'>Joannis</span> <span class='ocrx_word' id='word_1_9' title='bbox 1365 622 1505 764; x_wconf 86' lang='lat' dir='ltr'>Regis</span> <span class='ocrx_word' id='word_1_10' title='bbox 1537 615 1749 722; x_wconf 88' lang='lat' dir='ltr'>Castellae</span> <span class='ocrx_word' id='word_1_11' title='bbox 1793 615 1843 724; x_wconf 94' lang='lat' dir='ltr'>in</span> <span class='ocrx_word' id='word_1_12' title='bbox 1884 657 1981 724; x_wconf 89' lang='lat' dir='ltr'>ma·</span> 
     </span>
     <span class='ocr_line' id='line_1_3' title="bbox 507 765 1979 908; baseline -0.001 -38"><span class='ocrx_word' id='word_1_13' title='bbox 507 769 773 872; x_wconf 91' lang='lat' dir='ltr'>trimonium</span> <span class='ocrx_word' id='word_1_14' title='bbox 811 766 977 886; x_wconf 82' lang='lat' dir='ltr'>duxit,</span> <span class='ocrx_word' id='word_1_15' title='bbox 1025 768 1156 867; x_wconf 84' lang='lat' dir='ltr'>decus</span> <span class='ocrx_word' id='word_1_16' title='bbox 1188 801 1232 866; x_wconf 89' lang='lat' dir='ltr'>et</span> <span class='ocrx_word' id='word_1_17' title='bbox 1311 765 1469 866; x_wconf 89' lang='lat' dir='ltr'>loriam</span> <span class='ocrx_word' id='word_1_18' title='bbox 1517 765 1830 908; x_wconf 88' lang='lat' dir='ltr'>Reginamm,</span> <span class='ocrx_word' id='word_1_19' title='bbox 1872 769 1979 886; x_wconf 94' lang='lat' dir='ltr'>cui,</span> 
     </span>
     <span class='ocr_line' id='line_1_4' title="bbox 506 806 1981 1031; baseline -0.003 -14"><span class='ocrx_word' id='word_1_20' title='bbox 506 952 688 1017; x_wconf 91' lang='lat' dir='ltr'>mortuo</span> <span class='ocrx_word' id='word_1_21' title='bbox 726 913 817 1012; x_wconf 90' lang='lat' dir='ltr'>sine</span> <span class='ocrx_word' id='word_1_22' title='bbox 854 910 999 1014; x_wconf 85' lang='lat' dir='ltr'>liberis</span> <span class='ocrx_word' id='word_1_23' title='bbox 1037 909 1238 1012; x_wconf 89' lang='lat' dir='ltr'>Hentico</span> <span class='ocrx_word' id='word_1_24' title='bbox 1271 806 1436 1031; x_wconf 54' lang='lat' dir='ltr'>darre,</span> <span class='ocrx_word' id='word_1_25' title='bbox 1470 907 1654 1012; x_wconf 81' lang='lat' dir='ltr'>Castella</span> <span class='ocrx_word' id='word_1_26' title='bbox 1683 900 1769 1008; x_wconf 85' lang='lat' dir='ltr'>fuit</span> <span class='ocrx_word' id='word_1_27' title='bbox 1801 907 1981 1013; x_wconf 86' lang='lat' dir='ltr'>heredi-</span> 
     </span>
     <span class='ocr_line' id='line_1_5' title="bbox 507 1050 1979 1196; baseline -0.004 -35"><span class='ocrx_word' id='word_1_28' title='bbox 507 1061 644 1168; x_wconf 88' lang='lat' dir='ltr'>taria;</span> <span class='ocrx_word' id='word_1_29' title='bbox 678 1053 735 1156; x_wconf 87' lang='lat' dir='ltr'>ab</span> <span class='ocrx_word' id='word_1_30' title='bbox 764 1054 922 1196; x_wconf 90' lang='lat' dir='ltr'>hisque</span> <span class='ocrx_word' id='word_1_31' title='bbox 963 1063 1157 1154; x_wconf 84' lang='lat' dir='ltr'>Granata</span> <span class='ocrx_word' id='word_1_32' title='bbox 1193 1091 1365 1195; x_wconf 87' lang='lat' dir='ltr'>recepta</span> <span class='ocrx_word' id='word_1_33' title='bbox 1393 1087 1481 1173; x_wconf 88' lang='lat' dir='ltr'>est,</span> <span class='ocrx_word' id='word_1_34' title='bbox 1517 1052 1724 1194; x_wconf 84' lang='lat' dir='ltr'>pervictis</span> <span class='ocrx_word' id='word_1_35' title='bbox 1763 1088 1807 1153; x_wconf 91' lang='lat' dir='ltr'>et</span> <span class='ocrx_word' id='word_1_36' title='bbox 1855 1050 1979 1165; x_wconf 86' lang='lat' dir='ltr'>bona</span> 
     </span>
     <span class='ocr_line' id='line_1_6' title="bbox 508 1194 1978 1344; baseline -0.003 -40"><span class='ocrx_word' id='word_1_37' title='bbox 508 1242 561 1304; x_wconf 86' lang='lat' dir='ltr'>ex</span> <span class='ocrx_word' id='word_1_38' title='bbox 597 1236 717 1344; x_wconf 88' lang='lat' dir='ltr'>parte</span> <span class='ocrx_word' id='word_1_39' title='bbox 756 1233 872 1301; x_wconf 90' lang='lat' dir='ltr'>trans</span> <span class='ocrx_word' id='word_1_40' title='bbox 906 1236 1027 1297; x_wconf 88' lang='lat' dir='ltr'>mate</span> <span class='ocrx_word' id='word_1_41' title='bbox 1065 1196 1194 1337; x_wconf 91' lang='lat' dir='ltr'>pulsis</span> <span class='ocrx_word' id='word_1_42' title='bbox 1228 1194 1449 1297; x_wconf 82' lang='lat' dir='ltr'>Arabibus</span> <span class='ocrx_word' id='word_1_43' title='bbox 1488 1231 1532 1292; x_wconf 92' lang='lat' dir='ltr'>et</span> <span class='ocrx_word' id='word_1_44' title='bbox 1559 1196 1758 1314; x_wconf 87' lang='lat' dir='ltr'>Mauris,</span> <span class='ocrx_word' id='word_1_45' title='bbox 1789 1196 1871 1336; x_wconf 89' lang='lat' dir='ltr'>qui</span> <span class='ocrx_word' id='word_1_46' title='bbox 1898 1237 1978 1302; x_wconf 86' lang='lat' dir='ltr'>an·</span> 
     </span>
     <span class='ocr_line' id='line_1_7' title="bbox 507 1331 1982 1484; baseline -0.006 -38"><span class='ocrx_word' id='word_1_47' title='bbox 507 1384 551 1446; x_wconf 87' lang='lat' dir='ltr'>te</span> <span class='ocrx_word' id='word_1_48' title='bbox 583 1383 717 1446; x_wconf 90' lang='lat' dir='ltr'>annos</span> <span class='ocrx_word' id='word_1_49' title='bbox 756 1343 1037 1484; x_wconf 89' lang='lat' dir='ltr'>octingentos</span> <span class='ocrx_word' id='word_1_50' title='bbox 1070 1339 1242 1441; x_wconf 83' lang='lat' dir='ltr'>circiter</span> <span class='ocrx_word' id='word_1_51' title='bbox 1279 1374 1424 1440; x_wconf 90' lang='lat' dir='ltr'>totam</span> <span class='ocrx_word' id='word_1_52' title='bbox 1461 1331 1552 1444; x_wconf 84' lang='lat' dir='ltr'>fere</span> <span class='ocrx_word' id='word_1_53' title='bbox 1580 1337 1849 1479; x_wconf 83' lang='lat' dir='ltr'>Hispaniam</span> <span class='ocrx_word' id='word_1_54' title='bbox 1885 1379 1982 1482; x_wconf 83' lang='lat' dir='ltr'>per-</span> 
     </span>
     <span class='ocr_line' id='line_1_8' title="bbox 507 1479 1980 1626; baseline -0.003 -35"><span class='ocrx_word' id='word_1_55' title='bbox 507 1526 739 1608; x_wconf 86' lang='lat' dir='ltr'>vaserant,</span> <span class='ocrx_word' id='word_1_56' title='bbox 770 1487 819 1590; x_wconf 93' lang='lat' dir='ltr'>in</span> <span class='ocrx_word' id='word_1_57' title='bbox 861 1486 1168 1624; x_wconf 79' lang='lat' dir='ltr'>ditionemque</span> <span class='ocrx_word' id='word_1_58' title='bbox 1203 1483 1478 1626; x_wconf 82' lang='lat' dir='ltr'><strong>redegerant.</strong></span> <span class='ocrx_word' id='word_1_59' title='bbox 1536 1491 1667 1598; x_wconf 84' lang='lat' dir='ltr'><strong>Quae</strong></span> <span class='ocrx_word' id='word_1_60' title='bbox 1711 1521 1775 1584; x_wconf 90' lang='lat' dir='ltr'>tes</span> <span class='ocrx_word' id='word_1_61' title='bbox 1808 1479 1980 1588; x_wconf 87' lang='lat' dir='ltr'>hortari</span> 
     </span>
     <span class='ocr_line' id='line_1_9' title="bbox 465 1616 1972 1772; baseline -0.005 -38"><span class='ocrx_word' id='word_1_62' title='bbox 465 1671 472 1688; x_wconf 90' lang='lat'><strong>·</strong></span> <span class='ocrx_word' id='word_1_63' title='bbox 505 1633 714 1753; x_wconf 86' lang='lat' dir='ltr'>videtur,</span> <span class='ocrx_word' id='word_1_64' title='bbox 751 1667 802 1732; x_wconf 95' lang='lat' dir='ltr'>ut</span> <span class='ocrx_word' id='word_1_65' title='bbox 837 1670 974 1772; x_wconf 87' lang='lat' dir='ltr'>pauca</span> <span class='ocrx_word' id='word_1_66' title='bbox 1007 1631 1064 1729; x_wconf 93' lang='lat' dir='ltr'>de</span> <span class='ocrx_word' id='word_1_67' title='bbox 1086 1616 1282 1728; x_wconf 75' lang='lat' dir='ltr'>¹extemis</span> <span class='ocrx_word' id='word_1_68' title='bbox 1312 1624 1551 1767; x_wconf 85' lang='lat' dir='ltr'>Imperiis,</span> <span class='ocrx_word' id='word_1_69' title='bbox 1584 1660 1628 1724; x_wconf 90' lang='lat' dir='ltr'>et</span> <span class='ocrx_word' id='word_1_70' title='bbox 1661 1627 1785 1768; x_wconf 82' lang='lat' dir='ltr'>quasi</span> <span class='ocrx_word' id='word_1_71' title='bbox 1821 1621 1972 1750; x_wconf 85' lang='lat' dir='ltr'>fatali-</span> 
     </span>
     <span class='ocr_line' id='line_1_10' title="bbox 506 1765 1976 1916; baseline -0.001 -36"><span class='ocrx_word' id='word_1_72' title='bbox 506 1773 588 1880; x_wconf 86' lang='lat' dir='ltr'>bus</span> <span class='ocrx_word' id='word_1_73' title='bbox 626 1773 971 1892; x_wconf 84' lang='lat' dir='ltr'>calamitatibus,</span> <span class='ocrx_word' id='word_1_74' title='bbox 1010 1806 1124 1916; x_wconf 87' lang='lat' dir='ltr'>quae</span> <span class='ocrx_word' id='word_1_75' title='bbox 1151 1767 1446 1913; x_wconf 88' lang='lat' dir='ltr'>superioribus</span> <span class='ocrx_word' id='word_1_76' title='bbox 1473 1765 1749 1914; x_wconf 85' lang='lat' dir='ltr'>temporibus</span> <span class='ocrx_word' id='word_1_77' title='bbox 1777 1769 1976 1878; x_wconf 88' lang='lat' dir='ltr'>multum</span> 
     </span>
     <span class='ocr_line' id='line_1_11' title="bbox 508 1919 1581 2064; baseline -0.001 -42"><span class='ocrx_word' id='word_1_78' title='bbox 508 1920 774 2061; x_wconf 83' lang='lat' dir='ltr'>Hispaniam</span> <span class='ocrx_word' id='word_1_79' title='bbox 807 1919 1113 2064; x_wconf 85' lang='lat' dir='ltr'>exagitarunt,</span> <span class='ocrx_word' id='word_1_80' title='bbox 1149 1956 1278 2061; x_wconf 90' lang='lat' dir='ltr'>supra</span> <span class='ocrx_word' id='word_1_81' title='bbox 1312 1955 1581 2062; x_wconf 84' lang='lat' dir='ltr'>repetamus.</span> 
     </span>
    </p>
   </div>
   <div class='ocr_carea' id='block_1_3' title="bbox 544 2057 2000 2208">
    <p class='ocr_par' dir='ltr' id='par_1_3' title="bbox 544 2057 2000 2208">
     <span class='ocr_line' id='line_1_12' title="bbox 544 2057 2000 2208; baseline -0.001 -42"><span class='ocrx_word' id='word_1_82' title='bbox 544 2076 679 2168; x_wconf 51' lang='lat' dir='ltr'>1xl1.</span> <span class='ocrx_word' id='word_1_83' title='bbox 755 2077 883 2189; x_wconf 88' lang='lat' dir='ltr'>Quae</span> <span class='ocrx_word' id='word_1_84' title='bbox 916 2099 1064 2208; x_wconf 85' lang='lat' dir='ltr'>gentes</span> <span class='ocrx_word' id='word_1_85' title='bbox 1106 2062 1240 2165; x_wconf 82' lang='lat' dir='ltr'>initio</span> <span class='ocrx_word' id='word_1_86' title='bbox 1276 2102 1425 2166; x_wconf 84' lang='lat' dir='ltr'>rerunt</span> <span class='ocrx_word' id='word_1_87' title='bbox 1466 2060 1733 2207; x_wconf 89' lang='lat' dir='ltr'>Hispaniam</span> <span class='ocrx_word' id='word_1_88' title='bbox 1772 2057 2000 2168; x_wconf 59' lang='lat' dir='ltr'>incolae:</span> 
     </span>
    </p>
   </div>
   <div class='ocr_carea' id='block_1_4' title="bbox 508 2207 1977 2496">
    <p class='ocr_par' dir='ltr' id='par_1_4' title="bbox 508 2207 1977 2496">
     <span class='ocr_line' id='line_1_13' title="bbox 508 2207 1970 2354; baseline 0 -44"><span class='ocrx_word' id='word_1_89' title='bbox 508 2207 629 2329; x_wconf 91' lang='lat' dir='ltr'>rint,</span> <span class='ocrx_word' id='word_1_90' title='bbox 666 2208 745 2352; x_wconf 92' lang='lat' dir='ltr'>qui</span> <span class='ocrx_word' id='word_1_91' title='bbox 782 2222 926 2354; x_wconf 83' lang='lat' dir='ltr'>Reges</span> <span class='ocrx_word' id='word_1_92' title='bbox 957 2207 1176 2309; x_wconf 88' lang='lat' dir='ltr'>tenuerint</span> <span class='ocrx_word' id='word_1_93' title='bbox 1199 2208 1377 2342; x_wconf 90' lang='lat' dir='ltr'>(omnes</span> <span class='ocrx_word' id='word_1_94' title='bbox 1410 2208 1531 2309; x_wconf 89' lang='lat' dir='ltr'>enim</span> <span class='ocrx_word' id='word_1_95' title='bbox 1574 2245 1726 2352; x_wconf 86' lang='lat' dir='ltr'>gentes</span> <span class='ocrx_word' id='word_1_96' title='bbox 1767 2207 1970 2350; x_wconf 84' lang='lat' dir='ltr'>Regibus</span> 
     </span>
     <span class='ocr_line' id='line_1_14' title="bbox 508 2351 1977 2496; baseline 0.001 -44"><span class='ocrx_word' id='word_1_97' title='bbox 508 2353 618 2452; x_wconf 92' lang='lat' dir='ltr'>olim</span> <span class='ocrx_word' id='word_1_98' title='bbox 644 2351 834 2492; x_wconf 90' lang='lat' dir='ltr'>paruisse</span> <span class='ocrx_word' id='word_1_99' title='bbox 867 2391 911 2454; x_wconf 92' lang='lat' dir='ltr'>et</span> <span class='ocrx_word' id='word_1_100' title='bbox 943 2353 1058 2455; x_wconf 91' lang='lat' dir='ltr'>ratio</span> <span class='ocrx_word' id='word_1_101' title='bbox 1093 2354 1242 2455; x_wconf 89' lang='lat' dir='ltr'>suadet</span> <span class='ocrx_word' id='word_1_102' title='bbox 1259 2367 1280 2473; x_wconf 82' lang='lat'>,&#39;</span> <span class='ocrx_word' id='word_1_103' title='bbox 1294 2391 1337 2455; x_wconf 89' lang='lat' dir='ltr'>et</span> <span class='ocrx_word' id='word_1_104' title='bbox 1369 2390 1566 2455; x_wconf 87' lang='lat' dir='ltr'>auctores</span> <span class='ocrx_word' id='word_1_105' title='bbox 1596 2351 1846 2496; x_wconf 88' lang='lat' dir='ltr'>gravissimi</span> <span class='ocrx_word' id='word_1_106' title='bbox 1864 2390 1977 2495; x_wconf 91' lang='lat' dir='ltr'>pto-</span> 
     </span>
    </p>
   </div>
   <div class='ocr_carea' id='block_1_5' title="bbox 507 2490 2059 2638">
    <p class='ocr_par' dir='ltr' id='par_1_5' title="bbox 507 2490 2059 2638">
     <span class='ocr_line' id='line_1_15' title="bbox 507 2490 2059 2638; baseline 0.001 -43"><span class='ocrx_word' id='word_1_107' title='bbox 507 2496 747 2628; x_wconf 88' lang='lat' dir='ltr'>diderunt)</span> <span class='ocrx_word' id='word_1_108' title='bbox 791 2491 966 2596; x_wconf 88' lang='lat' dir='ltr'>difficile</span> <span class='ocrx_word' id='word_1_109' title='bbox 1023 2490 1143 2620; x_wconf 85' lang='lat' dir='ltr'>factu</span> <span class='ocrx_word' id='word_1_110' title='bbox 1192 2533 1256 2600; x_wconf 90' lang='lat' dir='ltr'>cst</span> <span class='ocrx_word' id='word_1_111' title='bbox 1313 2497 1547 2617; x_wconf 89' lang='lat' dir='ltr'>invenire,</span> <span class='ocrx_word' id='word_1_112' title='bbox 1595 2534 1672 2598; x_wconf 93' lang='lat' dir='ltr'>aut</span> <span class='ocrx_word' id='word_1_113' title='bbox 1720 2508 1804 2638; x_wconf 72' lang='lat' dir='ltr'>Pro</span> <span class='ocrx_word' id='word_1_114' title='bbox 1850 2531 1975 2596; x_wconf 91' lang='lat' dir='ltr'>certo</span> <span class='ocrx_word' id='word_1_115' title='bbox 2056 2539 2059 2548; x_wconf 77' lang='grc'>’</span> 
     </span>
    </p>
   </div>
   <div class='ocr_carea' id='block_1_6' title="bbox 411 2639 1979 4788">
    <p class='ocr_par' dir='ltr' id='par_1_6' title="bbox 411 2639 1979 4788">
     <span class='ocr_line' id='line_1_16' title="bbox 504 2639 1976 2779; baseline 0.001 -41"><span class='ocrx_word' id='word_1_116' title='bbox 504 2639 757 2779; x_wconf 85' lang='lat' dir='ltr'>¹quidquam</span> <span class='ocrx_word' id='word_1_117' title='bbox 790 2677 1049 2741; x_wconf 88' lang='lat' dir='ltr'>asseverare.</span> <span class='ocrx_word' id='word_1_118' title='bbox 1083 2654 1293 2743; x_wconf 90' lang='lat' dir='ltr'>Ceterum</span> <span class='ocrx_word' id='word_1_119' title='bbox 1313 2655 1492 2744; x_wconf 90' lang='lat' dir='ltr'>Berosus</span> <span class='ocrx_word' id='word_1_120' title='bbox 1531 2639 1773 2743; x_wconf 87' lang='lat' dir='ltr'>Chaldaeus</span> <span class='ocrx_word' id='word_1_121' title='bbox 1799 2639 1864 2775; x_wconf 87' lang='lat' dir='ltr'>(si</span> <span class='ocrx_word' id='word_1_122' title='bbox 1897 2675 1976 2740; x_wconf 83' lang='lat' dir='ltr'>ve-</span> 
     </span>
     <span class='ocr_line' id='line_1_17' title="bbox 509 2780 1975 2928; baseline 0.003 -46"><span class='ocrx_word' id='word_1_123' title='bbox 509 2820 578 2882; x_wconf 90' lang='lat' dir='ltr'>tus</span> <span class='ocrx_word' id='word_1_124' title='bbox 614 2815 677 2880; x_wconf 91' lang='lat' dir='ltr'>est</span> <span class='ocrx_word' id='word_1_125' title='bbox 713 2781 863 2883; x_wconf 88' lang='lat' dir='ltr'>timlus</span> <span class='ocrx_word' id='word_1_126' title='bbox 896 2780 1056 2920; x_wconf 83' lang='lat' dir='ltr'>libelli)</span> <span class='ocrx_word' id='word_1_127' title='bbox 1093 2784 1278 2927; x_wconf 88' lang='lat' dir='ltr'>scriptor</span> <span class='ocrx_word' id='word_1_128' title='bbox 1305 2821 1600 2928; x_wconf 85' lang='lat' dir='ltr'>pervetustus,</span> <span class='ocrx_word' id='word_1_129' title='bbox 1631 2793 1813 2906; x_wconf 91' lang='lat' dir='ltr'>Noam,</span> <span class='ocrx_word' id='word_1_130' title='bbox 1835 2821 1975 2926; x_wconf 89' lang='lat' dir='ltr'>quem</span> 
     </span>
     <span class='ocr_line' id='line_1_18' title="bbox 510 2925 1977 3072; baseline 0.003 -48"><span class='ocrx_word' id='word_1_131' title='bbox 510 2925 600 3024; x_wconf 92' lang='lat' dir='ltr'>alio</span> <span class='ocrx_word' id='word_1_132' title='bbox 636 2925 819 3026; x_wconf 90' lang='lat' dir='ltr'>nomine</span> <span class='ocrx_word' id='word_1_133' title='bbox 848 2929 1017 3062; x_wconf 87' lang='lat' dir='ltr'>Janum</span> <span class='ocrx_word' id='word_1_134' title='bbox 1060 2951 1223 3049; x_wconf 86' lang='lat' dir='ltr'>vo&#39;cat,</span> <span class='ocrx_word' id='word_1_135' title='bbox 1271 2969 1376 3030; x_wconf 89' lang='lat' dir='ltr'>cum</span> <span class='ocrx_word' id='word_1_136' title='bbox 1422 2928 1593 3072; x_wconf 87' lang='lat' dir='ltr'>generis</span> <span class='ocrx_word' id='word_1_137' title='bbox 1636 2926 1823 3056; x_wconf 86' lang='lat' dir='ltr'>humani</span> <span class='ocrx_word' id='word_1_138' title='bbox 1874 2961 1977 3066; x_wconf 90' lang='lat' dir='ltr'>post</span> 
     </span>
     <span class='ocr_line' id='line_1_19' title="bbox 508 3068 1975 3212; baseline 0.001 -42"><span class='ocrx_word' id='word_1_139' title='bbox 508 3068 750 3170; x_wconf 88' lang='lat' dir='ltr'>universale</span> <span class='ocrx_word' id='word_1_140' title='bbox 779 3069 1012 3172; x_wconf 91' lang='lat' dir='ltr'>Diluvium</span> <span class='ocrx_word' id='word_1_141' title='bbox 1045 3107 1178 3212; x_wconf 88' lang='lat' dir='ltr'>atque</span> <span class='ocrx_word' id='word_1_142' title='bbox 1213 3071 1333 3174; x_wconf 89' lang='lat' dir='ltr'>orbis</span> <span class='ocrx_word' id='word_1_143' title='bbox 1370 3109 1577 3174; x_wconf 90' lang='lat' dir='ltr'>tertarum</span> <span class='ocrx_word' id='word_1_144' title='bbox 1623 3109 1792 3171; x_wconf 86' lang='lat' dir='ltr'>teneret</span> <span class='ocrx_word' id='word_1_145' title='bbox 1822 3069 1975 3212; x_wconf 88' lang='lat' dir='ltr'>impe-</span> 
     </span>
     <span class='ocr_line' id='line_1_20' title="bbox 508 3211 1976 3358; baseline 0.002 -46"><span class='ocrx_word' id='word_1_146' title='bbox 508 3211 660 3330; x_wconf 88' lang='lat' dir='ltr'>rium,</span> <span class='ocrx_word' id='word_1_147' title='bbox 702 3211 814 3311; x_wconf 89' lang='lat' dir='ltr'>filios</span> <span class='ocrx_word' id='word_1_148' title='bbox 853 3250 897 3313; x_wconf 90' lang='lat' dir='ltr'>et</span> <span class='ocrx_word' id='word_1_149' title='bbox 930 3247 1110 3353; x_wconf 91' lang='lat' dir='ltr'>nepotes</span> <span class='ocrx_word' id='word_1_150' title='bbox 1146 3255 1223 3354; x_wconf 87' lang='lat' dir='ltr'>per</span> <span class='ocrx_word' id='word_1_151' title='bbox 1269 3217 1405 3311; x_wconf 86' lang='lat' dir='ltr'>varias</span> <span class='ocrx_word' id='word_1_152' title='bbox 1445 3213 1601 3312; x_wconf 92' lang='lat' dir='ltr'>mundi</span> <span class='ocrx_word' id='word_1_153' title='bbox 1659 3213 1840 3358; x_wconf 90' lang='lat' dir='ltr'>plagas,</span> <span class='ocrx_word' id='word_1_154' title='bbox 1893 3213 1976 3355; x_wconf 91' lang='lat' dir='ltr'>qui</span> 
     </span>
     <span class='ocr_line' id='line_1_21' title="bbox 411 3351 1972 3497; baseline -0.001 -39"><span class='ocrx_word' id='word_1_155' title='bbox 411 3411 413 3416; x_wconf 96' lang='lat'>·</span> <span class='ocrx_word' id='word_1_156' title='bbox 509 3351 811 3493; x_wconf 87' lang='lat' dir='ltr'>multiplicatis</span> <span class='ocrx_word' id='word_1_157' title='bbox 859 3352 1113 3456; x_wconf 89' lang='lat' dir='ltr'>hominibus</span> <span class='ocrx_word' id='word_1_158' title='bbox 1164 3353 1364 3497; x_wconf 85' lang='lat' dir='ltr'>regiones</span> <span class='ocrx_word' id='word_1_159' title='bbox 1411 3392 1706 3494; x_wconf 85' lang='lat' dir='ltr'>occuparent,</span> <span class='ocrx_word' id='word_1_160' title='bbox 1754 3358 1972 3459; x_wconf 88' lang='lat' dir='ltr'>dimisisse</span> 
     </span>
     <span class='ocr_line' id='line_1_22' title="bbox 510 3495 1973 3642; baseline 0.003 -46"><span class='ocrx_word' id='word_1_161' title='bbox 510 3495 690 3638; x_wconf 74' lang='lat' dir='ltr'>prodits</span> <span class='ocrx_word' id='word_1_162' title='bbox 728 3537 781 3596; x_wconf 86' lang='lat' dir='ltr'>ex</span> <span class='ocrx_word' id='word_1_163' title='bbox 813 3495 880 3596; x_wconf 91' lang='lat' dir='ltr'>his</span> <span class='ocrx_word' id='word_1_164' title='bbox 911 3533 1060 3600; x_wconf 88' lang='lat' dir='ltr'>autern</span> <span class='ocrx_word' id='word_1_165' title='bbox 1102 3498 1338 3634; x_wconf 89' lang='lat' dir='ltr'>Jubalem,</span> <span class='ocrx_word' id='word_1_166' title='bbox 1383 3499 1464 3640; x_wconf 90' lang='lat' dir='ltr'>qui</span> <span class='ocrx_word' id='word_1_167' title='bbox 1498 3496 1645 3600; x_wconf 85' lang='lat' dir='ltr'>Tubal</span> <span class='ocrx_word' id='word_1_168' title='bbox 1679 3499 1737 3603; x_wconf 93' lang='lat' dir='ltr'>ab</span> <span class='ocrx_word' id='word_1_169' title='bbox 1765 3501 1857 3600; x_wconf 86' lang='lat' dir='ltr'>aliis</span> <span class='ocrx_word' id='word_1_170' title='bbox 1888 3539 1973 3642; x_wconf 83' lang='lat' dir='ltr'>ap-</span> 
     </span>
     <span class='ocr_line' id='line_1_23' title="bbox 511 3640 1971 3804; baseline 0.005 -64"><span class='ocrx_word' id='word_1_171' title='bbox 511 3640 728 3804; x_wconf 89' lang='lat' dir='ltr'>pellatur,</span> <span class='ocrx_word' id='word_1_172' title='bbox 760 3647 883 3744; x_wconf 89' lang='lat' dir='ltr'>Noes</span> <span class='ocrx_word' id='word_1_173' title='bbox 918 3647 1144 3775; x_wconf 90' lang='lat' dir='ltr'>ejusdem,</span> <span class='ocrx_word' id='word_1_174' title='bbox 1180 3684 1255 3745; x_wconf 90' lang='lat' dir='ltr'>seu</span> <span class='ocrx_word' id='word_1_175' title='bbox 1290 3642 1398 3784; x_wconf 89' lang='lat' dir='ltr'>Jani</span> <span class='ocrx_word' id='word_1_176' title='bbox 1436 3679 1675 3790; x_wconf 90' lang='lat' dir='ltr'>nepotem,</span> <span class='ocrx_word' id='word_1_177' title='bbox 1709 3644 1971 3750; x_wconf 88' lang='lat' dir='ltr'>mortalibus</span> 
     </span>
     <span class='ocr_line' id='line_1_24' title="bbox 511 3785 1979 3935; baseline 0.003 -49"><span class='ocrx_word' id='word_1_178' title='bbox 511 3824 562 3886; x_wconf 87' lang='lat' dir='ltr'>m</span> <span class='ocrx_word' id='word_1_179' title='bbox 592 3785 854 3926; x_wconf 89' lang='lat' dir='ltr'>Hispaniam</span> <span class='ocrx_word' id='word_1_180' title='bbox 887 3786 1105 3909; x_wconf 90' lang='lat' dir='ltr'>inductis,</span> <span class='ocrx_word' id='word_1_181' title='bbox 1125 3801 1334 3935; x_wconf 87' lang='lat' dir='ltr'>Regnum</span> <span class='ocrx_word' id='word_1_182' title='bbox 1353 3805 1452 3924; x_wconf 74' lang='lat' dir='ltr'>ejus¹</span> <span class='ocrx_word' id='word_1_183' title='bbox 1479 3794 1747 3912; x_wconf 88' lang='lat' dir='ltr'>condidisse,</span> <span class='ocrx_word' id='word_1_184' title='bbox 1783 3828 1829 3893; x_wconf 90' lang='lat' dir='ltr'>et</span> <span class='ocrx_word' id='word_1_185' title='bbox 1867 3791 1979 3892; x_wconf 90' lang='lat' dir='ltr'>mul-</span> 
     </span>
     <span class='ocr_line' id='line_1_25' title="bbox 513 3935 1978 4077; baseline 0.005 -50"><span class='ocrx_word' id='word_1_186' title='bbox 513 3965 584 4028; x_wconf 91' lang='lat' dir='ltr'>tos</span> <span class='ocrx_word' id='word_1_187' title='bbox 618 3971 756 4032; x_wconf 92' lang='lat' dir='ltr'>annos</span> <span class='ocrx_word' id='word_1_188' title='bbox 790 3935 996 4043; x_wconf 71' lang='lat' dir='ltr'>tenuisses</span> <span class='ocrx_word' id='word_1_189' title='bbox 1037 3971 1136 4077; x_wconf 89' lang='lat' dir='ltr'>post</span> <span class='ocrx_word' id='word_1_190' title='bbox 1174 3935 1290 4038; x_wconf 92' lang='lat' dir='ltr'>hunc</span> <span class='ocrx_word' id='word_1_191' title='bbox 1327 3937 1471 4038; x_wconf 89' lang='lat' dir='ltr'>filium</span> <span class='ocrx_word' id='word_1_192' title='bbox 1503 3939 1725 4056; x_wconf 88' lang='lat' dir='ltr'>lberium,</span> <span class='ocrx_word' id='word_1_193' title='bbox 1757 3938 1877 4036; x_wconf 91' lang='lat' dir='ltr'>unde</span> <span class='ocrx_word' id='word_1_194' title='bbox 1916 3972 1978 4034; x_wconf 89' lang='lat' dir='ltr'>re·</span> 
     </span>
     <span class='ocr_line' id='line_1_26' title="bbox 510 4071 1974 4224; baseline 0.003 -53"><span class='ocrx_word' id='word_1_195' title='bbox 510 4071 591 4215; x_wconf 87' lang='lat' dir='ltr'>gio</span> <span class='ocrx_word' id='word_1_196' title='bbox 623 4112 777 4175; x_wconf 86' lang='lat' dir='ltr'>vocata</span> <span class='ocrx_word' id='word_1_197' title='bbox 806 4074 893 4178; x_wconf 89' lang='lat' dir='ltr'>fuit</span> <span class='ocrx_word' id='word_1_198' title='bbox 920 4087 1070 4188; x_wconf 72' lang='lat' dir='ltr'>rhetias</span> <span class='ocrx_word' id='word_1_199' title='bbox 1091 4079 1251 4182; x_wconf 91' lang='lat' dir='ltr'>deinde</span> <span class='ocrx_word' id='word_1_200' title='bbox 1269 4080 1545 4220; x_wconf 86' lang='lat' dir='ltr'>Jubaldum,</span> <span class='ocrx_word' id='word_1_201' title='bbox 1574 4081 1783 4224; x_wconf 85' lang='lat' dir='ltr'>Brigum,</span> <span class='ocrx_word' id='word_1_202' title='bbox 1817 4111 1860 4176; x_wconf 90' lang='lat' dir='ltr'>et</span> <span class='ocrx_word' id='word_1_203' title='bbox 1895 4075 1974 4219; x_wconf 91' lang='lat' dir='ltr'>qui</span> 
     </span>
     <span class='ocr_line' id='line_1_27' title="bbox 510 4217 1972 4369; baseline 0.001 -54"><span class='ocrx_word' id='word_1_204' title='bbox 510 4255 680 4320; x_wconf 89' lang='lat' dir='ltr'>nomen</span> <span class='ocrx_word' id='word_1_205' title='bbox 712 4217 851 4320; x_wconf 89' lang='lat' dir='ltr'>lluvio</span> <span class='ocrx_word' id='word_1_206' title='bbox 883 4221 1082 4345; x_wconf 89' lang='lat' dir='ltr'>dederit,</span> <span class='ocrx_word' id='word_1_207' title='bbox 1125 4232 1337 4369; x_wconf 89' lang='lat' dir='ltr'>Tagum,</span> <span class='ocrx_word' id='word_1_208' title='bbox 1369 4240 1584 4345; x_wconf 89' lang='lat' dir='ltr'>Baerum,</span> <span class='ocrx_word' id='word_1_209' title='bbox 1625 4265 1651 4324; x_wconf 89' lang='lat' dir='ltr'>a</span> <span class='ocrx_word' id='word_1_210' title='bbox 1696 4261 1790 4365; x_wconf 90' lang='lat' dir='ltr'>quo</span> <span class='ocrx_word' id='word_1_211' title='bbox 1830 4219 1972 4324; x_wconf 84' lang='lat' dir='ltr'>Baetis</span> 
     </span>
     <span class='ocr_line' id='line_1_28' title="bbox 511 4361 1976 4513; baseline 0.001 -52"><span class='ocrx_word' id='word_1_212' title='bbox 511 4363 797 4503; x_wconf 80' lang='lat' dir='ltr'>Raeticaque,</span> <span class='ocrx_word' id='word_1_213' title='bbox 825 4364 1067 4488; x_wconf 87' lang='lat' dir='ltr'>Deabum,</span> <span class='ocrx_word' id='word_1_214' title='bbox 1098 4373 1379 4492; x_wconf 92' lang='lat' dir='ltr'>Lomninos,</span> <span class='ocrx_word' id='word_1_215' title='bbox 1411 4369 1679 4513; x_wconf 89' lang='lat' dir='ltr'>Hispalum,</span> <span class='ocrx_word' id='word_1_216' title='bbox 1707 4403 1854 4507; x_wconf 87' lang='lat' dir='ltr'>aquo</span> <span class='ocrx_word' id='word_1_217' title='bbox 1887 4361 1976 4462; x_wconf 87' lang='lat' dir='ltr'>Hi-</span> 
     </span>
     <span class='ocr_line' id='line_1_29' title="bbox 511 4503 1975 4651; baseline 0.001 -49"><span class='ocrx_word' id='word_1_218' title='bbox 511 4503 640 4644; x_wconf 90' lang='lat' dir='ltr'>spalis</span> <span class='ocrx_word' id='word_1_219' title='bbox 673 4504 776 4607; x_wconf 91' lang='lat' dir='ltr'>urbs</span> <span class='ocrx_word' id='word_1_220' title='bbox 790 4581 819 4625; x_wconf 48' lang='lat' dir='ltr'>,t</span> <span class='ocrx_word' id='word_1_221' title='bbox 844 4513 1119 4630; x_wconf 89' lang='lat' dir='ltr'>Herculem,</span> <span class='ocrx_word' id='word_1_222' title='bbox 1155 4550 1199 4610; x_wconf 91' lang='lat' dir='ltr'>et</span> <span class='ocrx_word' id='word_1_223' title='bbox 1238 4515 1348 4610; x_wconf 90' lang='lat' dir='ltr'>item</span> <span class='ocrx_word' id='word_1_224' title='bbox 1386 4523 1660 4651; x_wconf 86' lang='lat' dir='ltr'>Hespemm,</span> <span class='ocrx_word' id='word_1_225' title='bbox 1695 4550 1721 4610; x_wconf 89' lang='lat' dir='ltr'>a</span> <span class='ocrx_word' id='word_1_226' title='bbox 1754 4545 1849 4649; x_wconf 90' lang='lat' dir='ltr'>quo</span> <span class='ocrx_word' id='word_1_227' title='bbox 1883 4515 1975 4606; x_wconf 86' lang='lat' dir='ltr'>He-</span> 
     </span>
     <span class='ocr_line' id='line_1_30' title="bbox 512 4649 1975 4788; baseline 0 -40"><span class='ocrx_word' id='word_1_228' title='bbox 512 4650 676 4787; x_wconf 90' lang='lat' dir='ltr'>speriae</span> <span class='ocrx_word' id='word_1_229' title='bbox 719 4687 918 4771; x_wconf 90' lang='lat' dir='ltr'>nomen,</span> <span class='ocrx_word' id='word_1_230' title='bbox 960 4650 1206 4768; x_wconf 91' lang='lat' dir='ltr'>Titinum,</span> <span class='ocrx_word' id='word_1_231' title='bbox 1247 4667 1460 4788; x_wconf 84' lang='lat' dir='ltr'>Sycorum</span> <span class='ocrx_word' id='word_1_232' title='bbox 1481 4730 1510 4778; x_wconf 75' lang='lat' dir='ltr'>s.</span> <span class='ocrx_word' id='word_1_233' title='bbox 1530 4653 1767 4756; x_wconf 84' lang='lat' dir='ltr'>Sicannum</span> <span class='ocrx_word' id='word_1_234' title='bbox 1795 4725 1810 4771; x_wconf 95' lang='lat'>,</span> <span class='ocrx_word' id='word_1_235' title='bbox 1855 4649 1975 4748; x_wconf 90' lang='lat' dir='ltr'>Sice-</span> 
     </span>
    </p>
   </div>
   <div class='ocr_carea' id='block_1_7' title="bbox 513 4789 1978 5034">
    <p class='ocr_par' dir='ltr' id='par_1_7' title="bbox 513 4789 1978 5034">
     <span class='ocr_line' id='line_1_31' title="bbox 513 4789 1973 4940; baseline -0.001 -48"><span class='ocrx_word' id='word_1_236' title='bbox 513 4789 673 4915; x_wconf 87' lang='lat' dir='ltr'>leum,</span> <span class='ocrx_word' id='word_1_237' title='bbox 703 4831 748 4895; x_wconf 94' lang='lat' dir='ltr'>et</span> <span class='ocrx_word' id='word_1_238' title='bbox 784 4834 810 4892; x_wconf 88' lang='lat' dir='ltr'>a</span> <span class='ocrx_word' id='word_1_239' title='bbox 846 4835 939 4936; x_wconf 92' lang='lat' dir='ltr'>quo</span> <span class='ocrx_word' id='word_1_240' title='bbox 973 4794 1098 4898; x_wconf 85' lang='lat' dir='ltr'>tertia</span> <span class='ocrx_word' id='word_1_241' title='bbox 1136 4795 1330 4939; x_wconf 88' lang='lat' dir='ltr'>regionis</span> <span class='ocrx_word' id='word_1_242' title='bbox 1374 4835 1473 4940; x_wconf 89' lang='lat' dir='ltr'>pars</span> <span class='ocrx_word' id='word_1_243' title='bbox 1527 4794 1760 4900; x_wconf 90' lang='lat' dir='ltr'>nominata</span> <span class='ocrx_word' id='word_1_244' title='bbox 1804 4789 1973 4910; x_wconf 89' lang='lat' dir='ltr'>fuerit,</span> 
     </span>
     <span class='ocr_line' id='line_1_32' title="bbox 1883 4945 1978 5034; baseline 0 0"><span class='ocrx_word' id='word_1_245' title='bbox 1883 4945 1978 5034; x_wconf 91' lang='lat' dir='ltr'>Lu-</span> 
     </span>
    </p>
   </div>
   <div class='ocr_carea' id='block_1_8' title="bbox 0 0 2156 5984">
    <p class='ocr_par' dir='ltr' id='par_1_8' title="bbox 0 0 2156 5984">
     <span class='ocr_line' id='line_1_33' title="bbox 0 0 2156 5984; baseline 0 0"><span class='ocrx_word' id='word_1_246' title='bbox 0 0 2156 5984; x_wconf 95' lang='lat' dir='ltr'> </span> 
     </span>
    </p>
   </div>
  </div>
 </body>
</html>
