4326 5986
1055 471 1297 554 CAROLI
1341 471 1393 550 V.
1436 469 1550 551 LIB.
1625 495 1626 546 l

691 668 916 779 praesente
952 635 1165 775 imperata
1202 665 1245 730 et
1290 626 1590 732 administrata
1625 757 1626 766 Ν

764 788 932 883 XXVI.
1008 780 1116 913 Jam
1158 773 1317 876 milites
1360 815 1386 874 a
1429 783 1604 876 Germar

692 959 874 1032 noranta
907 957 951 1022 et
986 962 1038 1022 ex
1080 920 1298 1062 Hispania
1334 919 1604 1039 electorum,

691 1105 1001 1172 veteranorum
1037 1065 1232 1168 militum
1268 1063 1353 1166 tria
1388 1064 1529 1165 millia
1562 1059 1605 1164 fu

691 1253 804 1313 zano
847 1210 1100 1314 triremibus
1143 1212 1199 1310 ad
1242 1248 1370 1312 oram
1411 1208 1606 1350 Hispani

689 1357 881 1457 vandam
915 1357 1002 1496 ipsi
1037 1353 1254 1458 attributis
1290 1354 1552 1495 deportarat
1592 1396 1606 1454 <

688 1537 857 1602 vonam
891 1501 1114 1642 exposita,
1152 1534 1194 1604 et
1229 1497 1412 1602 Garciae
1447 1508 1578 1598 Lasso
1625 1539 1626 1597 τ

687 1643 806 1766 dita,
841 1649 995 1745 Astam
1030 1683 1133 1747 curn
1168 1642 1459 1782 pervenissem
1487 1655 1626 1745 caros

688 1788 770 1929 qui
805 1826 1024 1890 summam
1059 1785 1236 1927 Imperii
1280 1784 1502 1884 universae
1550 1785 1609 1884 cla

687 1968 731 2030 et
776 1931 868 2070 ipse
912 1930 1103 2068 aderat)
1146 1937 1350 2028 Genuam
1390 1928 1606 2028 contende

686 2073 941 2212 compulsae
976 2069 1176 2194 fiaerant,
1207 2106 1251 2172 et
1292 2083 1610 2172 Germanorum

685 2217 815 2319 cebat
863 2215 1110 2342 Thomas,
1154 2257 1205 2316 ac
1252 2214 1440 2318 totidem
1479 2215 1611 2317 Italic<

683 2398 884 2504 praeerat
918 2360 1164 2464 Fernandus
1199 2359 1505 2463 Sanseverinus
1540 2361 1612 2464 Sal

683 2545 816 2616 neres
868 2544 973 2607 nam
1015 2505 1195 2647 utrique
1243 2506 1402 2607 eodem
1444 2542 1613 2608 conven

682 2649 734 2751 in
781 2650 968 2753 Galliam
1013 2651 1259 2794 navigare,
1306 2684 1349 2751 et
1396 2648 1506 2752 dum
1552 2649 1613 2790 ips

682 2795 923 2896 exercitum
973 2795 1252 2915 traduceret,
1300 2831 1425 2895 oram
1466 2793 1614 2895 mariti

680 2935 819 3080 igitur
846 2937 1059 3043 militibus
1084 2941 1139 3042 ad
1173 2939 1385 3042 Nicaeam
1414 2975 1459 3040 et
1489 2977 1615 3082 portu

681 3083 910 3227 Antipolis
946 3084 1201 3224 oppidum,
1236 3084 1361 3227 qnod
1396 3121 1489 3184 non
1525 3083 1616 3228 loru

680 3225 846 3329 finibus
882 3264 1198 3368 oppugnatura
1234 3269 1315 3334 nec
1348 3223 1435 3329 fuit
1471 3231 1616 3371 magni

679 3410 752 3472 rus
789 3410 888 3474 tum
924 3410 951 3469 a
987 3402 1129 3491 terra,
1164 3406 1323 3474 tuma
1368 3410 1478 3474 marr
1514 3407 1626 3474 torm

680 3554 855 3621 menter
902 3549 1196 3658 quateretur,
1238 3514 1487 3659 oppidanos
1531 3517 1587 3618 ad

678 3669 835 3805 Itaque
871 3699 1025 3762 omnes
1058 3653 1197 3781 facta,
1236 3694 1287 3761 ut
1319 3698 1612 3782 convenerat,

680 3809 874 3949 quisque
909 3802 1169 3909 vestimento
1204 3839 1248 3908 et
1283 3805 1610 3948 suppellectile,

679 3951 917 4094 cumipse
958 3985 1133 4090 portare
1176 3988 1362 4091 posset,
1407 3947 1578 4090 oppido

678 4131 933 4214 cesserunt,
976 4094 1302 4198 succedentibus
1346 4091 1595 4214 militibus,

678 4247 774 4370 jam
812 4239 893 4340 iter
929 4238 1110 4380 ingressi
1146 4237 1219 4339 hic
1254 4240 1495 4340 adventum
1531 4279 1621 4382 exsp

770 4393 957 4487 XXVII.
1054 4384 1226 4486 Eodem
1261 4380 1398 4483 ferme
1440 4419 1622 4528 tempor<

678 4561 731 4670 ut
766 4567 792 4626 a
828 4529 991 4632 Carolo
1027 4525 1165 4630 fuerat
1200 4528 1493 4671 imperatum,
1528 4569 1603 4674 per

680 4675 930 4808 pemodum'
968 4675 1210 4775 exereitum
1246 4675 1295 4776 in
1330 4673 1434 4775 fines
1480 4673 1595 4776 Galli

679 4811 884 4928 inducits
918 4853 962 4920 et
998 4818 1181 4922 castellis
1220 4819 1439 4921 nonnullis
1474 4819 1624 4962 receptf

1591 4962 1626 5063 li
