4326 5986
568 452 663 544 422
967 437 1055 524 ot
1101 439 1304 524 nutus
1351 437 1573 524 onsrrs

524 596 844 707 Conciliumt
824 633 916 703 tam
958 599 1199 701 necessario
1244 633 1482 740 ternpore,
1528 633 1712 742 tamque
1759 599 1897 745 longe
1941 641 1983 708 et

524 748 661 850 lare
649 789 698 849 ιιι
734 747 825 848 dies
862 741 1215 846 Lutheranorum
1251 739 1570 846 haereticorum
1598 744 1725 887 quasi
1750 782 1872 889 peste
1901 788 1976 851 ser·

523 926 687 1036 pente,
721 891 916 993 indicere
951 923 996 988 et
1033 889 1182 1031 primo
1218 927 1402 1032 quoque
1439 925 1641 1032 tempore
1664 929 1908 993 convocare
1931 933 1976 996 nt

522 1073 809 1180 gravaretur.
855 1046 960 1158 Qua
995 1035 1051 1134 de
1088 1072 1134 1135 re
1175 1032 1389 1135 Pontifice
1425 1036 1482 1135 ad
1524 1046 1730 1138 Senatum
1774 1036 1982 1141 Cardina-

522 1181 633 1283 lium
670 1175 936 1343 referente,
954 1218 1091 1280 nerno
1127 1177 1336 1280 omnium
1370 1172 1489 1303 fuir,
1522 1178 1635 1319 quin
1667 1218 1731 1281 rer
1717 1176 1983 1298 honestare

440 1393 446 1404 ·
525 1326 669 1426 victus
704 1322 936 1427 Caroli
893 1361 1021 1464 prum
1057 1321 1258 1423 animum
1293 1318 1493 1424 laudibus
1529 1320 1743 1446 efferret,-
1737 1361 1816 1426 ·et
1842 1361 1981 1491 postu·

520 1469 608 1572 lata
643 1469 903 1612 aequissima
952 1507 1040 1568 esse
1075 1465 1383 1569 confirmaret.
1421 1469 1504 1569 Sed
1539 1507 1633 1568 non
1668 1465 1980 1592 defuere,ttr

521 1615 592 1716 vel
630 1615 849 1716 studentes
889 1609 1015 1714 rebus
1057 1610 1274 1731 Gallicis,
1309 1610 1381 1714 vel
1417 1610 1503 1712 suis
1538 1648 1828 1739 metuentes,
1865 1509 1980 1716 dibiu

519 1759 698 1860 cultates
733 1791 1066 1919 proponerent,
1104 1795 1219 1899 quae
1255 1753 1338 1855 nisi
1374 1749 1557 1859 lirissent
1593 1754 1816 1879 sublatae,
1859 1769 1978 1861 Con⁴

516 1903 670 2003 cilium
711 1938 949 2002 convocarr
992 1939 1082 2000 non
1127 1937 1252 2040 posse
1299 1899 1564 2002 videretur:
1578 1937 1810 2045 oportere
1861 1904 1976 2045 prius

518 2045 768 2208 Principum
804 2041 1162 2145 Christianorum
1208 2043 1363 2144 sedatis
1400 2044 1628 2146 discordiis
1673 2085 1831 2188 pacem
1871 2086 1978 2151 con·

516 2188 669 2310 stimi,
707 2226 750 2293 et
787 2223 893 2290 tunc
929 2190 985 2289 de
1020 2187 1228 2330 cogendo
1265 2188 1475 2290 Concilio
1513 2187 1781 2294 deliberare.

447 2342 450 2350 ’
591 2343 713 2437 XIV.
788 2331 966 2434 Accidit
990 2332 1111 2434 enim
1146 2367 1312 2474 praeter
1336 2332 1581 2436 multorum
1608 2335 1906 2475 opinionem,
1932 2373 1977 2440 ut

514 2478 699 2580 Carolus
736 2517 790 2578 eo
831 2511 1071 2638 tempore
1069 2475 1266 2578 Concilii
1302 2478 1581 2579 mentionem
1617 2472 1813 2600 faceret,
1850 2521 1974 2623 quern

514 2622 713 2763 plerique
749 2658 902 2721 omnes
950 2618 1302 2722 existimaverant
1344 2660 1449 2722 cura
1485 2656 1530 2724 et
1565 2622 1845 2725 solicitudine
1881 2623 1973 2726 belli

515 2765 729 2928 gravioris
781 2763 1059 2908 implicatum
1105 2762 1217 2865 nilril
1262 2764 1442 2929 minus,
1487 2805 1626 2908 quam
1671 2770 1728 2869 de
1777 2769 1976 2872 Concilio

515 2908 843 3052 cogitaturum,
891 2909 1154 3051 quodcum
1193 2909 1310 3049 pacis
1347 2948 1580 3054 proprium
1614 2951 1701 3017 esse
1736 2911 1976 3038 videretur,

517 3088 666 3154 tamen
703 3055 867 3155 multos
909 3091 1048 3154 annos
1086 3052 1247 3194 quietis
1288 3054 1622 3197 tranquillisque
1664 3053 1792 3156 rebus
1834 3060 1977 3202 negle-

514 3231 639 3298 ctum
674 3192 852 3300 firisset.
894 3208 1111 3361 'Quarum
1164 3191 1472 3300 difficultatum
1524 3200 1819 3303 consideratio
1868 3241 1972 3304 vane

516 3344 799 3444 sacerdotum
838 3340 1010 3443 animos
1048 3339 1324 3484 exagitabats
1367 3381 1473 3443 nam
1517 3343 1647 3446 bonis
1692 3342 1906 3448 omnibus
1940 3381 1978 3450 et

516 3487 732 3651 religiosis
777 3521 866 3586 ram
918 3487 1201 3587 necessarium
1237 3487 1481 3589 temedium
1517 3489 1731 3591 Ecclesiae
1767 3530 1819 3591 ac
1866 3492 1980 3596 Reli-

547 3670 691 3747 roms,
728 3626 1041 3794 improborum
1078 3627 1314 3733 hominurn
1352 3667 1487 3774 arque
1529 3629 1850 3736 haereticorum
1892 3677 1981 3738 sce·

511 3669 600 3875 iere
645 3810 689 3875 et
735 3773 964 3916 impietate
1018 3772 1289 3898 laborantis,
1334 3775 1591 3919 Principum
1641 3779 1982 3883 dissensionibus

514 3915 724 4060 impediri
760 3917 1077 4080 permolestum
1109 3954 1240 4045 erat,
1279 3955 1324 4021 er
1359 3957 1566 4024 auctores
1595 3957 1688 4024 tam
1731 3925 1986 4068 importuni

512 4058 616 4164 belli
652 4063 780 4228 gravi
820 4062 990 4196 judicio
1038 3997 1419 4226 condemitabant3
1458 4064 1782 4170 haereticorum
1829 4107 1986 4174 autem

510 4207 756 4350 magistris,
792 4242 837 4307 et
873 4244 1031 4350 parum
1069 4206 1152 4349 piis
1189 4204 1447 4312 hominibus
1483 4250 1637 4314 contra
1663 4212 1985 4358 gratissimum,
2045 4289 2049 4300 ·

509 4353 679 4493 quippe
733 4347 895 4515 quibus
943 4348 1299 4456 Christianorum
1345 4353 1551 4479 dissidia,
1601 4360 1723 4460 velut
1774 4359 1985 4463 induciae

508 4532 691 4596 suorum
726 4493 997 4658 llagiriorum
1034 4531 1077 4598 et
1112 4498 1355 4640 patrocinia
1391 4485 1683 4612 videbanturs
1720 4506 1795 4605 sed
1831 4543 1982 4646 neque

507 4637 561 4741 iis
597 4637 687 4740 erat
724 4636 898 4802 ingrata
933 4673 1189 4783 temporum
1225 4643 1495 4786 perturbatio
1531 4646 1801 4791 moru'tnque
1836 4649 1977 4752 licen

506 4784 612 4908 tia,
664 4782 746 4930 qui
795 4821 981 4929 magnos
1037 4784 1232 4892 honores
1282 4789 1603 4899 Ecclesiastitos
1657 4787 1831 4900 fuerant
1876 4829 1980 4906 non

1898 4940 1980 5042 do-
