4284 5982
536 403 588 468 oo
907 379 976 470 nt
1008 364 1560 487 monumentorum

561 498 845 591 GONZALUS.
879 509 950 589 DE
988 506 1209 588 ARGOTE
1237 505 1304 582 ET
1333 502 1403 579 DE
1437 491 1653 580 MOLINA'
1684 503 1725 577 io
1759 499 1879 604 elogio
1906 503 1965 582 ad

514 614 760 694 Ambrosiam
788 616 976 691 Moralem
996 631 1035 691 et
1062 616 1262 688 civitatem
1287 604 1555 686 Cordubearem
1574 657 1585 702 ‚
1604 607 1816 706 praemisso
1845 609 1964 686 sitati-¹

514 719 730 816 quitatibus
761 721 985 814 Hispaniae
1013 713 1175 820 eiusdem
1203 711 1399 815 Moraiis)

721 823 856 905 icon
887 823 990 900 letras
1020 817 1160 901 esctlba

723 928 785 1007 De
813 926 928 1027 perlas
956 951 1050 1028 muy
1081 921 1191 1004 ufano

725 1033 781 1108 En
810 1032 845 1108 la
875 1053 964 1108 urna
993 1028 1174 1108 cristalina

725 1137 786 1216 Do
812 1159 855 1212 su
883 1135 1040 1212 luciente
1069 1135 1167 1214 mina
1463 1225 1468 1234 ³

725 1239 806 1314 Dos
834 1238 1008 1331 Senecas,
1040 1261 1090 1312 un
1122 1235 1261 1328 Mena,
1286 1255 1316 1335 y
1346 1251 1397 1311 un
1433 1227 1599 1328 Lucano,

726 1340 789 1415 Un
819 1339 1003 1432 Genesin,
1032 1365 1081 1416 un
1105 1338 1272 1429 Eulosio,

726 1441 763 1523 tY
783 1463 883 1524 entre
904 1463 999 1524 estas
1022 1467 1073 1520 un-
1094 1443 1219 1524 ilustte
1243 1464 1273 1543 y
1295 1438 1395 1518 clato
1410 1437 1620 1518 Ambrosio.

571 1647 838 1736 casianus
863 1651 1078 1732 BAETIUS
1105 1650 1262 1753 (vulgo
1282 1643 1428 1740 Baeza)
1460 1647 1506 1724 tie
1535 1650 1642 1744 inope
1678 1642 1847 1726 debitore
1877 1669 1961 1748 cap.

533 1761 593 1831 16.
613 1755 690 1847 fol.
722 1779 763 1832 11

601 1780 995 1958 Generm48ep111veda
1021 1854 1196 1935 debonis
1221 1855 1348 1936 litteris
1390 1871 1428 1929 et
1452 1851 1709 1955 Philosophiae
1734 1855 1863 1933 studiis
1887 1881 1957 1956 op·

521 1955 611 2038 rime
631 1961 788 2038 metitus
814 1963 952 2044 scribit.
976 1962 1179 2058 Fidalgom
1207 1979 1383 2060 corrupta
1409 1957 1589 2036 vocabulo
1606 1959 1814 2051 Italicam,
1843 1962 1964 2060 signi-

524 2058 655 2155 ficate,
669 2065 941 2166 immunemque
965 2087 1060 2154 esse,
1074 2064 1183 2142 sicuti
1206 2065 1385 2146 immunes
1407 2080 1508 2137 etant
1523 2087 1545 2138 a
1560 2061 1734 2153 tributis,
1758 2064 1824 2162 qui
1838 2064 1878 2138 in
1893 2065 1962 2142 Hi·

521 2166 644 2264 spania
670 2167 786 2248 Italici
813 2166 902 2267 juris
928 2166 1191 2260 censebantur,
1219 2167 1341 2266 quoles
1369 2182 1467 2240 etant
1481 2163 1676 2256 Pacenses,
1707 2165 1959 2260 Emeritenses,

527 2267 716 2346 Ualentini
735 2292 772 2350 et
785 2273 1089 2366 Barcmonemes,
1113 2293 1271 2373 quotum
1299 2267 1463 2350 meminit
1485 2263 1771 2373 Jutisconsultus
1794 2270 1835 2351 iu
1863 2270 1888 2352 l.
1919 2278 1964 2352 io

529 2372 741 2451 Lusitania
758 2371 815 2474 ff.
839 2379 885 2455 ae
910 2376 1046 2465 censio.
1105 2407 1110 2414 ·
2069 2393 2070 2398 ‘

577 2574 815 2680 JOANNES
842 2583 983 2664 ARCE
1010 2583 1273 2665 oratoru
1302 2588 1341 2661 ia
1356 2589 1490 2662 Sumen.
1503 2579 1839 2682 nobilit.Hirpaa.
1852 2594 1964 2682 pari.

529 2700 738 2885 2⁷·cl‘lgpe31i
751 2704 997 2889 ilqtremrlgpud
1023 2812 1163 2871 nostrae
1187 2791 1341 2868 nationis
1366 2792 1465 2868 vitos
1490 2787 1535 2868 ad
1563 2793 1734 2868 amussim
1761 2787 1959 2884 eruditum,

529 2887 686 2968 maxime
716 2893 753 2966 in
782 2892 910 2970 latina
924 2895 1137 2996 Graecaque
1159 2895 1309 2997 lingua,
1336 2915 1372 2970 et
1397 2895 1546 2994 antiqua
1571 2891 1747 2969 bonarum
1761 2893 1965 2970 litteratum

525 2989 706 3087 lectione,
735 2996 802 3095 qui
829 2993 924 3077 hanc
948 2998 1111 3076 eamdem
1131 2999 1341 3099 opinionem
1368 2999 1582 3074 auctoritate
1611 3021 1675 3073 sua
1701 2993 1883 3086 firmavit,
1904 2996 1962 3072 di·

525 3093 656 3172 ciendo
682 3099 813 3195 queel
837 3101 990 3180 vocablo
1013 3102 1169 3199 hidalgo
1193 3124 1231 3180 se
1256 3099 1385 3178 derivo
1409 3097 1648 3190 delitaiioo,
1678 3123 1757 3198 yse
1785 3099 1965 3176 mudaron
2083 3107 2086 3120 “

529 3219 561 3294 y
592 3216 759 3276 trocaron
785 3201 834 3278 las
865 3203 968 3282 lectas
991 3257 1007 3296 ,
1030 3203 1239 3282 aedictum
1267 3224 1344 3282 est:
1373 3199 1435 3277 hic
1465 3221 1518 3280 est
1545 3202 1689 3278 Ductor
1713 3201 1884 3278 Ginesius
1917 3201 1963 3280 de

530 3297 761 3396 semiana,
788 3305 950 3384 Caesaris
979 3307 1093 3384 nostri
1120 3308 1244 3384 Caroli
1278 3307 1327 3382 V.
1361 3301 1544 3382 chronista
1581 3323 1619 3379 et
1653 3301 1968 3405 historiographus

526 3403 796 3492 meritissimus,
810 3409 877 3508 qui
903 3409 942 3484 in
970 3409 1117 3509 epistola
1139 3408 1189 3488 ad·
1211 3405 1421 3506 Philippum
1448 3412 1589 3510 Regem
1624 3429 1788 3482 nostrum
1817 3408 1856 3482 in
1891 3406 1966 3485 fine

526 3499 623 3586 hatte
645 3508 854 3608 opinionem
877 3530 919 3590 ut
938 3535 1072 3594 novam
1091 3533 1128 3592 et
1146 3513 1326 3593 curiosam
1347 3512 1559 3610 simpliciter
1574 3526 1612 3587 et
1625 3510 1815 3592 succincte·
1828 3512 1964 3611 posuit.

629 3715 906 3798 ausanius
933 3719 1163 3800 MIRAEUS
1193 3719 1238 3796 de
1269 3717 1421 3814 Seript.
1448 3739 1550 3795 saec.
1574 3713 1665 3790 ttV
1660 3712 1698 3794 I.

450 3821 455 3830 '
607 3816 670 3918 J0.
684 3822 777 3900 Gen.
794 3822 1003 3923 Sepulveda.
1016 3881 1053 3903 ..
1069 3825 1286 3902 Ciceronem
1302 3821 1465 3899 dictione·
1482 3840 1623 3916 semper
1647 3818 1869 3912 aemulatus,
1895 3817 1967 3898 Hn

530 3939 659 4018 manos
687 3925 780 4002 inter
802 3926 1031 4006 excelluit...
1047 3921 1210 4003 Moriens
1236 3924 1385 4024 reliquit
1408 3923 1686 4002 commentarios
1711 3919 1757 3999 de
1771 3922 1896 4000 Caroli
1916 3926 1963 4002 V.

530 4022 622 4121 Imp.
645 4018 764 4102 rebus'
775 4031 911 4129 gestis,
940 4051 983 4107 ut
1008 4053 1148 4107 summa
1171 4025 1244 4105 fide
1266 4047 1303 4105 et
1326 4026 1540 4128 diligentia,
1565 4026 1619 4104 sic
1645 4044 1683 4106 et
1704 4025 1881 4130 elegantia
1905 4049 1966 4130 pu·¹
2129 4015 2130 4090 Ῐ

531 4125 564 4204 ti
589 4130 841 4228 conscriptos:
872 4157 964 4232 quos
993 4135 1132 4212 utlnam
1160 4133 1243 4233 quis
1268 4127 1452 4234 proferati

606 4291 890 4416 ‘nnromus
915 4337 1218 4420 rossrvmus
1246 4344 1286 4414 a
1317 4339 1525 4436 Apparere
1550 4357 1661 4412 saa
1685 4353 1780 4436 pag.
1807 4331 1894 4413 uso.

442 4459 446 4466 ’
530 4515 532 4520 ,
608 4433 765 4533 Joannes
791 4441 968 4520 Genesius
996 4440 1198 4541 Sepulveda
1223 4440 1470 4520 Cordubensis
1498 4437 1747 4540 Theologus,
1776 4462 1818 4516 ac
1849 4434 1972 4514 Caroli

527 4533 578 4616 Ν.
601 4537 692 4636 Imp.
717 4542 948 4636 Histoticus,
977 4547 1043 4642 qui
1067 4569 1148 4622 ann.
1175 4545 1237 4622 82.
1254 4544 1421 4636 caelebs,
1450 4563 1492 4620 et·
1512 4545 1549 4618 in
1577 4542 1683 4619 bonis
1704 4540 1863 4617 Artibus
1886 4564 1973 4622 cen⁴

530 4640 684 4720 timenter
723 4667 908 4738 versatus,
937 4645 1130 4738 insumslt,
1156 4646 1252 4722 obiit
1278 4669 1372 4722 anno
1398 4668 1513 4747 157²·
1536 4644 1697 4743 sepultus
1719 4644 1758 4717 in
1781 4642 1975 4720 Putalbani

528 4745 721 4926 sulit?
760 4747 879 4925 “in
892 4748 1439 4931 silini‘⁰⁹t.i⁰iili¹¹¹·
1467 4749 1619 4928 ists
1642 4771 1748 4928 tit.
1767 4744 1974 4926 asti

528 4953 619 5052 Imp.
639 4903 811 5049 scripsin,
837 4977 915 5032 eam
944 4953 1054 5034 audio
1081 4878 1177 5055 apid
1204 4878 1608 5058 Catholicumqllegem
1634 4953 1817 5030 asservari.
1834 5007 1844 5028 .
1860 5003 1902 5028 ..
1935 4903 1968 4993 *⁹

604 5055 778 5135 Ceterum
800 5059 974 5158 quoniam
1000 5057 1234 5162 Sepulveda,
1263 5059 1329 5137 ubi
1359 5062 1435 5161 agit
1464 5057 1509 5138 de
1536 5059 1626 5138 Erae
1652 5057 1868 5158 Hispanlcae
1900 5077 1970 5176 ¹3⁰⁶·
2129 5125 2130 5130 Ν

1873 5181 1946 5235 ml·
