4368 5984
602 375 608 482 s
688 422 808 496 utra
834 421 900 496 ar
921 421 1136 502 scutata.
1542 423 1608 499 nt.

174 557 267 644 inm
284 546 538 668 Sepulvedam
551 611 564 655 ,
578 549 647 668 qui
661 547 754 634 urbe
770 547 830 635 illa
845 551 971 639 relicta
987 553 1113 640 sedem
1131 548 1286 638 fixerant
1300 551 1340 636 in
1357 553 1477 640 Puteo
1494 553 1596 642 albo.

263 679 358 760 Post
387 701 582 758 emensum
607 670 876 757 humaniorum
918 671 1122 759 litteratum
1147 672 1309 760 stadium
1337 671 1375 758 in
1405 675 1499 759 urbe
1526 679 1627 762 Cor-

172 794 370 898 dubensi,
399 821 529 910 quae,
560 815 605 876 ut
637 790 820 876 Martialis
854 793 975 879 verbis
997 821 1148 880 utamur
1177 854 1190 898 ‚
1217 797 1309 876 daos
1325 793 1521 901 Senecas,
1550 805 1628 878 atai-

169 941 325 1021 camqua
346 914 538 995 Lucanum
553 909 731 1016 fiacanda
759 919 952 1019 loquitar,
982 913 1233 1026 Complutum
1263 939 1301 996 se
1327 914 1512 999 transtulit
1537 915 1630 1000 cele·

169 1033 374 1117 berrimum
393 1056 485 1116 runc
511 1030 690 1144 temporis
715 1029 949 1115 scientiarum
989 1033 1160 1118 omnium
1178 1031 1448 1138 Athenaeum,
1474 1032 1539 1118 ubi
1566 1034 1629 1118 tri·

169 1152 326 1236 ennium
347 1181 502 1237 summo
527 1148 641 1232 animi
657 1174 799 1235 conatu
815 1149 855 1234 in
871 1149 1156 1266 Philosophiam
1180 1149 1349 1236 incubuit
1372 1151 1442 1236 sub
1472 1141 1626 1238 Xancio

168 1270 351 1356 Miranda
376 1293 416 1355 et
444 1272 664 1374 Carranza,
697 1267 853 1355 Artium
873 1284 886 1324 ¹
909 1294 947 1356 ct
976 1269 1213 1387 Theologiae
1242 1270 1400 1355 doctore
1424 1271 1627 1357 eruditissi-

168 1417 236 1474 mo
254 1451 268 1495 ,
284 1388 380 1474 uria
407 1387 575 1473 Genesio
599 1410 789 1494 vocatur,
814 1391 957 1507 quique
973 1389 1011 1478 in
1039 1420 1085 1475 ca
1100 1416 1282 1474 tertarum
1311 1389 1410 1473 orbis
1436 1389 1627 1476 celeberri-

108 1536 112 1542 ’
168 1537 235 1592 ma
251 1505 455 1594 Academia
487 1505 717 1592 dialecticam
751 1533 789 1594 et
815 1511 1005 1624 physicam
1024 1509 1263 1614 doctrinam,
1298 1507 1435 1594 deinde
1452 1509 1626 1595 Theolo-

172 1625 271 1742 giam
289 1651 395 1712 tanta
411 1655 500 1710 cum
516 1625 678 1712 nominis
701 1626 757 1712 sui
786 1627 905 1744 gloria
921 1629 1076 1734 docuit,
1105 1652 1149 1713 ut
1163 1628 1263 1714 solus
1280 1655 1400 1742 paene
1428 1627 1468 1712 in
1493 1628 1624 1716 scholis

172 1773 329 1861 regnate
355 1745 575 1831 videretur.

258 1867 441 1960 Quantos
465 1864 503 1947 in
532 1860 795 1978 philosophicis
815 1866 943 1952 studiis
975 1893 1191 1982 progressus
1220 1859 1347 1950 fecerit
1386 1863 1626 1982 Sepulveda,

169 2007 433 2099 quantamque
455 1983 505 2068 de
529 2011 567 2067 se
593 1981 634 2064 in
660 1982 833 2068 omnium
863 1984 993 2069 animis
1017 1985 1180 2071 excitarit
1207 1984 1536 2097 exspectationem,
1553 1986 1623 2071 do·

166 2127 351 2188 cumeoto
383 2129 460 2188 esse
491 2101 631 2215 poterit
664 2161 677 2205 ‚
703 2102 812 2216 quod
846 2103 885 2190 in
914 2103 1164 2226 Seguntinum
1193 2102 1282 2188 Divi
1307 2103 1463 2191 Antonii
1491 2105 1622 2190 Colle·

168 2219 276 2336 gium
292 2219 488 2306 communi
513 2216 691 2335 suffragio
719 2217 828 2307 fuerit
851 2246 1079 2339 cooptatus,
1103 2224 1212 2336 quod
1227 2221 1440 2338 Collegium
1457 2223 1506 2308 ad
1534 2252 1621 2308 not·

168 2369 276 2422 mam
291 2338 536 2425 Bononicmis
552 2338 763 2425 institutum
795 2367 850 2425 est
882 2370 905 2425 a
933 2343 997 2454 Jo.
1015 2346 1127 2454 Lupo
1143 2339 1191 2424 de
1219 2338 1357 2423 Mitina
1379 2401 1391 2443 ,
1414 2340 1497 2426 viro
1525 2371 1622 2428 sum·

168 2487 239 2542 mo
254 2478 295 2540 et
320 2485 529 2572 numquam
552 2456 637 2543 satis
652 2455 809 2544 laudato
826 2519 838 2562 ‚
856 2459 922 2573 qui
947 2460 984 2544 in
1011 2457 1175 2543 Ecclesia
1205 2457 1410 2574 Saguntina
1427 2457 1621 2546 Archidia·

166 2602 289 2659 conus
318 2571 390 2661 fuit
413 2575 692 2662 Almazanensis
721 2601 815 2681 ,ter
844 2577 948 2663 denis
976 2575 1197 2664 scholasticis
1229 2576 1353 2688 studia
1385 2575 1621 2693 Theologiae

168 2691 468 2781 aemulantibus:
487 2697 595 2804 cajus
609 2721 676 2779 nos
690 2698 937 2780 adolescentes
955 2695 1012 2810 (ut
1028 2693 1260 2812 Sepulvedae
1275 2694 1397 2783 verbis
1413 2721 1564 2780 utamur
1586 2696 1620 2812 ²)

168 2818 332 2920 aliquam
339 2829 493 2925 partem
509 2812 642 2922 faisse
654 2839 724 2898 noa
741 2819 842 2901 modo
857 2841 925 2900 non
936 2825 1122 2926 poenitet,
1140 2819 1209 2898 sed
1220 2821 1333 2898 etiam
1346 2820 1566 2922 gloriamur.

259 2932 348 3044 Jam
379 2961 475 3020 vcro
499 2962 734 3049 quamquam
761 2961 843 3020 non
867 2964 1023 3050 parvam
1052 2934 1184 3019 sibiet
1216 2932 1254 3016 in
1289 2930 1550 3049 philosophicis
1581 2955 1621 3019 et

169 3045 392 3168 theologicis
427 3051 619 3165 disciplinis
652 3052 844 3140 doctrinae
868 3052 1134 3168 'supellectilem
1164 3051 1267 3164 apud
1295 3075 1476 3137 nostrates
1510 3077 1621 3136 com-

169 3194 395 3281 paraverat,
419 3169 659 3256 nihilominus
684 3199 774 3255 cum
798 3172 1011 3258 ardentiore
1040 3171 1173 3256 indies
1201 3167 1331 3254 animo
1357 3170 1397 3254 in
1426 3169 1548 3254 studia
1563 3169 1622 3255 lit·

169 3305 337 3372 terarum
368 3285 558 3395 ferretur,
581 3289 796 3376 Bononiam
812 3315 1007 3407 tamquam
1026 3290 1077 3375 ad
1100 3287 1334 3374 scientiarum
1359 3287 1531 3373 omnium
1546 3285 1620 3373 do-

168 3404 347 3492 micilium
363 3405 596 3522 cupidissime
611 3439 649 3494 se
673 3408 861 3518 contulit,
896 3434 939 3496 ut
960 3411 1116 3514 locum,
1145 3407 1350 3522 Hispaniae
1379 3405 1537 3492 alumnis
1554 3436 1621 3493 va-

168 3549 285 3609 cuum
309 3524 348 3609 in
378 3523 442 3612 illo
458 3525 633 3645 Collegio
649 3525 847 3631 relictum,
876 3556 914 3614 et
938 3528 975 3612 in
997 3556 1114 3646 quem
1138 3523 1259 3612 fuerat
1283 3555 1305 3611 a
1331 3527 1523 3611 Francisco
1551 3525 1619 3611 Xi-

171 3642 300 3728 meoio
327 3641 498 3732 Cisnerio
528 3708 542 3753 ,
568 3645 762 3733 Toletano
795 3647 1003 3752 Antistire,
1036 3651 1268 3761 sanctaeque
1306 3643 1398 3729 illius
1436 3642 1620 3728 Ecclesiae

171 3759 352 3876 Capitulo
380 3762 586 3872 suffectio,
612 3764 855 3881 adimpleret.
903 3771 1036 3881 ltaque
1065 3792 1204 3881 magna
1232 3762 1404 3850 omnium
1432 3761 1617 3876 approba·

171 3877 276 3966 tione
305 3880 360 3965 sui
389 3882 471 3968 voti
493 3879 614 3970 factus
631 3908 688 3970 est
711 3912 871 4000 compos
886 3886 969 3970 Vll.
986 3884 1070 3969 Kal.
1093 3881 1254 3978 Quintil.
1282 3909 1371 3966 ann.
1396 3905 1520 3988 1515.
1548 3881 1621 3963 Re·

170 4021 277 4084 ctore
300 3997 452 4111 Jacobo
469 4003 690 4121 Attehaga,
722 4003 807 4090 vito
823 4004 1015 4119 utriusque
1040 4003 1124 4116 iuris
1140 4000 1382 4106 doctissimo,
1410 3996 1513 4109 cujus
1543 4025 1621 4082 me·

171 4115 280 4204 minit
306 4118 518 4234 Sepulveda
534 4145 618 4208 tum
646 4123 949 4232 indescriplione
965 4123 1121 4230 Collegit·
1137 4123 1393 4228 Hispanorum
1418 4116 1620 4202 Bononien-

170 4240 259 4342 sis,
284 4251 303 4311 3
323 4260 407 4323 taam
421 4238 461 4323 in
475 4241 631 4355 epistola
646 4239 697 4326 ad
715 4242 894 4338 eumdem
909 4241 1098 4353 Jacobum
1114 4235 1259 4352 scripta.

261 4354 357 4452 Quo
381 4381 554 4475 tempore
593 4357 806 4473 Sepulveda
836 4358 874 4442 in
903 4353 1144 4444 Bononiens'e
1174 4355 1386 4471 Collegium
1418 4374 1620 4468 cooptatus

169 4494 254 4575 est,
279 4471 475 4590 insignitus
502 4477 576 4588 jam
605 4501 686 4564 erat
711 4477 749 4560 in
796 4476 978 4590 Hispania
995 4475 1223 4563 baccalautei
1252 4476 1398 4558 honore
1422 4501 1435 4582 3
1462 4501 1553 4555 num
1582 4471 1621 4555 in

168 4589 439 4712 Philosophia,
467 4625 517 4681 an
546 4596 791 4714 Theologia,
823 4596 931 4682 nobis
950 4594 1247 4708 incompertum.
1283 4591 1377 4684 lllud
1401 4613 1501 4676 certe
1528 4616 1621 4674 con·

1065 4709 1144 4796 Aa
1396 4803 1398 4809 s
1512 4731 1623 4812 star,

226 4867 239 4908 t
292 4849 394 4931 Digna
414 4857 490 4916 lectu
512 4866 609 4932 sunt,
630 4873 702 4928 quae
719 4855 755 4916 de
775 4871 960 4935 praeceptore
979 4875 1030 4916 suo
1043 4854 1182 4914 Miranda
1195 4851 1302 4911 litteris
1322 4849 1493 4928 consignata
1508 4845 1624 4920 reliquit

167 4925 333 5005 Sepulveda
354 4937 385 4993 io
406 4939 605 5012 descriptione
622 4934 754 5019 Collegii
775 4939 976 5018 Hispanorum
995 4937 1206 5011 Bononiensis,
1220 4951 1285 5012 pag.
1301 4929 1349 5010 84.

206 5029 225 5068 a
269 5013 651 5098 Descript.Colleg.l·lisp.
669 5017 829 5096 Bon.p.8.
1153 5039 1156 5046 ·

204 5109 224 5172 3
269 5093 343 5172 Pag.
364 5096 409 5158 so.
