4292 5984
561 453 803 588 ennom
846 500 899 583 v.
945 505 1063 582 cru.
1108 499 1147 582 1.·
1509 499 1566 590 37

143 669 217 770 sed
245 663 432 770 incultae
463 663 520 762 'cc
562 659 765 764 barbarae
809 659 1038 777 nationes,
1081 659 1282 760 inventae
1312 692 1357 758 er
1392 654 1439 758 in
1470 662 1605 804 Regis

144 812 353 914 Castellae
384 840 641 948 potestatem
674 806 899 923 redactae,
936 838 980 901 et
1007 839 1169 943 magna
1196 801 1394 943 undique
1430 802 1495 902 vis
1532 844 1609 904 au-

143 955 183 1054 ri
238 953 494 1097 argentique
549 976 823 1087 comportata
878 980 971 1064 est,
1018 978 1061 1043 et
1108 944 1308 1084 quotidie
1353 983 1611 1087 comporta-1

142 1133 245 1212 tur,
283 1139 375 1198 non
408 1091 708 1196 desistentibus
740 1087 942 1191 classibus
968 1087 1124 1189 nostris
1155 1088 1272 1186 ultro
1304 1126 1347 1188 et
1383 1088 1497 1188 citro
1532 1131 1610 1230 per

141 1251 407 1358 Oceanum,
451 1277 586 1379 quem
632 1246 724 1368 jam
769 1231 853 1334 sibi
899 1226 987 1334 fere
1032 1267 1181 1333 totum
1216 1225 1475 1334 familiarem
1509 1234 1610 1335 red-

141 1384 375 1499 diderunt,
413 1417 687 1480 commeare.
1158 1401 1159 1404 ‘

203 1531 416 1628 XXXIX.
484 1533 589 1622 Hoc
625 1556 738 1620 statu
774 1517 1016 1662 Hispaniae
1052 1532 1262 1665 Regnum
1296 1521 1472 1625 Isabella
1508 1534 1609 1625 Fer-¹

142 1671 401 1810 nandusque
428 1665 664 1768 successori
694 1665 858 1765 Carolo
887 1664 1177 1807 reliquerunt.
1215 1669 1455 1770 Femandus
1486 1669 1608 1770 enim

145 1856 199 1914 ex
235 1812 431 1916 Isabellae
468 1809 753 1912 matrimonio
792 1807 932 1908 filium
966 1851 1106 1910 unum
1125 1816 1382 1942 Joannem,
1420 1810 1500 1952 qui
1535 1813 1611 1913 du:

143 1993 214 2059 cta
249 1955 492 2098 Margarita
537 1952 835 2053 Maximiliani
876 1955 1065 2052 Caesaris
1102 1953 1190 2053 lilia
1225 1993 1328 2057 ante
1364 1987 1610 2095 susceptam

140 2101 314 2240 prolem
351 2094 580 2199 delunctus
618 2132 704 2214 est,
741 2131 784 2194 et
822 2131 1012 2236 quatuor
1046 2095 1156 2194 filias
1192 2100 1471 2238 procreavit,
1518 2109 1609 2206 isa-3

140 2245 324 2361 bellam,
362 2249 609 2375 Joannam,
644 2238 837 2337 Mariam
874 2274 918 2337 et
953 2235 1266 2340 Catherinam:
1306 2280 1491 2380 quarum
1527 2253 1605 2341 Isa-

138 2386 255 2486 bella
301 2421 406 2484 natu
457 2383 645 2482 maxima
693 2417 793 2520 post
837 2375 989 2480 fratris.
1026 2380 1201 2480 obitum
1246 2383 1474 2482 Emanueli
1516 2419 1604 2482 nu-·

139 2529 227 2668 psit
274 2526 387 2668 Regi
435 2524 753 2666 Portugalliae,
789 2524 905 2623 unde
956 2521 1051 2624 filio
1101 2522 1320 2624 Michaele
1371 2561 1603 2663 procreato

141 2705 335 2770 mortem
381 2667 521 2770 obiit:
568 2707 617 2767 ac
665 2666 756 2808 ipse
800 2708 982 2809 quoque
1018 2664 1213 2766 Michael
1248 2669 1296 2767 in
1332 2667 1478 2767 omnis
1514 2667 1605 2768 Hi*

142 2813 320 2953 spaniae
357 2850 401 2912 et
437 2847 506 2911 tot
540 2823 804 2952 Regnormn
839 2851 961 2952 spem
998 2846 1124 2910 natus
1161 2810 1397 2912 immatura
1432 2845 1604 2932 morte,

141 2958 359 3056 vixdum
396 2991 585 3097 egressus
621 2954 807 3055 alterum
843 2992 1035 3071 annum,
1071 2955 1265 3054 decessit.
1305 2955 1428 3056 Huic
1464 2993 1601 3093 porro

141 3100 372 3200 Emanueli
410 3099 554 3200 Maria
593 3134 693 3239 post
740 3098 915 3201 obitum
961 3097 1120 3197 sororis
1162 3097 1338 3240 nupsit,
1382 3097 1607 3199 Pontificis

144 3242 337 3343 Maximi
374 3241 677 3384 indulgentia,
714 3282 851 3383 quam
888 3248 1203 3380 dispensationem
1246 3243 1501 3383 appellant,
1537 3243 1605 3342 le-

143 3384 273 3525 gibus
307 3385 479 3493 solutas
512 3423 555 3485 et
583 3388 850 3506 Catherina,
877 3425 1077 3486 sororum
1103 3423 1209 3486 natu
1236 3386 1449 3507 minima,
1486 3395 1608 3487 Hen-

141 3529 238 3626 rico
263 3529 510 3630 Britanniae
542 3529 689 3671 Regi,
726 3527 853 3660 hujus
891 3525 1020 3629 fratrc
1035 3536 1231 3651 ·Artur0,
1259 3534 1329 3633 cui
1365 3531 1501 3673 priori
1535 3562 1609 3630 nu*

141 3707 315 3810 pserat,
353 3673 443 3773 sine
480 3671 624 3774 liberis
661 3667 899 3775 defuncto.
939 3681 1120 3810 Joanna
1156 3716 1264 3776 vero
1301 3674 1457 3775 harum
1493 3708 1610 3772 utra·-

141 3851 231 3954 que
268 3852 376 3916 natu
413 3825 580 3948 major,
618 3824 741 3947 cujus
779 3852 890 3937 erat,
927 3811 1054 3921 fratre
1093 3857 1136 3919 et
1171 3816 1346 3920 Isabella
1382 3853 1529 3915 sorore
1565 3848 1609 3916 et

137 3957 361 4058 Michaele
409 3957 504 4058 filio
548 3959 842 4081 demortuis,
867 3971 933 4092 jus
979 3961 1231 4103 parentibus
1277 3961 1323 4057 in
1367 3958 1608 4100 Hispaniae

135 4111 344 4240 Regnum
380 4103 671 4221 succedendi,
708 4101 918 4245 Philippo
957 4105 1104 4243 nupsit
1146 4100 1445 4203 Maximiliani
1492 4115 1608 4204 Cae-

136 4243 241 4342 saris
276 4239 389 4362 filio,
425 4245 666 4362 Flandriae‚
698 4247 986 4365 Bravantiae,
1023 4243 1377 4385 Hollandiaeque
1413 4282 1458 4346 et
1492 4243 1610 4346 mul-

142 4421 288 4487 tarum
311 4423 532 4526 praeterea
556 4386 754 4528 Belgicae
778 4389 944 4488 Galliae
969 4387 1195 4489 civitatum
1221 4387 1402 4513 heredi,
1432 4423 1476 4488 et
1501 4387 1610 4494 item

137 4529 365 4636 Austriae3
405 4569 457 4629 ex
491 4571 585 4670 quo
623 4530 916 4632 matrimonio
950 4532 1162 4652 Carolus,
1197 4535 1531 4674 Fernandusque
1567 4569 1610 4635 er

140 4705 225 4771 tres
268 4711 432 4772 sorores
470 4674 694 4815 progeniti
730 4669 933 4778 fuerunt:
971 4676 1214 4794 Eleonora,
1251 4717 1365 4816 quae
1401 4688 1612 4777 Emanue-

139 4813 172 4912 li
214 4815 355 4920 eidem
396 4816 688 4960 Portugallrae
699 4893 717 4937 ,
764 4853 808 4917 et
852 4854 953 4960 post
996 4817 1127 4952 hujus
1169 4818 1344 4920 obitum
1385 4820 1608 5059 Francisclo

1499 4975 1566 5062 Ga
1583 5021 1609 5038 -
