4294 5972
552 405 1172 493 cenomanum.
1220 487 1226 494 .
1501 415 1591 511 ,343

178 604 399 695 ,,ιιιιιιιι,
438 603 532 664 ιιοιι
568 603 654 664 esse
693 556 936 662 defuturas.
958 579 989 622 “

248 724 316 814 III
392 701 591 850 Acceptis
635 704 702 804 his
749 705 990 867 responsis,
1026 705 1243 824 Carolus,
1286 746 1341 808 ne
1383 705 1492 813 illud
1529 715 1633 876 qui

177 859 282 959 dem
319 852 482 954 eisdem
516 846 871 951 obsistentibus
860 885 1095 988 impetrare
1130 851 1308 990 potuit,
1343 889 1394 952 ut
1427 860 1635 1018 Magister

177 1000 392 1161 Equitum
427 992 676 1136 Religionis
711 991 918 1093 Militaris
953 991 1098 1093 Sancti
1143 997 1335 1130 Joannis
1347 1075 1365 1160 '.
1414 1001 1494 1137 qui
1531 1037 1635 1103 tunc

180 1144 356 1243 natione
392 1139 537 1240 Gallus
574 1173 688 1258 erat,
718 1175 772 1234 ex
807 1135 965 1235 Melita
998 1133 1138 1238 insula
1175 1177 1277 1238 cum
1304 1141 1390 1241 suis
1424 1140 1636 1256 militibus

180 1297 408 1386 Coronem
444 1282 679 1424 migraret,
715 1280 1022 1421 eamdemque
1052 1279 1190 1418 copiis
1226 1283 1365 1385 auctis
1407 1287 1639 1388 communi

181 1429 436 1568 Principum
479 1425 834 1525 Christianorum
884 1460 1035 1526 sumtu
1081 1439 1416 1526 tueretur.1ta
1460 1465 1640 1570 propter

182 1611 251 1670 cas
269 1609 427 1710 ‚quas
463 1567 793 1686 demonstravi,
827 1606 974 1667 causas
1010 1567 1273 1706 praesidium
1311 1566 1438 1701 jubet
1472 1612 1498 1672 a
1541 1584 1640 1673 Co-

182 1751 291 1813 rone
326 1713 514 1832 deduci,
551 1750 595 1814 et
630 1751 734 1812 cum
769 1710 941 1812 Graecis
976 1707 1273 1830 Christianis,
1314 1709 1512 1851 siquibus
1554 1755 1642 1816 no-

186 1892 295 1954 stros
332 1856 457 1996 sequi
492 1852 1038 2014 placuisset3'm1taliam
1073 1853 1383 1992 transportatis
1420 1857 1545 1996 quod
1579 1853 1644 1956 fa·

184 2033 308 2098 ctum
351 2034 413 2097 est
463 2033 628 2134 praeter
670 1994 930 2134 opinionem
973 2030 1018 2094 et
1062 2029 1220 2093 votum
1263 1994 1642 2122 adversariorum,

186 2179 266 2280 qut
338 2139 518 2239 raesidia
563 2137 717 2238 Caroli
768 2132 1061 2275 cupiebant
1048 2173 1095 2234 m
1145 2136 1373 2236 Graeciam
1424 2178 1475 2238 ex
1523 2143 1645 2244 Italia

186 2141 431 2402 translirri,
472 2317 522 2382 ut
565 2295 673 2381 haec
714 2278 919 2420 Hispano
961 2276 1107 2380 milite
1149 2278 1357 2380 destituta
1398 2281 1646 2385 redderetur

187 2426 317 2526 novis
353 2360 480 2527 relius
515 2437 797 2566 opportuna.

259 2577 335 2669 lV.
409 2567 665 2703 Solymanus
707 2600 856 2668 autem
898 2564 1071 2687 initio,
1109 2562 1221 2666 dum
1272 2565 1417 2670 adhuc
1467 2582 1647 2671 Corone

189 2747 444 2810 nostrorum
478 2709 693 2849 praesidio
733 2744 985 2829 teneretur,
1021 2748 1204 2810 omnem
1241 2747 1367 2811 suam
1410 2749 1561 2810 cutam
1598 2712 1648 2812 in

147 2849 278 2968 'boc
313 2853 527 2991 oppidum
564 2852 868 2992 recipiendum
898 2850 1184 2952 intendebat:
1223 2852 1392 3013 quippe
1418 2851 1648 2953 verebatur

122 3025 134 3047 ”
190 3036 248 3096 ne
284 2995 525 3127 majoribus
561 2992 916 3096 Christianorum
951 2995 1087 3135 copiis
1124 2993 1374 3134 importatis
1411 2995 1521 3096 illud
1555 3035 1649 3096 ma-

190 3139 313 3256 lum,
351 3137 436 3237 nisi
471 3139 803 3300 provideretur,
849 3138 974 3238 latius
1012 3176 1231 3278 serperet,
1275 3136 1399 3236 aditu
1433 3137 1544 3237 ad
1533 3174 1648 3238 mte-

77 3289 83 3300 ’
132 3278 354 3382 riotcm
390 3281 618 3382 Graeciam
664 3319 708 3385 et
751 3281 878 3423 quasi
920 3283 1058 3423 gradu
1105 3319 1183 3420 per
1224 3292 1454 3384 Coronem
1498 3273 1646 3382 facto.

191 3435 345 3564 Itaque
382 3427 437 3524 ad
473 3424 628 3524 arctius
663 3436 894 3526 Coronem
930 3424 1217 3526 obsidendam
1246 3424 1559 3586 Graeciamque
1586 3459 1647 3522 tu·

194 3569 375 3668 eandam
413 3567 588 3666 classem
625 3567 789 3668 cunctis
826 3567 1069 3668 rationibus
1103 3606 1264 3710 augere
1299 3567 1556 3674 constituit3
1592 3567 1649 3669 ad

196 3719 316 3841 cujus
354 3708 488 3810 robur
523 3709 768 3852 intelligens
803 3712 942 3852 magis
978 3713 1137 3813 ducem
1173 3712 1411 3827 idoneum,
1449 3745 1491 3808 et
1528 3708 1650 3808 mili-

195 3887 286 3952 tem
328 3851 553 3956 navalibus
593 3855 763 3996 praeliis
813 3892 1072 3975 assuetum,
1114 3893 1249 3994 quam
1295 3890 1527 3954 numerum
1567 3890 1652 3952 na-

195 3996 321 4096 vium
358 4034 640 4102 rostratarum
676 4000 820 4102 deesse
856 3998 979 4131 (hoc
1029 3997 1148 4095 enim
1190 3995 1489 4094 Caesarianam
1525 4034 1652 4135 supe·

197 4137 382 4278 rabat);
417 4180 656 4281 utrumque
693 4184 736 4242 se
772 4140 897 4242 facile
928 4175 1263 4241 consecuturum
1293 4139 1491 4278 putavit,
1518 4177 1553 4238 s1
1539 4139 1653 4237 ad-

198 4281 410 4384 duxisset
408 4324 472 4386 ac
508 4325 609 4384 suae
644 4285 764 4386 classi
801 4278 1070 4453 praefecisset
1106 4280 1408 4383 Charadinum
1454 4285 1653 4382 Garbato-

197 4467 291 4527 xam
314 4428 724 4569 cognominatum,
759 4436 879 4562 cujus
916 4427 1085 4526 virtutis
1125 4463 1170 4525 et
1204 4424 1486 4528 industriae
1473 4463 1521 4523 m
1557 4423 1655 4524 bel-

198 4569 249 4668 lis
290 4571 536 4712 pugnisque
572 4568 797 4672 navalibus
834 4609 995 4712 magna
1033 4605 1120 4672 erat
1157 4568 1314 4706 opinio
1350 4568 1467 4707 apud
1504 4607 1657 4668 omnes

202 4713 401 4890 nationes
437 4753 557 4818 mare
594 4715 826 4818 internum
861 4714 1133 4834 accolentes
1181 4723 1219 4812 ls
1260 4711 1418 4813 humili
1461 4710 1623 4813 loco
1611 4747 1658 4810 m

1553 4860 1659 4951 Les-
