4294 5984
534 480 778 562 ennom
822 485 876 564 v.
906 483 1042 565 trs.
1088 489 1151 566 rr.
1502 463 1582 581 63·

143 635 622 780 sectatus'R'onquillus
645 637 865 747 consistit3
895 676 991 739 tum
1027 639 1238 784 bipartito
1274 631 1470 788 equitatu
1507 687 1605 790 pes„

141 828 243 932 gere
286 820 422 928 porto
465 787 590 916 jubet
632 791 845 915 majorem
886 820 1056 926 partem
1097 779 1160 886 et'
1185 825 1381 889 extremo
1425 795 1604 938 agmine

139 930 363 1075 carpendo
406 925 670 1029 adversarios
712 927 916 1049 morari,
960 963 1009 1030 ut
1055 931 1245 1073 spatium
1291 936 1466 1038 daretur
1510 942 1607 1044 Ni-

137 1077 361 1178 viensibus
404 1071 489 1174 sibi
532 1069 705 1211 suisque
748 1073 873 1174 rebus
914 1075 1211 1196 consulendi,
1253 1111 1491 1221 antequam
1530 1099 1607 1186 Sa-

137 1221 372 1366 govienses
397 1218 707 1358 pervenirent,
742 1217 964 1359 indignati
991 1215 1211 1340 fortassis,
1233 1225 1358 1362 quod
1385 1223 1449 1325 illi
1475 1265 1605 1368 prae*

138 1403 290 1466 torem
325 1361 498 1462 castello
522 1395 623 1466 ‘suo
670 1353 952 1500 recepissent.
986 1376 1092 1507 'Ipse
1125 1403 1233 1466 cum
1265 1368 1443 1510 reliquis
1478 1355 1608 1514 Sego·

137 1511 265 1612 viam
301 1545 443 1608 versus
481 1506 743 1622 contendit,
780 1541 832 1606 ut
871 1505 1020 1645 siquos
1065 1547 1221 1610 nactus,
1258 1550 1369 1615 esset
1407 1516 1606 1618 adversa-

138 1656 313 1756 riorum
348 1690 510 1794 agmen
547 1692 599 1752 ex
641 1649 875 1752 intervallo
919 1649 1257 1794 subsequentes,
1302 1655 1383 1757 hos
1428 1657 1642 1762 interce-¹

138 1836 240 1941 ptos
275 1799 331 1898 ad
369 1834 559 1937 poenam
580 1792 881 1900 ¹abstraheret.
919 1798 1154 1897 Interclusis
1199 1799 1337 1940 igitur
1382 1838 1429 1902 et
1467 1806 1602 1944 captis

138 1943 313 2043 circiter
351 1935 539 2083 viginti,
577 1981 767 2080 quorum
810 1935 898 2039 fuit
940 1944 1134 2074 Jacobus
1168 1941 1357 2065 Petalta,
1393 1948 1474 2088 qui
1508 1959 1610 2051 Re-¹

139 2087 226 2228 giis
270 2080 592 2227 magistratibus
637 2084 780 2217 ejectis
825 2118 1000 2222 praetor
1042 2086 1254 2225 Segoviae
1298 2085 1438 2193 fuerat
1480 2133 1506 2193 a
1547 2133 1608 2194 se-

138 2230 312 2329 ditiosis
348 2226 643 2348 constitutus,
678 2266 781 2326 cum
818 2225 884 2326 his
918 2227 1166 2348 revertitur,
1201 2265 1246 2327 et
1281 2232 1461 2374 reliquis
1494 2275 1602 2336 suo-

137 2413 242 2472 rum
286 2371 499 2472 revocetis
548 2371 594 2470 in
644 2372 860 2471 OEernardos
885 2448 904 2490 ‚1
949 2370 1103 2514 vicum
1146 2407 1338 2511 quatuor
1389 2417 1417 2475 a
1461 2378 1602 2477 Nivia

139 2554 344 2657 passuum
394 2514 626 2631 millibus,
669 2524 762 2647 jam
808 2547 940 2658 nocte
985 2549 1220 2654 appetente
1268 2555 1355 2618 sese
1403 2521 1604 2660 recepit,

141 2656 223 2759 ubi
260 2693 413 2759 omnes
450 2696 548 2757 eam
591 2691 768 2762 noctem
814 2658 1066 2760 insomnem.
1109 2698 1188 2759 suo
1231 2697 1354 2761 more
1399 2664 1605 2764 traduxe-

142 2838 277 2908 runt3
319 2841 489 2943 semper
526 2795 643 2900 enim
681 2837 813 2904 nocte
859 2802 1026 2941 equites
1072 2805 1374 2944 praetoriani,
1415 2845 1469 2906 ne
1513 2807 1607 2908 im-

140 2945 321 3086 proviso
358 2947 739 3087 opprimerentur,
773 2945 990 3046 inarmis
1027 2943 1304 3052 excubabant
1329 2989 1346 3058 3w
1379 2949 1608 3076 interdiu,

144 3123 251 3189 tunc
299 3131 483 3231 quoque
530 3089 750 3233 dispositis
792 3089 1171 3231 speculatoribus,
1211 3093 1499 3196 necessarium
1541 3135 1614 3195 so·-

145 3271 303 3334 mnum
341 3233 599 3375 capiebant.¹
880 3357 884 3369 ⁸

161 3443 162 3448 κ
224 3387 374 3478 XXV.
457 3392 664 3482 Ceterum
708 3379 989 3523 Sagovienses
1027 3379 1328 3524 Ronquillum
1364 3401 1474 3520 cum
1519 3377 1607 3483 suis

142 3516 361 3663 aufugisse
398 3558 442 3623 et
477 3523 758 3624 Valdolitum
794 3525 877 3624 iter
914 3524 1116 3626 direxisse
1154 3525 1266 3644 rati,
1304 3567 1354 3626 ea
1390 3561 1519 3628 noete
1555 3527 1605 3625 si·

142 3706 198 3766 ne
234 3665 395 3797 injuria
433 3702 477 3766 et
513 3666 734 3800 maleficio
761 3668 927 3768 Niviae
958 3671 1097 3808 securi
1133 3669 1419 3810 quieveruntt
1457 3667 1609 3810 postri'

143 3809 214 3909 die
253 3849 381 3910 mane
419 3851 471 3909 ex
509 3851 601 3951 quo
638 3849 847 3954 suggestu
882 3813 1077 3914 seditiosi
1110 3809 1346 3952 'fuerantfla
1381 3810 1607 3950 Ronquil-

141 3952 191 4048 lo
228 3951 454 4073 damnati,
472 3955 569 4094 ,ipsi
605 3956 801 4058 vicissim
836 3961 1321 4098 praetoremcumdem
1355 3951 1615 4097 perduellio-²

140 4089 211 4194 nis
247 4087 406 4217 rcum,
423 4101 562 4244 ²quod
599 4140 751 4202 contra
788 4102 1132 4245 Rempublicam
1170 4094 1572 4202 faeere‘videretur
1592 4173 1624 4222 ,p

142 4239 470 4362 condemnant,
512 4276 644 4383 atque
688 4231 882 4382 domum.
925 4277 1223 4345 revertuntur.
1270 4247 1354 4346 Sed
1403 4284 1457 4345 eo
1503 4243 1611 4360 dije,

141 4380 364 4522 per-venire
411 4423 502 4484 non
541 4381 774 4509 tolentes,
810 4390 872 4524 ad
909 4387 1216 4490 Garcillanum
1252 4390 1404 4488 vicum
1460 4385 1617 4486 medio·

141 4521 421 4666 fereritinere
463 4523 779 4670 consederunt.
833 4531 1044 4665 Postridie
1090 4573 1248 4656 mune,
1292 4533 1372 4635 ubi
1403 4550 1406 4556 '
1414 4525 1611 4672 palantes

146 4662 200 4768 sc¹
218 4707 380 4771 temere
410 4677 613 4813 progredi
649 4677 903 4816 incipiunt,
932 4719 1032 4779 ecce
1068 4677 1153 4778 tibi
1180 4697 1363 4818 praetor
1381 4674 1615 4819 'Ronquil-

145 4811 209 4912 lus
245 4813 357 4916 nihil
393 4817 476 4917 tale
513 4816 827 4957 suspicantibus
863 4815 1043 4923 infestus
1080 4823 1221 4920 adest.
1260 4833 1371 4946 Quo
1407 4838 1619 4938 terrore,

1534 4957 1631 5101 qui,
