4294 5972
422 417 428 428 ⁸
525 437 607 556 308
922 452 1006 536 uu
1051 447 1257 530 nouus
1304 443 1524 530 cusrrs
1550 455 1559 480 ··

482 657 574 721 non
611 627 704 752 jure
742 605 1006 716 hereditario
1049 621 1235 752 Reges,
1272 607 1348 706 sed
1389 603 1661 748 populorum
1705 598 1958 748 suffragio,

486 760 683 866 moribus
736 756 997 901 legibusque
1042 755 1210 895 gentis,
1249 748 1610 895 praeficiebantur
1629 761 1766 890 t'qua
1812 751 1869 852 de
1911 792 1957 854 re

488 947 583 1012 non
620 905 701 1006 etit
736 904 930 1003 alienum
967 938 1104 1042 pauca
1142 895 1363 1015 brevitet,
1400 895 1528 994 altius
1559 932 1733 994 summa
1758 896 1953 1034 repetita,

342 1129 343 1132 κ
488 1087 865 1152 commemorate.
918 1058 1026 1170 Quo
1064 1079 1267 1186 tempore
1309 1039 1639 1140 Maximilianus
1689 1050 1958 1179 Imperator,

489 1194 699 1298 Fernandi
748 1227 950 1334 paternus
995 1229 1145 1309 avus,
1204 1222 1247 1288 et
1294 1184 1537 1286 Ladislaus
1560 1182 1822 1326 Hungariae
1869 1197 1961 1286 Bo-

491 1341 756 1479 bemiaeque
798 1349 894 1440 Rex
937 1335 1168 1436 diuturnas
1214 1333 1269 1432 de
1305 1328 1393 1430 hoc
1434 1341 1598 1470 Regno
1636 1325 1961 1430 'controversias

493 1487 697 1628 pactione
732 1483 1035 1600 diremerunt,
1081 1477 1161 1618 qui
1199 1468 1286 1575 fuit
1332 1512 1470 1576 annus
1506 1469 1670 1575 Christi
1709 1471 1962 1576 millesimus

495 1628 921 1772 quadrigentesimus
958 1619 1273 1764 nonagesimus
1308 1619 1509 1760 primus,
1546 1610 1700 1719 foedus
1736 1616 1849 1718 inter
1887 1659 1963 1720 eos

496 1770 622 1875 certis
660 1770 992 1873 conditionibus
1028 1769 1167 1867 ictum
1207 1801 1297 1883 est,
1336 1761 1498 1905 quibus
1535 1760 1730 1862 civitates
1767 1801 1811 1862 et
1845 1763 1963 1864 Prin

496 1907 614 2056 cipes
650 1949 995 2020 consenserunt3
1031 1949 1179 2011 earum
1215 1909 1528 2009 conditionum
1563 1905 1634 2006 illa
1668 1899 1753 2004 fuit
1786 1906 1832 2005 in
1862 1904 1961 2046 pti-⁴

389 2127 395 2132 -
497 2055 620 2179 mis,
651 2093 700 2160 ut
737 2060 772 2157 si
797 2057 1020 2158 Ladislaus
1058 2055 1150 2156 sine
1186 2053 1321 2195 stirpe
1358 2051 1478 2152 ¹uirili
1514 2048 1783 2168 decessisset,
1815 2050 1965 2191 Regni

497 2204 715 2304 successio
782 2204 837 2302 ad
892 2200 1251 2300 Maximilianum
1294 2205 1474 2339 ejusque
1525 2232 1723 2334 posteros
1774 2193 1963 2294 rediret:

498 2350 628 2486 quod
672 2341 837 2448 ¹foedus
879 2379 1138 2445 renovatum
1180 2378 1243 2442 est
1284 2342 1399 2442 inter
1440 2340 1717 2441 Fernandum
1759 2338 1964 2438 eumdem

499 2527 542 2591 et
578 2493 892 2605 Ludovicum,
929 2487 1009 2628 qui
1038 2487 1151 2626 patri
1188 2483 1389 2585 Ladislao
1411 2486 1649 2583 demortuo
1682 2517 1962 2589 successerati

498 2673 605 2734 cum
649 2632 905 2733 Ludovicus
948 2629 1137 2729 Mariam
1174 2629 1386 2729 Femandi
1423 2631 1648 2748 sororem,
1685 2625 1960 2770 vicissimque

495 2777 747 2877 Fernandus
790 2785 970 2878 Annam
1011 2811 1206 2877 sororem
1259 2772 1477 2876 Ludovici
1529 2773 1578 2874 in
1627 2771 1965 2876 matrimonium

499 2919 739 3022 ducerent.

526 3151 529 3158 .
571 3075 655 3166 lV.
737 3065 972 3166 Ludovico
1018 3063 1156 3205 igitur
1199 3059 1301 3162 sine,
1340 3059 1485 3165 libetis
1538 3055 1779 3181 dcfirncto,
1831 3097 1877 3161 et
1916 3058 1964 3162 in

503 3205 703 3348 pracli0,
750 3212 876 3349 quod
909 3208 1207 3342 cum‘Turcis
1242 3201 1357 3326 fuit,
1403 3208 1670 3326 interemto,
1722 3206 1961 3306 Fttnandus

504 3341 734 3492 utriusque
770 3346 956 3454 foederis
993 3359 1089 3484 jure
1126 3351 1210 3453 sibi
1239 3361 1450 3493 Regnum
1474 3347 1758 3453 vindicabat:
1796 3347 1969 3450 obstitit

504 3527 654 3594 tamen
691 3503 887 3632 Joanncs
923 3495 1154 3637 Sepusius,
1191 3494 1258 3597 vit
1286 3532 1442 3635 potens
1470 3493 1629 3634 opibus
1667 3533 1710 3595 ct
1737 3492 1947 3595 clientelis
1954 3532 1971 3610 3

505 3675 597 3738 erat
635 3640 755 3739 enim
792 3637 1019 3739 Nardillae
1055 3651 1189 3756 Dux,
1227 3675 1270 3739 et
1304 3679 1384 3782 pto
1413 3651 1539 3782 Rege
1571 3639 1803 3739 Ludovico
1836 3643 1975 3751 Tran·

506 3781 735 3882 silvaniam
782 3778 1085 3927 procurabat,
1135 3817 1180 3882 ct
1216 3782 1278 3881 ob
1320 3822 1420 3883 cam
1463 3777 1778 3923 praefecturam
1822 3788 1976 3884 Valuo-

508 3928 557 4026 da
593 3927 747 4068 patrio
770 3926 988 4029 vocabulo
1023 3923 1278 4026 dicebatur.
1325 3938 1364 4026 Is
1401 3929 1521 4028 enim
1556 3962 1736 4028 mortuo
1771 3927 1979 4028 Ludovi-

510 4107 599 4190 co,
635 4070 683 4170 in
718 4082 930 4213 Regnum
972 4068 1175 4170 animum
1210 4069 1442 4192 intendit,
1488 4107 1532 4172 et
1567 4106 1683 4214 parte
1717 4071 1978 4212 Principum

510 4253 561 4313 ac
597 4215 880 4354 popularium
917 4213 1118 4355 praemiis
1170 4213 1649 4357 pollicitationibusque
1692 4251 1735 4316 et
1771 4213 1976 4354 precibus

488 4353 559 4456 in
601 4395 726 4456 suam
776 4358 1036 4486 sententiam
1085 4357 1338 4497 perducta,
1385 4362 1446 4460 ad
1499 4363 1668 4466 Budam
1717 4357 1969 4499 primariam

403 4531 406 4538 ’
510 4497 668 4603 urbem
704 4510 799 4602 Rex
849 4497 935 4602 fuit
987 4500 1257 4640 appellatus,
1307 4504 1560 4646 etttRegni:
1592 4503 1771 4612 bomm
1808 4537 1970 4646 partem

511 4646 776 4788 occupauit,
812 4685 910 4750 usus
929 4645 1015 4762 rael.
1030 4643 1185 4752 omitia
1218 4640 1602 4784 ,praefectorum
1617 4648 1836 4788 aequitum
1854 4647 1976 4748 duo-.

510 4788 676 4898 decim:
690 4791 889 4898 millium
913 4789 1149 4902 occasione
1163 4785 1977 4944 ,32qumtzu1buidgo„ldtsoep'atidsudcsi

1852 4933 1976 5057 vico,
