4298 5980
567 409 658 502 ”186
806 477 809 482 -
963 431 1047 512 DE
1092 425 1547 510 REBUSGESTIS

334 603 338 612 .
464 707 466 712 ,
531 588 635 694 bat.
684 581 863 688 Etenim
906 585 1135 687 Gallorum
1176 619 1448 706 conventus,
1491 592 1613 715 eujus
1656 581 1837 748 publico
1880 629 1997 696 con.

532 734 632 836 silio
669 767 713 832 et
748 730 1003 832 auctoritate
1031 743 1243 872 Regnum
1279 725 1687 851 administrabatur,
1723 769 1773 832 m
1808 772 1864 834 eo
1899 775 1997 878 per-

534 879 703 996 stabat,
747 913 797 974 ut
840 911 931 975 erat
978 915 1002 972 a
1044 874 1267 975 Francisco
1310 887 1433 1015 Rege
1469 911 1545 1017 per
1581 874 1781 976 occultos
1817 881 1992 986 nuntios

532 1021 831 1162 imperatum,
877 1058 1022 1160 nequa
1057 1019 1129 1120 vel
1155 1018 1344 1120 minima
1371 1055 1467 1158 pars
1493 1018 1672 1162 Regni,
1704 1020 1790 1122 nisi
1814 1063 1841 1124 a
1865 1063 1989 1166 prae-

536 1200 655 1266 sente
699 1173 849 1305 Rege,
886 1166 966 1306 qui
1007 1161 1145 1266 libere
1187 1159 1484 1304 arbitratuque
1521 1205 1601 1265 suo
1639 1201 1783 1308 posset
1817 1168 1875 1272 de
1912 1174 1990 1275 suis

532 1307 658 1412 rebus
695 1344 913 1429 statuere,
950 1307 1279 1429 distraheretur.
1316 1308 1493 1428 Quibus
1529 1303 1865 1414 difficultatibus
1910 1314 1991 1418 ob-

534 1455 680 1590 jectis,
718 1451 794 1553 diu
831 1491 935 1553 cum
969 1448 1120 1554 fuisset
1157 1492 1222 1554 res
1258 1451 1444 1595 agitata,
1472 1453 1761 1558 constitutum
1797 1495 1860 1558 est
1895 1495 1991 1562 tan-

536 1599 676 1719 dem,
711 1631 761 1698 ut
796 1610 892 1699 Rex
928 1598 1038 1699 duos
1075 1597 1189 1698 filios
1224 1598 1500 1701 Franciscum
1537 1600 1677 1743 stirpis
1718 1601 1992 1726 maximum,

537 1777 578 1845 tt
614 1741 717 1842 huic
753 1778 892 1843 aetate
927 1743 1500 1884 proximumHenricum,
1537 1745 1672 1867 fidei,
1708 1747 1901 1889 jurisque
1932 1759 1992 1884 ju-

536 1887 662 1992 randi
708 1883 882 1988 obsides
927 1888 1087 2010 daret,
1138 1930 1181 1990 se
1228 1925 1404 2029 accepta
1446 1890 1650 1992 libertate
1698 1903 1781 1992 But
1812 1891 1991 1994 undiam

535 2029 653 2132 intra
689 2031 797 2131 duos
832 2069 998 2133 menses
1033 2032 1198 2134 Carolo
1240 2034 1539 2145 traditurum3
1582 2070 1656 2136 aut
1700 2034 1737 2135 si
1778 1931 1923 2138 inisset
1965 2077 1990 2136 a

536 2174 699 2294 Gallis,
737 2176 977 2316 quominus
1020 2176 1156 2278 fidem
1200 2214 1433 2320 praestaret
1453 2258 1468 2301 ,
1486 2306 1490 2314 Ι
1511 2179 1779 2322 impeditus,
1822 2182 1871 2282 in
1910 2180 1992 2282 Hi-

378 2381 404 2438 ,·
534 2319 763 2460 spaniam,
798 2321 1038 2462 Carolique
1074 2357 1342 2463 potestatem·
1369 2362 1670 2426 reversurum.
1716 2321 1848 2447 Quae
1892 2323 1992 2425 Gal·-

533 2460 680 2565 lotum
714 2465 924 2566 recusatio
960 2505 1053 2568 rem
1087 2467 1136 2567 in
1173 2499 1373 2608 tempus,
1416 2507 1511 2608 quo
1553 2479 1650 2571 Rex
1685 2455 1840 2570 ‘fitisset
1882 2467 1993 2569 libe-

537 2643 688 2725 ratus,
733 2607 783 2705 in
824 2607 1099 2751 Galliamque
1141 2647 1366 2732 reversus,
1411 2610 1731 2714 extrahentium
1779 2612 1993 2753 plerisque

443 2805 447 2817 ·
537 2787 690 2849 eorum
727 2784 920 2891 suspecta
956 2787 1079 2875 erat,
1115 2793 1227 2896 quos
1263 2754 1448 2858 Carolus
1485 2755 1534 2857 in
1576 2755 1812 2856 consilium
1854 2753 1992 2897 publi-

537 2930 695 3033 casque
722 2893 870 3035 Regni
904 2896 1233 2999 deliberationes
1268 2896 1527 3002 adhibebat:
1558 2899 1651 3041 ipse
1688 2934 1858 3019 tamen,
1886 2939 1992 3000 non⁴

539 3037 668 3138 nullis
711 3037 1078 3163 reclamantibus,
1126 3040 1239 3142 hanc
1287 3042 1591 3144 conditionem
1642 3045 1777 3146 vicies
1819 3077 1991 3144 centum

539 3180 734 3282 millibus
769 3218 1052 3285 nummorum
1088 3224 1349 3308 aureorum,
1386 3228 1497 3331 quos
1533 3223 1762 3288 numerare
1796 3199 1891 3292 Rex
1924 3225 1990 3328 pa-

539 3361 656 3426 ratus
692 3359 809 3448 erat,
845 3328 1079 3470 praetulit,
1115 3367 1290 3436 utnon
1326 3367 1420 3432 tam
1454 3329 1703 3435 libertatem
1738 3331 1890 3476 Regi,
1924 3328 1993 3431 cui

538 3508 736 3571 sororem
779 3470 1066 3575 matrimonio
1115 3479 1441 3623 conjungeret,
1481 3477 1705 3599 vendere,
1757 3515 1894 3619 quam
1943 3473 1995 3576 ab

542 3615 729 3733 ¹eodem,
768 3617 893 3758 quod
932 3652 1037 3720 esset
1065 3627 1160 3756 jure
1190 3659 1316 3728 suum
1327 3697 1343 3743 ,
1377 3660 1454 3766 per
1489 3656 1696 3726 mutuum
1732 3617 1992 3724 beneficium

543 3759 736 3901 recipere
769 3757 1017 3864 videretur.
1131 3845 1134 3848 -
1199 3785 1201 3790 ’

577 3912 681 4016 XX.
717 3905 843 4010 Datis
863 3907 997 4049 igitur
1016 3903 1262 4031 obsidibus,
1284 3919 1380 4012 Rex
1408 3907 1633 4031 liberatur,
1652 3909 1699 4012 in
1726 3905 1997 4048 Galliamque

541 4049 805 4156 revertiturr
843 4052 970 4190 quod
1005 4053 1081 4155 vix
1113 4054 1222 4155 dum
1249 4092 1341 4154 erat
1369 4065 1564 4180 Romam
1591 4053 1870 4172 nuntiatum,
1898 4087 1995 4151 cum

540 4185 746 4293 Pontifex
781 4187 964 4317 foedus,
1000 4231 1042 4297 et
1077 4198 1328 4301 societatem
1371 4238 1474 4299 cum
1515 4199 1706 4342 legatis,
1747 4199 1803 4298 de
1840 4192 1996 4338 quibus

543 4372 670 4474 supra
711 4337 942 4461 diximus,
985 4378 1223 4471 retractat,
1273 4341 1634 4485 confirmatque3
1684 4376 1727 4442 et
1770 4341 1902 4444 misso
1940 4335 1995 4433 ad

544 4484 717 4624 Regem
766 4481 946 4624 legam,
992 4489 1047 4589 de
1095 4523 1267 4631 recepta
1320 4485 1517 4590 libertate
1561 4486 1797 4632 gratulatus
1843 4479 1995 4582 admo-

538 4657 657 4746 net,
694 4660 746 4728 ut
781 4627 860 4767 qui
895 4631 1091 4773 corporis
1126 4645 1288 4773 Regno
1324 4631 1530 4774 integm,
1565 4668 1610 4733 et
1647 4628 1858 4732 incolumi
1889 4660 1999 4722 tete·

539 4765 700 4908 pisset,
728 4769 848 4876 idern
884 4775 1022 4880 animi
1056 4769 1336 4897 libertatem,
1372 4776 1545 4920 siquam
1580 4775 1815 4896 amisisset,
1841 4767 2002 4908 recipe-

1904 4945 1971 5012 ret
1983 4983 1999 5027 ,
