4292 5984
532 439 598 511 XII
976 435 1473 510 SUMMARIUM.

513 562 652 650 lectum
670 560 808 646 habere
830 557 1042 676 eisdemque
1055 588 1220 674 praeesse
1323 561 1507 644 XXXVI.
1566 550 1714 643 Romae
1739 545 1820 641 Iao
1847 551 1983 641 Ponti·

414 775 415 778 g
516 681 643 795 jubet.
677 678 833 764 Carolus
864 683 1001 763 Caesar
1036 684 1219 794 Prospero
1265 673 1325 764 fex
1357 703 1514 764 naturae
1544 675 1746 780 concedit,
1775 705 1856 788 quo
1887 704 1983 758 nun·

516 799 729 884 Columnae
744 797 863 884 scnlsit
878 858 890 902 ,
904 819 947 880 ut
969 797 1142 910 Hispanis
1157 825 1220 884 co
1266 794 1321 881 tio
1363 821 1525 911 accepto
1549 795 1668 908 Julius
1710 793 1877 878 Medices
1929 793 1983 879 ad
2130 827 2131 856 1

517 917 688 1003 hortibus
714 941 752 1002 et
774 913 957 1030 equitibus
982 915 1221 1030 cataphractis
1267 913 1462 999 Pontificia
1489 913 1637 1001 comitia
1652 910 1873 997 revertitur.
1900 917 1984 994 Du·

519 1063 566 1120 ex
601 1033 782 1147 praesidiis
825 1032 948 1147 Regni
985 1033 1223 1146 Neapolitani
1267 1059 1330 1115 ces
1365 1032 1575 1116 Caesariani
1628 1034 1802 1115 Parmam
1826 1053 1864 1113 et
1892 1029 1982 1112 Pla-

517 1152 721 1258 ,deductis,
752 1179 790 1234 se
812 1150 987 1234 Fedetico
1015 1155 1224 1267 Gonzagae
1268 1150 1427 1233 centiam
1452 1149 1636 1234 Ecclesiae
1674 1147 1910 1251 restituunt,
1940 1171 1983 1231 et

520 1269 749 1385 conjungat.
813 1270 846 1350 ls
884 1272 1057 1353 Parmam
1104 1299 1224 1382 oppu-
1268 1269 1395 1351 ceteris
1438 1267 1552 1382 copiis
1601 1264 1753 1350 dimissis
1790 1264 1982 1376 Hispanos

520 1415 635 1504 gnare
656 1384 900 1504 aggreditur,
925 1385 990 1470 sed
1012 1385 1224 1472 dissentien·
1270 1388 1560 1500 Germanosque
1597 1383 1635 1466 in
1665 1381 1811 1497 oppidis
1842 1382 1981 1495 hyber-

520 1529 558 1592 te
574 1506 747 1590 Piscariae
778 1501 1001 1592 Marchione
1033 1532 1226 1620 oppugna·
1269 1518 1412 1596 norur'n
1438 1530 1547 1587 causa
1576 1501 1800 1615 disponunt.

519 1621 662 1710 tionem
694 1620 858 1709 omittit.
1183 1689 1188 1698 .
1327 1622 1528 1706 XXXVII
1596 1618 1802 1702 Franciscus
1846 1615 1982 1702 Gallo·

579 1743 755 1824 XXXIII.
823 1743 902 1824 Leo
943 1735 1115 1822 Pontifex
1159 1741 1226 1851 Ju·
1269 1765 1356 1821 tum
1397 1743 1478 1822 Rex
1525 1766 1706 1854 magnum
1746 1733 1977 1849 supplemen-

520 1855 612 1942 lium
637 1858 827 1944 Medicem
871 1853 1106 1942 Cardinalem
1149 1856 1226 1940 bel·
1269 1879 1352 1938 tum
1384 1862 1598 1958 lautrec03
1630 1853 1789 1938 Carolus
1818 1857 1980 1936 Germa·

521 1973 601 2059 lum
635 2004 722 2060 cum
768 1972 922 2057 ducibus
977 1973 1227 2058 administrare
1270 2001 1409 2058 norum
1450 2004 1604 2061 manum
1629 1971 1764 2058 auxilio
1793 1975 1981 2085 Prospero
2081 2061 2085 2068 ,

520 2091 624 2206 jubet
637 2155 650 2176 ..
695 2091 768 2176 Hic
811 2088 1075 2175 Mediolanum
1112 2091 1227 2205 ipsam
1271 2090 1482 2176 Colunnae
1526 2090 1660 2177 mittit.
1710 2085 1845 2174 Sfottia
1891 2116 1980 2171 cum
2130 2157 2131 2176 .

520 2212 654 2298 urbem
688 2208 889 2324 petendam
947 2237 1097 2293 censens
1141 2214 1227 2294 Me·
1273 2213 1553 2296 Germanorum
1599 2239 1661 2294 sex
1697 2205 1855 2292 millibus
1897 2208 1979 2290 Mc⁴
2130 2227 2131 2236 ‘

522 2328 714 2414 diolanum
746 2349 876 2412 movet
915 2325 1121 2410 conductos
1140 2326 1228 2412 Hel·
1275 2325 1468 2415 diolanaun
1495 2326 1680 2442 pervenit.

520 2446 640 2534 vetios
683 2444 756 2556 jam
785 2444 904 2530 domo
947 2440 1133 2556 profectos
1154 2443 1229 2532 obi·
1330 2448 1548 2530 XXXVIII.
1607 2443 1776 2531 Novaria
1791 2469 1979 2558 expugna
2130 2529 2131 2554 Ν

521 2586 578 2652 ter
610 2588 839 2675 recepturus.
1272 2589 1311 2646 ta
1339 2569 1540 2649 launecus
1579 2562 1731 2676 Papiam
1757 2585 1979 2678 oppugnare
2130 2565 2131 2648 l

581 2682 763 2764 XXXIV.
821 2682 1023 2765 Lautrecus
1051 2709 1228 2797 magnam
1273 2705 1399 2793 parat.
1429 2680 1806 2796 ProspetColumna
1831 2677 1980 2793 Papien·
2130 2687 2131 2724 ¹

523 2795 600 2888 vim
627 2799 866 2913 pecuniarum
909 2799 1029 2900 mutui
1075 2800 1230 2885 nomine
1274 2798 1372 2884 sibus
1384 2800 1589 2886 subsidium
1604 2798 1735 2883 mittit.
2130 2799 2131 2876 i

524 2914 636 3030 exigit
648 2978 667 3022 ,‚
690 2941 729 3001 et
753 2913 1017 3002 Mediolanum
1047 2913 1144 3002 fossa
1157 2916 1230 3004 val·
1348 2919 1531 3004 XXXIX.
1605 2923 1807 3004 Lautrecus
1845 2914 1981 3028 Papiae
2130 2947 2131 3016 l

522 3030 638 3146 loque
661 3033 841 3138 munire,
873 3059 913 3120 et
956 3059 1099 3120 veteres
1129 3064 1229 3122 arces
1274 3036 1605 3152 oppugnationem
1643 3033 1828 3136 omittit,
1865 3057 1980 3146 atque

522 3149 671 3238 reficere
701 3151 825 3265 incipit
852 3181 864 3255 3
890 3179 1022 3238 verum
1062 3154 1230 3240 adventu
1274 3153 1455 3240 Helvetiis
1469 3153 1678 3237 missionem
1694 3147 1982 3266 efflagitantibus

524 3270 860 3373 Caesarianotum,
885 3268 951 3381 qui
990 3297 1089 3355 arces
1142 3269 1229 3356 reli·
1275 3271 1402 3356 statuit
1429 3270 1608 3387 praelirun
1639 3267 1701 3356 vel
1730 3269 1861 3385 iniquo
1893 3267 1979 3353 loco
2130 3327 2131 3332 Ν

524 3383 649 3491 ciunt,
673 3386 848 3500 repulsis,
878 3410 917 3470 et
937 3386 1102 3500 ipsorum
1124 3417 1229 3502 prae·
1274 3389 1526 3475 committere.

499 3497 623 3600 ,fecto
647 3529 781 3618 capto,
812 3504 970 3617 Hispani
984 3507 1116 3594 urbem
1131 3509 1229 3594 iuva.
1347 3509 1429 3592 XL.
1498 3509 1563 3594 Ad
1607 3527 1727 3591 castra
1764 3505 1877 3621 igitur
1916 3504 1982 3590 ho·
2130 3591 2131 3608 Ν

520 3617 641 3705 dunt.
1273 3622 1383 3708 stium
1411 3625 1668 3742 oppugnanda
1698 3623 1905 3740 Moguntia
1935 3621 1982 3707 di·
2130 3727 2131 3730 Ν

580 3739 747 3826 XXXV.
805 3739 980 3828 Odethus
1007 3743 1120 3855 copiis
1142 3745 1227 3828 Me·
1274 3741 1469 3856 greditut·,
1500 3747 1656 3855 Prosper
1676 3739 1874 3825 Columna
1887 3735 1982 3824 Sfor
2130 3769 2131 3784 ¹

521 3853 674 3942 diolano
698 3858 842 3944 eductis
859 3859 1027 3944 Comum
1052 3860 1225 3971 primum,
1273 3858 1346 3943 tiae
1376 3861 1586 3966 renuntiat,
1617 3882 1664 3944 ut
1693 3859 1904 3973 oppidanos
1933 3855 1983 3942 ad

522 3967 610 4054 inde
637 3977 865 4060 Cremonam
902 4005 941 4060 se
965 3975 1114 4089 recipit.
1151 3981 1226 4062 Ro·
1274 3975 1379 4062 arma
1406 4003 1543 4066 vocet.
2130 4045 2131 4074 r

520 4085 647 4176 bonu
673 4095 929 4179 Sansevetinus
959 4094 1095 4180 Leonis
1111 4098 1222 4182 Pont.
1347 4098 1450 4182 xu.
1514 4091 1655 4181 Sfortia⁴
1686 4121 1774 4180 cum
1818 4117 1981 4180 ummo
2130 4159 2131 4168 .

519 4201 636 4292 affinis
687 4213 859 4292 Parmam
911 4242 998 4296 cum
1044 4212 1224 4325 praesidio
1273 4241 1357 4297 rum
1388 4242 1449 4298 sex
1485 4213 1643 4299 millibus
1671 4236 1710 4296 et
1738 4210 1980 4328 quadringen·
2130 4239 2131 4296 t

521 4350 704 4440 occupat,
735 4326 921 4414 Placentia
935 4356 1091 4442 quoque
1136 4361 1223 4416 cum
1272 4330 1317 4415 tis
1349 4330 1534 4447 equitibus
1557 4331 1607 4415 ad
1648 4327 1851 4412 Bicocham
1895 4355 1982 4412 con·
2130 4325 2131 4362 ³

519 4442 646 4528 ceteris
677 4445 966 4550 Mediolanensis
984 4446 1129 4533 ditionis
1158 4480 1222 4563 op·
1272 4447 1381 4532 sistit.
1416 4450 1645 4538 Lautrechus
1673 4445 1982 4530 Caesarianorum
2130 4459 2131 4512 ³

519 4556 612 4670 pidis
637 4586 783 4676 recepta
806 4589 949 4677 praeter
978 4563 1219 4670 Cremonam,
1271 4589 1387 4648 castra
1419 4564 1615 4650 tormentis
1638 4588 1847 4679 oppugnat.
1893 4562 1980 4647 Hel·
2130 4601 2131 4674 3

521 4697 560 4758 et
600 4706 698 4763 arces
743 4680 1100 4788 Mediolanensem,
1131 4689 1219 4770 No-
1270 4681 1368 4766 vetii.
1391 4711 1463 4767 suo.
1495 4713 1602 4770 more
1643 4683 1692 4765 ad
1725 4681 1872 4766 hostilia
1911 4703 1980 4766 tor·
2130 4725 2131 4762 r

519 4793 723 4884 variensem
762 4824 801 4886 et
834 4799 1070 4889 Tritiensern.
1268 4823 1395 4890 menta
1447 4799 1668 4920 occupanda
1714 4823 1975 4900 concurrum,

1908 4912 1975 5006 sed.
