4284 5982
532 432 1264 673 sustulerunt

414 811 822 914 LIBRORUM
877 813 994 919 XV.
1048 813 1413 929 PRIORUM
1557 845 1560 854 ¹

256 1043 332 1131 on
364 1045 540 1132 annus
568 1050 748 1133 nesus
782 1049 979 1134 cnnou
1009 1051 1059 1135 v.
1109 1055 1570 1149 rupnnnrours

191 1261 291 1330 aaa
312 1263 531 1334 srrsouuos
551 1268 711 1335 aranos
732 1267 796 1334 ar
813 1269 976 1340 aarum
999 1271 1059 1334 aa
1082 1271 1354 1342 annotamus
1372 1241 1633 1354 oroesrurr.¹

796 1477 933 1640 LlB.
987 1479 1018 1569 1.

235 1720 265 1802 Ι.
326 1631 646 1804 CAROLlV.
680 1647 792 1830 Regis
808 1715 884 1799 Hi·
934 1714 974 1799 in
995 1714 1215 1830 Hispaniam
1232 1719 1431 1808 adrentus.
1623 1773 1627 1784 .

165 1833 349 1947 spaniae,
364 1835 695 1950 lfispanorumque
731 1861 787 1916 res
823 1832 882 1917 illa
994 1835 1100 1918 XIV.
1158 1835 1264 1948 Tyrii
1294 1839 1424 1924 Godes
1450 1839 1637 1928 condunt.

166 1975 294 2036 aetate
309 1977 431 2070 gestas
444 1951 641 2067 scripturus
656 1973 814 2054 auctor,
828 1950 879 2033 al·
930 1950 1244 2084 Carthaginenses
1271 1952 1473 2072 Hispaniae
1494 1983 1638 2080 partem

164 2067 243 2153 tius
241 2070 455 2203 quaedam
471 2069 537 2154 sibi
558 2067 785 2202 repetenda,
811 2095 878 2152 ex
928 2065 967 2151 in
984 2068 1165 2154 ditionem
1178 2069 1388 2187 redigrurt,
1400 2096 1441 2160 et
1455 2101 1544 2160 csun
1558 2071 1637 2162 Ro'·

165 2186 302 2298 positis
331 2187 504 2273 locorum
541 2185 685 2270 ratione
733 2206 773 2268 ιι
824 2213 880 2270 su·
928 2185 1048 2270 manis
1071 2183 1302 2302 confligunt.

85 2333 87 2336 ·
162 2304 360 2416 periorum
390 2329 605 2420 temporum
632 2299 783 2386 summis
820 2329 877 2388 re·
987 2304 1079 2388 XV.
1137 2305 1301 2390 Romani
1336 2337 1514 2424 magnam
1552 2337 1637 2445 pat·

160 2447 253 2506 rum
284 2422 581 2524 mutationibus,
598 2420 747 2505 statuit
926 2442 1005 2504 tem
1035 2419 1281 2554 Hispaniae
1270 2450 1313 2506 m
1350 2454 1458 2510 suam
1500 2428 1635 2539 partim
1699 2505 1701 2508 ,

223 2541 426 2623 ΙΙ-ΙΙΙ,
492 2537 694 2652 Hispaniae
745 2535 875 2622 descri-
926 2536 1137 2642 ditionem,
1163 2538 1297 2650 partim
1325 2540 1523 2629 amicitiam
1554 2557 1633 2629 tra·
1693 2548 1696 2554 ’

159 2653 245 2791 ptio
258 2656 645 2744 secundumveterum
655 2653 875 2740 divisionem
922 2655 1090 2742 ducrmt.
1123 2655 1353 2744 Numantiae
1378 2683 1503 2743 castas.

159 2773 200 2857 in
218 2777 561 2879 Tarraconensem,
588 2772 802 2877 Baeticam,
836 2796 876 2859 ιι
985 2775 1091 2859 XVl.
1149 2773 1445 2889 Saguntinorum
1474 2799 1514 2864 et
1533 2779 1632 2864 Asta

160 2890 423 2978 Lusitaniam.
656 2955 658 2960 -
924 2893 1094 3004 peruium
1123 2885 1287 2976 facinus.

224 3009 306 3092 Vll.
323 3055 388 3074 —··
405 3011 456 3093 X.
516 3007 717 3120 Hispaniae
743 3033 872 3092 secun·
982 3010 1104 3094 XVll.
1164 3005 1296 3093 Vitiati
1323 3008 1479 3116 virtus,
1510 3035 1628 3127 gesta,

156 3119 257 3210 dum
285 3125 536 3211 recentiorum
559 3125 780 3210 divisionem
812 3125 872 3209 de·
918 3146 962 3210 et
988 3125 1143 3211 caedes.

156 3240 867 3476 llllzt²“,ffitl¹t.¹¹g.lt⁵l¹¹‚²lz
913 3243 1326 3496 ,.XXllffl
1340 3271 1397 3330 ω
1428 3267 1628 3364 sesnes

154 3391 439 3564 Navgarram.
851 3555 854 3560 .
973 3479 1080 3565 XlX.
1140 3477 1321 3592 Hispania
1360 3479 1410 3564 ab
1445 3481 1624 3673 Augusto

223 3598 294 3682 XI.
365 3595 582 3683 Fernandus
630 3619 670 3682 et
711 3593 861 3681 isabella
912 3594 1071 3682 Caesare
1094 3597 1265 3682 subacta.

151 3712 279 3828 Reges
327 3711 508 3800 Castellae
550 3719 693 3849 Regno
739 3742 862 3798 succe·
983 3712 1071 3799 XX.
1141 3716 1268 3798 Acrae
1295 3712 1477 3800 Caesaris
1513 3713 1625 3832 origi·

150 3831 252 3917 dunt
264 3831 766 3946 ,Granaramquerecipiunt
779 3861 862 3946 pet-
911 3829 967 3913 nis
993 3830 1223 3950 designatio

149 3947 258 4035 victis
294 3972 333 4034 et
375 3949 478 4034 bona
517 3977 564 4034 ex
604 3973 710 4064 parte
751 3949 861 4064 pulsis
972 3950 1079 4035 XXI.
1139 3951 1268 4032 Acrae
1292 3945 1474 4032 Caesaris
1501 3974 1619 4038 voca-

147 4065 339 4152 Atabibus
366 4091 405 4152 et
436 4066 597 4151 Mauris.
910 4063 1023 4150 buli
1015 4063 1293 4180 mterpretatio.
1359 4159 1362 4166 ¹

211 4181 295 4267 Xll.
352 4183 463 4270 Primi
507 4182 765 4317 Hispaniae
755 4211 859 4270 inco·
970 4185 1095 4265 ΧΧΙΙ.
1153 4186 1415 4266 Romanorum
1431 4179 1618 4268 Coloniae

146 4297 210 4386 lac
235 4321 275 4382 et
283 4303 423 4429 Reges
450 4331 521 4385 suo
535 4301 693 4414 quisque
723 4301 857 4384 ordine
907 4319 949 4384 et
977 4296 1226 4411 Municipia
1216 4327 1255 4382 ιιι
1280 4298 1488 4411 Hispania:
1479 4298 1616 4432 ..ipso-

150 4443 200 4500 ex
227 4412 408 4527 opinione
435 4417 564 4501 Berosi
592 4416 795 4502 Chaldaei.
906 4443 990 4500 rum
1022 4437 1062 4501 et
1087 4415 1346 4530 Hispanorum
1377 4413 1532 4500 amicitia
1574 4439 1616 4504 et

143 4531 312 4615 Xl.ll
371 4532 659 4644 Troianorum,
684 4533 855 4619 Graeco-
904 4532 1166 4618 consuetudo:
1211 4531 1316 4618 balbi
1373 4531 1613 4638 Consulatus,

151 4677 267 4752 rum,
298 4648 524 4754 iberorum,
552 4657 783 4755 Persarum,
814 4682 854 4736 a·
907 4649 1012 4736 Balbi
1042 4649 1283 4763 triumphus:
1314 4648 1464 4762 Traiani
1495 4655 1616 4766 lmpe

158 4709 366 4880 liatuinque
406 4712 657 4856 Orientalium
691 4768 861 4888 gentium
910 4768 1041 4885 tatoris
1066 4767 1298 4856 humanitas.

219 4881 372 4970 Tomi,
465 4935 471 4950 ·
1294 4881 1336 4968 Α
1513 4883 1616 4965 Got-
1715 4971 1717 4976 ,
1827 4813 1832 4824 ·
