4368 5984
1159 195 1187 242 ς

569 433 661 506 rvr.
977 417 1243 517 tonuerit.
1266 414 1570 492 stnurvaont

545 563 761 645 necessario
777 578 956 658 munera,
981 576 1116 636 servos
1138 575 1219 631 esse
1241 563 1379 632 notura
1402 563 1543 633 certum
1559 560 1628 632 est.
1659 545 1810 659 Quibus
1826 574 1893 638 nort
1908 579 1986 640 oto·

548 684 595 764 tlo
611 704 679 763 uon
693 674 750 775 fit
775 680 956 784 injuriae
978 685 1143 772 amara,
1164 670 1232 750 sed
1246 664 1484 772 beneficium,
1506 681 1546 750 ut
1562 675 1735 750 serviant
1759 685 1897 754 natura
1917 677 1984 758 do·

546 804 671 880 minis.
700 797 814 903 Quod
838 799 918 899 lege
938 812 1076 896 quoqne
1097 792 1231 867 diuino
1255 793 1439 868 sancitum
1460 809 1542 868 erse
1567 788 1750 868 videmus.
1785 788 1985 896 Scriptum

547 929 608 998 est
621 919 715 997 enim
739 919 780 993 in
795 913 892 992 libro
909 907 1198 990 Proverbiorum
1216 931 1225 985 ε
1259 920 1272 957 ¹
1308 901 1387 1005 Qui
1405 900 1536 986 stultus
1562 927 1617 987 est
1633 961 1646 1006 ,
1663 903 1797 989 serviet
1812 905 1985 1017 sapienti.

545 1033 727 1136 Tolesque
742 1054 822 1111 esse
838 1029 965 1111 doceat
983 1025 1168 1106 barbaras
1197 1034 1234 1101 et
1245 1016 1362 1123 feras
1381 1035 1511 1127 gentes
1530 1029 1656 1103 auito
1671 1027 1782 1103 civili
1800 1037 1838 1104 et
1860 1025 1988 1106 bama·

547 1152 715 1234 tatoribus
732 1147 896 1231 moribus
925 1158 1038 1247 atque
1059 1146 1205 1223 virtute
1221 1138 1489 1241 abhorrentes,
1522 1141 1654 1244 quibus
1679 1144 1897 1224 commodum
1927 1155 1990 1223 ut-

545 1293 616 1383 que
635 1273 726 1349 utile
751 1279 833 1367 est,
857 1276 898 1344 ut
927 1285 1052 1344 rerum
1076 1262 1224 1366 peritia
1250 1269 1359 1360 atque
1385 1265 1532 1337 virtute
1546 1263 1823 1363 praestantium
1841 1263 1990 1361 princi·

537 1407 629 1497 pura
651 1390 804 1492 imperio
824 1383 997 1481 subsint,
1027 1391 1069 1457 ut
1091 1377 1218 1456 unum
1232 1379 1408 1476 virtute,
1434 1373 1605 1480 legibus,
1633 1389 1743 1479 atque
1766 1378 1989 1482 prudentia,

545 1507 712 1610 deposita
728 1497 896 1606 pluritate
924 1557 937 1600 ,
965 1505 1005 1576 in
1029 1501 1151 1576 uitam
1174 1491 1423 1573 humaniorem
1452 1495 1714 1598 cultioremque
1735 1495 1990 1601 redigantur,

547 1621 780 1722 moribusque
809 1612 1117 1698 mansuetioribus
1145 1614 1395 1690 instruantur.
1426 1643 1454 1686 n
1466 1608 1561 1700 Quo
1576 1605 1649 1713 fit,
1670 1617 1853 1714 inquit,¹
1878 1633 1924 1693 ut
1940 1639 1992 1694 ο·

550 1765 642 1852 „pes
669 1734 770 1819 bello
797 1733 908 1818 etiam
934 1727 1089 1845 parandi
1115 1724 1211 1809 ratio
1228 1755 1251 1808 a
1267 1750 1400 1809 natura
1416 1725 1706 1838 quodammodo
1722 1723 1988 1840 proficiscatur.

552 1857 683 1936 „Nam
709 1849 786 1962 ejus
813 1879 895 1965 pars
923 1872 978 1934 est
1006 1841 1199 1933 venatoria
1220 1837 1401 1958 facultas,
1425 1871 1502 1962 qua
1518 1845 1573 1928 uti
1589 1842 1767 1930 convenit
1782 1842 1820 1928 in
1836 1843 1997 1961 belluas,

553 1969 720 2056 artumin
749 1997 815 2052 eos
831 1966 1027 2069 homines,
1056 1961 1122 2076 qui
1137 1988 1223 2044 eum
1249 1959 1321 2044 sint
1345 1959 1394 2044 ad
1421 1959 1629 2072 parendum
1658 1961 1765 2064 nati,
1793 1961 1994 2075 imperium

555 2108 764 2172 ›rrccusann
795 2089 862 2168 Est
884 2083 983 2168 enim
1001 2079 1181 2192 ejusmodi
1205 2075 1343 2161 bellum
1361 2103 1494 2162 natura
1509 2077 1685 2192 justumne
1714 2080 1824 2163 Haec
1840 2079 1995 2164 Aristo-

554 2210 676 2311 teles,
698 2209 761 2287 cui
782 2199 1024 2310 suffragatur
1040 2201 1306 2306 Augustinus,
1328 2201 1565 2302 aquiescat
1578 2198 1811 2280 Viroconium
1835 2200 1995 2283 scribit:

557 2325 647 2406 irAn
665 2344 803 2433 putus,
827 2327 976 2426 iuquit,
1004 2315 1190 2400 neminem
1215 2313 1303 2428 cogi
1324 2313 1494 2426 possead
1518 2312 1689 2426 justitiam
1716 2374 1731 2418 ,
1755 2343 1843 2399 cum
1874 2311 1994 2432 legas,

557 2433 881 2550 „patremfamilias
906 2435 1035 2520 dixisse
1057 2431 1194 2518 servis:
1226 2431 1483 2538 ,Quoscumque
1511 2436 1765 2537 inueneritis,
1800 2439 1922 2542 cogite
1939 2441 1997 2514 in·

555 2563 718 2639 ‚ritaret
750 2575 789 2638 et
807 2553 880 2636 alio
909 2554 947 2636 in
973 2550 1086 2634 loco:
1117 2547 1272 2650 Multa,
1296 2554 1445 2653 inquit,
1468 2572 1555 2633 sunt
1582 2549 1729 2664 agenda
1758 2549 1869 2633 etiam
1901 2577 1993 2634 cum

557 2670 706 2756 „invitis
722 2670 887 2782 quadam
914 2668 1076 2783 benigna
1105 2664 1299 2778 asperitate
1315 2665 1545 2777 plectendis,
1573 2693 1739 2781 quorum
1771 2666 1895 2779 potius
1926 2665 1997 2751 uti·

557 2788 675 2872 ‚alitati
699 2785 970 2871 consulendum
987 2808 1071 2887 est,
1092 2809 1210 2897 quam
1241 2780 1440 2867 voluntati.
1470 2788 1572 2868 Nam
1610 2785 1649 2867 in
1679 2781 1915 2896 corripiendo
1947 2779 1993 2867 fi«

559 2902 676 2988 „lium
697 2964 709 3007 ,
734 2902 1006 3016 quantumlibet
1023 2929 1179 3015 aspere,
1206 2927 1414 3014 numquam
1444 2897 1614 3014 prolecto
1630 2924 1804 3015 paternus
1819 2928 1929 2985 amor
1956 2929 1998 2984 a«

558 3020 743 3106 „mittitur
762 3051 771 3103 :
794 3018 859 3106 fiat
881 3045 1006 3106 tamen
1022 3017 1128 3135 quod
1145 3016 1237 3102 nolit
1252 3076 1265 3122 ,
1283 3041 1323 3102 et
1338 3018 1464 3104 doleat
1483 3080 1495 3123 ,
1511 3016 1623 3133 quiet
1639 3016 1774 3104 invitus
1793 3017 1927 3103 dolore
1943 3016 1999 3102 vi·

560 3139 698 3224 ardetur
728 3134 952 3222 sanandus«
982 3139 1024 3220 ln
1052 3161 1192 3218 summa
1218 3137 1357 3243 probos
1387 3143 1496 3220 uiros
1519 3144 1692 3241 virtute,
1717 3139 1997 3242 intelligentia,

559 3257 784 3338 humanitate
802 3269 1042 3363 praestantes
1066 3255 1144 3336 sibi
1170 3254 1419 3335 dissimilibus
1443 3259 1630 3364 insperate
1659 3310 1673 3360 ,
1699 3259 1868 3359 utrisque
1892 3279 1997 3344 come

558 3378 700 3457 madum
716 3398 797 3452 esse
820 3363 1073 3474 constituunt,
1099 3385 1137 3452 et
1152 3384 1291 3452 natura
1302 3373 1460 3478 justum.

646 3489 683 3574 Si
712 3490 1010 3601 prudentioribus
1039 3514 1078 3572 et
1107 3487 1244 3572 virtute
1276 3487 1542 3599 praestantibus
1574 3490 1725 3604 imperia
1757 3489 1997 3596 debeannrr,

557 3606 645 3692 inde
675 3602 784 3690 infert
805 3606 1021 3720 Leopoldus
1037 3605 1246 3720 ,Regnum
1260 3609 1475 3691 Tunetense
1498 3634 1531 3692 e.
1548 3636 1587 3722 g.
1609 3609 1637 3691 si
1651 3609 1689 3692 in
1704 3608 1908 3722 principem
1925 3608 1992 3693 de-

557 3725 701 3810 venerit
724 3749 953 3837 tyrannum,
980 3724 1039 3808 cui
1055 3719 1182 3806 tiatres
1206 3721 1307 3828 sint,
1335 3722 1507 3838 quamvis
1535 3722 1694 3810 minores
1712 3749 1833 3826 natu,
1860 3749 1992 3811 tamen

554 3840 669 3958 longe
687 3841 944 3958 prudentiores
960 3865 998 3926 et
1015 3840 1153 3928 virtute
1182 3841 1488 3953 praestantiores,
1522 3841 1659 3926 horum
1674 3843 1809 3957 cuique
1838 3841 1993 3955 potius,

555 3983 671 4071 quam
697 3962 916 4072 importuno
934 3957 982 4042 illi
1008 3955 1160 4072 principi
1185 3951 1442 4042 deferendum.
1474 3958 1560 4043 Aut
1584 3959 1612 4043 si
1639 3959 1714 4044 hoc
1742 3958 1863 4043 minus
1894 3957 1996 4064 licet,

555 4103 605 4159 ne
634 4075 802 4160 intestina
825 4076 918 4160 bella
945 4101 983 4161 et
1009 4074 1206 4160 seditiones
1237 4074 1503 4180 suboriantur,
1531 4104 1599 4160 cur
1624 4103 1704 4160 non
1728 4077 1783 4160 ob
1813 4074 1990 4161 eamdem

555 4191 737 4277 rationem
764 4193 812 4276 ab
838 4192 990 4306 imperio
1006 4193 1257 4276 barbarorum
1291 4191 1545 4277 abstinemus?
1571 4197 1720 4278 Fatetur
1745 4197 1993 4277 Democrates

555 4339 668 4424 penes
694 4307 857 4423 optimos
885 4333 923 4392 et
955 4309 1257 4420 prudentissimos
1288 4337 1463 4425 quosque
1493 4310 1629 4396 debete
1646 4337 1790 4422 semper
1815 4337 1892 4395 esse
1924 4308 1994 4391 im·

557 4427 699 4540 perium
717 4487 729 4528 ,
753 4427 780 4509 si
796 4425 890 4538 quid
907 4425 1001 4510 ratio
1017 4449 1146 4538 poscat
1160 4426 1298 4511 ordinis
1329 4425 1529 4531 naturalis,
1562 4428 1798 4531 attendatur,
1825 4425 1990 4540 ideoque

557 4547 694 4658 Remp.
722 4543 948 4658 optimatum
978 4542 1209 4656 justissimum
1250 4567 1289 4627 et
1313 4543 1472 4630 maxime
1500 4544 1708 4633 naturalem
1738 4543 1893 4649 habeti,
1928 4563 1989 4625 ut·

1894 4679 1985 4778 pote

603 4801 616 4840 1
659 4782 724 4839 Lib.
742 4801 766 4841 1.
788 4801 850 4860 cap.
866 4803 892 4844 a.
1122 4827 1125 4832 -

598 4879 616 4919 a
659 4863 807 4921 Aristotel.
827 4866 949 4923 Politic.
961 4866 984 4922 1.
1005 4881 1067 4941 cap.
1083 4879 1110 4942 ς.

596 4957 614 5017 3
655 4942 690 4999 ln
704 4960 788 5004 serm.
802 4945 838 5004 de
848 4958 938 5020 puero
952 4944 1067 5007 Crater.
1083 4943 1212 5009 Habetur
1224 4943 1310 5006 xm.
1331 4963 1359 5025 q.
1375 4962 1401 5005 r.
1420 4961 1482 5022 cap.
1497 4945 1640 5012 scruas.
