4298 5980
535 447 622 536 188.
916 459 1000 542 DE
1046 457 1254 540 REBUS
1293 451 1513 536 GESTIS

489 621 639 728 matris
674 613 857 721 nomine
892 653 1041 761 pactus
1077 649 1218 733 esset,
1254 605 1397 716 ratum
1432 607 1624 731 habere,
1661 645 1868 774 quaeque
1904 613 1962 722 in

493 803 720 910 posterum
757 763 1063 905 pacisceretur,
1089 757 1372 861 habiturum.
1402 766 1466 856 Ita
1500 748 1658 855 foedus
1694 757 1822 858 certis
1855 800 1961 866 con-

494 907 737 1012 ditionibus
774 903 976 1025 factum,
1006 941 1194 1045 quarum
1219 941 1390 1002 summa
1418 895 1532 1022 fuit,
1562 937 1614 1000 ut
1638 897 1807 1002 bellum
1828 943 1958 1013 com-

492 1052 697 1158 munibus
735 1049 863 1151 armis
904 1085 1039 1191 atque
1080 1047 1292 1151 sumtibus
1339 1045 1507 1146 tamdiu
1549 1043 1958 1174 administraretur,

493 1200 636 1298 donec
674 1195 803 1296 omni
851 1194 998 1316 Italia,
1041 1202 1220 1335 ejusque
1260 1201 1421 1332 Regno
1464 1188 1689 1353 Hispani,
1731 1194 1957 1296 Caesaria-

492 1344 630 1482 nique
680 1340 990 1481 exigerentu13
1039 1335 1106 1438 his
1159 1374 1306 1437 autem
1354 1333 1583 1496 depulsis,
1632 1335 1723 1435 sive
1769 1336 1960 1461 deletis,

493 1524 550 1585 ne
588 1483 716 1584 Gallo
753 1484 937 1624 quidem
973 1481 1092 1622 Regi
1126 1481 1265 1581 ullum
1302 1515 1405 1578 esset
1439 1517 1488 1580 tn
1523 1477 1706 1578 Italos
1694 1481 1958 1620 imperium,

494 1617 569 1729 sed
610 1627 775 1728 annuis
825 1625 997 1730 tributis
1047 1661 1152 1724 esset
1199 1657 1427 1725 contentus
1478 1659 1715 1724 aureorum
1762 1623 1957 1730 millium

494 1772 847 1914 quinquagin,ta
884 1810 998 1911 quae
1032 1768 1117 1910 ipsi
1152 1810 1176 1869 a
1209 1782 1335 1869 Duce
1370 1765 1733 1886 Mediolanensi,
1774 1807 1957 1909 septua-

495 1917 620 2076 ginta
657 1954 782 2034 vero,
819 1953 932 2055 quae
968 1954 994 2013 a
1030 1923 1156 2054 Rege
1192 1908 1496 2053 Neapolitano
1503 1985 1519 2031 ,
1552 1909 1758 2012 Italorum
1792 1909 1954 2014 suffra

494 2097 574 2199 gro
611 2058 845 2200 deligendo
853 2133 869 2174 ,
894 2057 1199 2197 penderentur

565 2211 705 2304 XXII.
778 2210 947 2300 Interea
982 2202 1225 2300 Fernandus
1262 2200 1424 2300 Avalus
1458 2195 1667 2299 Piscariac
1711 2117 1914 2298 Marchio
1932 2275 1956 2318 ,

492 2341 653 2447 morbo
689 2343 1001 2462 invalescente,
1039 2344 1248 2507 postridie
1283 2344 1496 2443 Kalendas
1527 2339 1833 2444 Decembris
1821 2378 1956 2442 mter-

493 2487 579 2597 iit3
616 2489 663 2587 in
698 2497 819 2646 cujus
854 2486 1040 2604 locum,
1077 2489 1158 2625 qui
1193 2525 1234 2586 cr
1270 2487 1462 2628 proximi
1503 2522 1626 2585 erant
1668 2486 1785 2624 apud
1828 2485 1958 2589 mili-

497 2665 560 2729 tes
597 2630 883 2746 auctoritate,
919 2628 1140 2728 Antonius
1176 2630 1341 2747 Leiva,
1378 2665 1421 2730 et
1448 2625 1654 2731 Alfonsus
1681 2629 1842 2728 Attalus
1865 2637 1957 2728 Va·

494 2772 551 2871 sti
586 2768 794 2870 Marchio
830 2807 1143 2873 successerunt.
1180 2773 1266 2872 His
1301 2813 1395 2873 non
1430 2774 1572 2873 solum
1616 2772 1733 2873 arcis
1765 2770 1955 2872 Medio-

493 2912 677 3014 lanensis
719 2912 895 3016 obsidio
938 2916 1166 3057 urgenda,
1207 2918 1281 3016 sed
1323 2918 1454 3017 etiam
1500 2915 1612 3015 iutra
1652 2914 1807 3015 urbem
1842 2953 1952 3017 cum

495 3055 725 3198 oppidanis
770 3057 1057 3199 pugnandum
1100 3093 1218 3167 etat3
1264 3058 1342 3198 qui
1384 3058 1597 3219 oppidani
1638 3093 1739 3158 ante
1780 3095 1949 3156 menses

492 3201 665 3340 aliquot
701 3201 944 3300 exactiones
980 3236 1024 3300 et
1057 3200 1232 3333 injurias
1268 3203 1628 3302 Caesarianorum
1670 3240 1764 3301 non
1804 3194 1944 3300 feren-

495 3375 557 3442 tes
601 3345 656 3441 ad
694 3381 816 3443 arma
850 3363 1183 3463 concurrerant,
1219 3380 1263 3445 et
1299 3347 1508 3467 domum,
1545 3384 1633 3485 qua
1661 3343 1787 3446 Vasti
1825 3351 1952 3444 Mar·-

494 3483 597 3585 chio
635 3471 933 3586 diversabatur
946 3565 962 3608 ,
1007 3525 1398 3651 oppugnaverant,
1440 3523 1573 3631 atque
1614 3529 1670 3588 eo
1713 3524 1951 3628 tempore,

495 3665 575 3732 tot·
602 3628 856 3771 Principum
892 3668 942 3728 ac
979 3631 1178 3772 gentium
1213 3632 1537 3773 conspiratione
1573 3632 1742 3732 artimos
1780 3629 1948 3730 adden

494 3807 572 3894 te,
609 3781 805 3904 majore
820 3808 863 3874 et
903 3774 1106 3935 impetu,
1150 3809 1192 3874 et
1233 3816 1442 3878 consensu
1483 3776 1763 3878 Caesarianos
1805 3771 1949 3873 adorti

494 3953 615 4031 sunt3
652 3914 755 4016 hinc
792 3916 1050 4017 tumultus
1037 3916 1169 4018 mitio
1204 3919 1366 4022 ducto.
1403 3934 1525 4022 Dum
1562 3918 1677 4020 bello
1713 3917 1950 4020 necessasia

494 4099 520 4158 a
557 4061 800 4161 Foederatis
836 4097 1177 4202 comparantur,
1219 4065 1463 4205 copiaeque
1508 4063 1808 4228 conveniunt,
1851 4069 1950 4161 Αιι-

492 4204 637 4306 tonius
673 4204 809 4330 Leiva
844 4201 1072 4309 hominem
1108 4209 1346 4348 quemdam
1381 4209 1627 4327 idoneum,
1663 4209 1743 4349 qui
1777 4203 1950 4305 Medio

355 4445 358 4450 .
491 4345 729 4451 lanensium
777 4388 844 4450 an
843 4388 947 4450 mos
988 4351 1235 4474 solicitaret,
1266 4350 1323 4454 ab
1359 4350 1556 4454 hostibus
1591 4286 1717 4452 litisse
1752 4352 1945 4463 missum,

491 4493 650 4593 certior
683 4493 835 4593 litteris
872 4497 1114 4596 amicorum
1148 4493 1285 4598 factus
1320 4536 1417 4619 est,
1454 4535 1518 4617 et,
1555 4494 1716 4659 quibus
1751 4495 1819 4594 ille
1854 4529 1945 4590 no-

491 4635 546 4736 tis
589 4637 934 4780 dignosceretur,
972 4639 1178 4774 edoctuss
1222 4681 1353 4803 quare
1401 4577 1494 4741 lroc
1537 4679 1688 4742 anrmo
1726 4675 1817 4740 sero
1852 4632 1950 4734 dici

490 4780 661 4880 domo
657 4781 932 4922 egreditur,
974 4781 1196 4926 sexaginta
1237 4784 1409 4890 circiter
1452 4783 1759 4925 jaculatoribus
1809 4781 1953 4922 stipa-

1847 4963 1954 5043 tus,
