4294 5972
585 455 676 550 270
735 405 737 420 '
1003 445 1081 528 ou
1125 441 1331 526 nurus
1384 439 1601 526 eustrs

540 645 672 762 prout
708 605 770 711 rei
804 601 992 751 gravitas
1029 638 1073 704 et
1108 598 1339 740 turpitudo
1378 598 1542 740 poscit,
1578 593 1857 704 vindicetur.
1895 599 2009 732 Hoc,

541 757 786 903 inquiunt,
829 793 900 888 quo
943 755 1027 883 fiat
1072 747 1338 867 commodius,
1386 784 1453 846 nos
1507 775 1630 846 coacto
1686 751 1842 850 concilio
1903 791 2008 860 more
2125 741 2126 750 .

540 935 666 1010 nostro
709 903 965 1036 quaestionem
1001 897 1281 992 exercebimus.
1321 890 1386 990 Tu
1423 894 1580 990 interim
1615 895 1823 1030 Hispanos
1858 899 1901 992 in
1941 939 2008 998 etr-⁴

537 1056 612 1150 mis
646 1085 725 1144 esse
754 1047 875 1184 jube,
910 1070 986 1157 ut,
1008 1043 1044 1136 si
1073 1041 1191 1138 scelus
1230 1045 1419 1173 cognitum
1447 1033 1581 1163 fiterit
1617 1038 1668 1136 ad
1703 1040 1840 1144 multos
1875 1050 1997 1178 perti-

540 1231 660 1307 nere,
691 1190 942 1322 improborum
964 1188 1169 1320 flagitium
1204 1219 1288 1280 cum
1323 1187 1465 1282 minore
1502 1182 1682 1282 bonorum
1711 1187 1882 1318 periculo
1917 1193 2000 1289 uin*

545 1339 718 1434 dicetur.

615 1488 820 1580 XXXIII.
915 1474 1001 1576 His
1046 1472 1170 1576 dictis
1221 1468 1430 1576 Germani
1466 1471 1737 1592 discedunt,
1787 1507 1832 1576 tt
1867 1515 1998 1618 quae·

539 1621 685 1724 stione
736 1617 885 1720 habita
938 1621 995 1720 de
1045 1657 1289 1760 paucorum
1332 1653 1500 1756 septem
1543 1652 1618 1719 aut
1663 1652 1768 1718 octo
1817 1659 2000 1723 numero

541 1768 659 1870 male
696 1763 993 1904 cogitantium
1031 1763 1187 1863 scelere
1224 1797 1542 1902 compertum,
1584 1763 1729 1902 deque
1767 1759 1836 1862 his
1871 1761 1929 1864 ab
1964 1762 2003 1864 i·

536 1909 629 2048 psis
666 1907 891 2007 Germanis
927 1906 1163 2025 militibus,
1180 1905 1261 2046 qui
1296 1903 1427 2004 hastis
1463 1904 1512 2005 in
1538 1944 1612 2006 eos
1641 1905 1874 2024 irruerunt,
1900 1945 2008 2046 supa

543 2049 727 2192 plicium
763 2085 985 2151 sumtum.
1025 2052 1159 2147 Tunc
1196 2087 1350 2149 omnes
1392 2048 1598 2150 omniurn
1638 2048 1871 2151 nationum
1912 2047 1997 2148 mi·

542 2193 638 2296 lites
679 2194 735 2293 ad
771 2193 1070 2325 jusjurandum
1106 2191 1342 2296 libentibus
1385 2192 1545 2294 animis
1585 2191 1729 2294 adacti
1780 2229 1999 2332 nunquam
2127 2305 2128 2314 .

543 2377 589 2438 se
625 2335 682 2438 ab
719 2338 932 2455 exercitu,
954 2337 1061 2436 dum
1099 2336 1224 2476 panis
1261 2371 1306 2436 et
1341 2374 1455 2477 aqua
1491 2371 1770 2478 suppeteret,
1797 2335 1997 2438 discessu·

544 2519 645 2600 ros,
668 2480 741 2583 sed
778 2519 928 2581 omnes
965 2477 1227 2580 calamitates
1263 2517 1410 2618 aequo
1447 2481 1599 2582 animo
1637 2519 1713 2620 per
1746 2519 1938 2597 essuros,
1961 2511 1999 2578 et

535 2621 772 2723 ¹frumento
810 2655 1046 2722 consumto
1087 2660 1181 2724 non
1218 2658 1517 2743 recusaturos,
1558 2623 1672 2766 quin
1707 2519 1849 2724 liostes
1883 2659 1998 2762 prae-

541 2765 609 2864 lio
647 2764 885 2884 lacessant,
915 2802 958 2865 et
994 2763 1205 2865 omnibus
1241 2751 1398 2868 officiis
1434 2763 1677 2910 fimgantur
1689 2843 1704 2888 ,
1740 2764 1994 2908 quaesatio

543 2904 807 3051 reipublicae
844 2942 887 3008 et
921 2908 1071 3008 Caroli
1106 2909 1296 3010 Caesaris
1335 2909 1523 3051 dignitas
1561 2909 1871 3052 postulaverit.

613 3060 830 3154 XXXIV.
903 3060 983 3151 Per
1030 3051 1151 3150 idern
1195 3087 1366 3192 tempus
1402 3050 1611 3156 Fabritius
1658 3092 1842 3195 quoque
1880 3060 1998 3154 Mars

543 3195 784 3314 ramaldus,
803 3195 942 3333 patria
979 3195 1322 3334 Neapolitanus,
1343 3195 1513 3296 Italicae
1549 3234 1705 3298 manus
1742 3191 2003 3339 praefectus,
2128 3277 2129 3326 .

543 3373 590 3441 et
622 3347 744 3470 cujus
788 3336 891 3438 fidei
934 3372 1067 3477 atque
1109 3339 1333 3438 custodiae
1376 3374 1504 3479 porta
1547 3336 1668 3464 urbis
1716 3380 1804 3444 una
1843 3339 1999 3442 credita

542 3511 588 3582 et
622 3479 859 3582 commissa
895 3515 986 3580 etat
999 3558 1013 3601 ,
1051 3482 1100 3580 in
1144 3481 1352 3621 perfidiae
1394 3481 1749 3624 proditionisque
1796 3483 2003 3625 suspicio-

543 3663 650 3732 nem
666 3702 681 3748 ,
717 3619 869 3724 fraude
905 3625 1067 3724 scilicet
1100 3625 1411 3746 inimicorum,
1453 3627 1616 3747 venit,
1652 3627 1772 3770 qui,
1813 3625 2002 3728 confictis

546 3769 728 3872 nomine
764 3765 998 3869 Lautrechi
1032 3771 1088 3867 ad
1123 3769 1362 3871 Iabririum
1397 3769 1582 3891 litteris,
1610 3810 1716 3874 cum
1749 3769 1816 3869 his
1853 3771 2005 3870 Italtun

547 3914 790 4054 quemdam
825 3913 1093 4054 flagitiosum
1130 3947 1174 4012 ct
1208 3947 1396 4015 astutum
1431 3909 1694 4036 hominem,
1725 3912 2004 4016 subornatum

550 4089 594 4158 et
631 4054 893 4158 instructum
927 4057 1140 4159 mittunt.
1169 4067 1216 4157 -Is
1250 4099 1305 4160 ex
1340 4056 1552 4158 industria
1587 4058 1636 4158 in
1673 4059 1865 4178 locum,
1902 4057 2005 4160 unde

549 4197 608 4302 ab
644 4200 882 4343 Hispanis,
908 4202 989 4344 qui
1025 4202 1073 4302 in
1109 4201 1293 4304 statione
1321 4240 1473 4324 erant,
1492 4200 1690 4343 conspici
1724 4213 1876 4344 posset
1914 4237 2006 4303 cum

550 4346 852 4484 processisset,
876 4345 1096 4448 occultare
1132 4388 1175 4448 se
1211 4389 1261 4448 ac
1296 4343 1495 4491 refugere
1530 4347 1714 4487 coepit,
1742 4381 1793 4448 ut
1830 4345 1902 4448 sui
1935 4345 2009 4444 ad-

553 4520 707 4586 ventus
744 4491 1031 4631 suspicionem
1067 4527 1322 4594 nostrorum
1358 4494 1514 4596 animis
1551 4491 1770 4624 injicerets
1790 4515 1896 4632 {quo
1928 4483 2012 4585 arti-

550 4633 783 4737 madverso
831 4634 1020 4774 Hispani
1066 4635 1313 4755 advolant,
1359 4671 1402 4738 et
1438 4632 1671 4738 hominem
1715 4671 1818 4736 cum
1858 4625 2012 4730 litteris

555 4777 772 4882 metuenti
807 4819 857 4882 ac
896 4777 1136 4922 trepidanti
1177 4777 1367 4886 similem
1418 4778 1838 4922 comprehendunt,
1873 4807 1918 4876 et
1958 4768 2012 4868 ad

1908 4911 2012 5019 Phi-
