4326 5986
602 439 848 524 ennom
894 437 949 521 V.
983 439 1102 520 ΜΒ.
1135 437 1229 520 xv.
1562 419 1651 534 467

192 595 569 743 .c0nspeximus,
622 637 648 696 a
699 636 787 737 qua
837 595 893 694 de
934 586 1170 735 naufragio
1223 586 1378 695 edocti
1427 587 1476 694 in
1527 594 1693 702 alienae

222 742 481 849 calamitatis
518 739 670 843 dolore
708 737 840 840 nobis
878 737 1087 880 gratulati
1124 774 1301 838 sumus.

294 895 464 989 XXXI.
540 893 646 984 Hoc
683 922 803 984 anno
841 921 987 983 mense
1037 881 1167 1016 Julio
1208 880 1458 984 Desiderius
1493 894 1691 989 Erasmus

223 1030 551 1134 Roterodamus
594 1027 783 1130 Basileae
827 1025 1038 1144 decessit,
1074 1065 1177 1126 curn
1214 1025 1390 1127 vixisset
1426 1067 1566 1130 annos
1603 1032 1706 1152 cir·‚

224 1177 331 1276 citer
381 1172 698 1316 septuaginta,
751 1170 818 1272 vir
868 1170 1123 1312 eloquentia
1184 1206 1228 1270 et
1271 1170 1511 1271 multarum
1546 1211 1691 1276 rerum

225 1318 483 1463 cognitione
519 1319 685 1438 clarus,
726 1315 818 1418 acri
853 1315 1070 1457 ingenio,
1104 1347 1148 1413 et
1183 1314 1404 1454 copioso,
1438 1353 1627 1458 arguto,
1648 1354 1692 1420 et

225 1503 354 1606 supra
403 1502 539 1606 quam
584 1462 704 1564 credi
750 1495 936 1602 potest,
987 1452 1188 1578 festivo,
1224 1471 1351 1594 'eujus
1387 1498 1555 1560 nomen
1591 1459 1691 1584 diu,

226 1609 338 1708 dum
374 1608 576 1728 viveret,
612 1608 723 1707 adeo
759 1600 847 1704 fuit
885 1604 1128 1702 multorum
1163 1599 1349 1701 vocibus
1392 1600 1693 1731 celebratum,
1730 1675 1733 1689 ·

226 1783 278 1849 ut
314 1747 517 1852 homines
568 1748 681 1848 nihil
729 1747 813 1846 nisi
857 1747 912 1844 de
956 1756 1137 1845 Erasmo
1177 1745 1487 1885 loquerentur,
1533 1748 1692 1892 utique

227 1926 343 1991 trans
391 1892 555 2030 Alpes,
602 1927 707 1988 nam
751 1887 850 1986 Itali
885 1924 978 1984 non
1021 1920 1247 2024 tantopere
1293 1895 1384 2019 ejus
1419 1887 1490 1987 vel
1534 1891 1696 1989 doctri·

229 2071 383 2152 nam,
433 2031 504 2132 vel
551 2027 852 2169 eloquentiam
899 2025 1254 2129 demirabantur.
1301 2028 1517 2128 Plurimos
1561 2029 1696 2133 libros

230 2175 402 2294 edidit,
445 2172 608 2313 partim
644 2211 781 2290 suos,
824 2207 994 2308 suoque
1031 2177 1179 2268 Marte
1214 2168 1501 2293 lucubratos,
1537 2175 1697 2314 partim

232 2319 397 2417 alienos
435 2331 664 2426 Sacrorum
702 2321 951 2416 Auctorum
968 2389 984 2432 ,
1020 2325 1367 2453 sanctorumque
1403 2320 1577 2416 Parrum
1602 2359 1627 2418 a
1656 2358 1701 2418 se
1746 2435 1748 2444 Ι

234 2458 568 2601 diligentissime
605 2492 857 2576 correctos,
891 2496 941 2555 ac
978 2457 1214 2595 prudenter
1250 2460 1583 2578 emmendatos,
1609 2499 1701 2563 non

232 2602 376 2702 nullos
414 2604 546 2702 etiam
583 2601 845 2700 doctissimis
882 2596 1055 2700 scholiis
1092 2635 1335 2701 enarratos.
1374 2598 1550 2722 Quibus
1574 2600 1701 2726 rebus

233 2742 281 2845 id
328 2778 417 2844 erat
459 2780 711 2864 assecutus,
739 2763 802 2870 {ut
847 2742 902 2846 de
945 2740 1097 2843 litteris
1145 2781 1240 2842 non
1286 2745 1426 2843 modo
1475 2740 1701 2884 profanis,

236 2887 309 2987 sed
348 2887 480 2986 etiarn
517 2887 643 2987 sacris
698 2926 748 2987 ac
802 2885 1045 3006 litterarum
1082 2885 1284 3006 studiosis
1320 2886 1491 3028 optime
1520 2889 1702 2990 meritus

235 3069 323 3129 esse
360 3030 612 3149 videretur,
648 3030 685 3129 si
721 3031 776 3130 de
813 3029 943 3131 rebus
982 3029 1158 3150 Sacris,
1193 3070 1245 3129 ac
1289 3066 1441 3130 eorum
1482 3030 1701 3134 Ministris

234 3181 405 3305 majore
452 3171 652 3272 adbibita
697 3173 981 3292 reverentia,
1018 3208 1374 3313 temperatusque
1415 3173 1705 3296 disseruisset,

236 3353 318 3414 nec
359 3313 486 3414 rebus
537 3315 821 3414 sacrosanctis
865 3325 1023 3446 jocos,
1061 3350 1106 3413 et
1148 3315 1274 3416 ludos
1311 3315 1579 3425 miscuissett
1616 3355 1705 3458 po0

238 3492 433 3577 stremo‚
471 3455 508 3555 si
544 3456 798 3595 periculosis
834 3454 1155 3597 suspicionibus
1191 3457 1377 3559 serendis
1413 3455 1703 3571 abstinuissem

236 3637 353 3739 quae
393 3600 507 3699 mala
544 3599 674 3700 multi
719 3597 802 3700 viri
837 3638 1032 3742 graves,
1068 3598 1265 3721 eruditi,
1301 3637 1345 3702 et
1382 3600 1577 3742 religiosi
1611 3642 1704 3707 non

239 3742 551 3845 dubitaverunt
589 3741 820 3843 seminaria
874 3739 1222 3845 Lutberanatum
1264 3742 1529 3842 insaniarum
1573 3738 1704 3847 firisse

239 3884 530 3986 confirmare.
585 3897 655 3988 De
699 3923 812 4026 qua,
833 3883 1069 3986 bominum
1117 3884 1332 4025 opinione
1380 3896 1610 3990 Erasmurn
1657 3890 1704 3990 in

238 4036 490 4167 Antapologia
522 4065 593 4168 pro
632 4029 794 4129 Alberto
824 4032 903 4127 nto
940 4027 1032 4168 ipse
1068 4028 1302 4129 certiorem
1338 4024 1451 4148 feci,
1488 4065 1532 4130 et
1563 4030 1704 4134 amice
1843 4037 1847 4042 ’

242 4169 377 4269 etiam
416 4210 491 4313 per
527 4172 686 4272 litteras
722 4169 912 4290 monui,
945 4204 997 4270 ut
1031 4209 1209 4272 suorum
1246 4171 1503 4311 scriptorum
1538 4173 1703 4316 ancipi-

240 4310 304 4412 tia
340 4314 438 4413 loca
476 4312 710 4435 deliniret,
749 4311 885 4414 dubia
932 4350 975 4414 et
1013 4311 1198 4416 obscura
1241 4315 1513 4438 declararet,
1550 4317 1703 4419 omni-

242 4492 332 4594 que
368 4455 538 4559 ratione
574 4458 698 4578 sibi,
736 4458 908 4598 suisque
944 4455 1068 4560 libris
1112 4458 1394 4578 consuleret,
1431 4495 1474 4560 et
1518 4462 1705 4600 posteri-

243 4598 343 4698 tatis
388 4598 609 4704 tationem
653 4601 869 4723 duceret,
914 4602 1040 4744 quasi
1082 4593 1282 4705 divinans
1326 4597 1457 4723 fore,
1501 4603 1545 4704 id
1583 4606 1706 4744 quod

246 4741 435 4864 accidit,
478 4779 531 4846 ut
566 4785 622 4846 eo
665 4781 847 4848 mortuo
888 4744 1105 4851 librorum
1151 4756 1242 4880 ejus
1284 4746 1414 4849 lectio
1456 4744 1706 4850 Catholicae

1651 4887 1708 4991 fi-
