4298 5980
564 446 650 512 210
964 441 1047 522 DE
1094 439 1293 520 REBUS
1334 435 1550 522 GESTIS

521 636 596 704 aut
638 641 731 702 non
774 599 913 744 longo
957 596 1189 699 intervallo
1245 594 1551 718 distantibus,
1599 594 1775 700 liberius
1830 596 1997 743 passim

521 744 821 890 vagabantur,
857 747 930 847 sed
966 743 1153 885 pecunia
1188 741 1370 846 ducibus
1406 745 1463 846 ad
1509 742 1715 844 alendum
1756 748 1997 849 exercitum

522 933 616 995 non
652 888 941 1038 suppetebat3
979 931 1005 990 a
1041 887 1202 992 Carolo
1237 888 1360 990 enim
1404 887 1527 992 bellis
1573 883 1872 1032 superioribus
1919 933 2001 992 ex-

522 1036 677 1141 hausto
740 1073 1000 1182 peranguste
1060 1033 1331 1180 stipendium
1384 1030 1724 1136 submittebatur
1768 1075 1783 1144 ·‚
1848 1031 1997 1179 itaque

522 1223 677 1288 omnes
714 1185 955 1286 necessario
994 1184 1155 1329 partim
1193 1179 1353 1326 praeda
1390 1219 1444 1282 ex
1479 1178 1854 1300 adversariorum,
1891 1189 1999 1285 Pon-

524 1328 742 1475 tificisque
785 1328 947 1432 finibus
992 1330 1170 1474 petita,
1212 1325 1374 1469 partim
1424 1323 1560 1426 etiam
1605 1325 1791 1464 pecunia
1838 1329 1997 1466 pacatis

524 1471 770 1616 imperata,
807 1516 887 1577 nec
924 1473 981 1577 ab
1019 1474 1215 1610 injuria,
1252 1511 1334 1572 nec
1378 1511 1404 1570 a
1449 1464 1670 1569 maleficio
1712 1505 1996 1611 temperantes

523 1617 790 1745 alebantur,
835 1662 973 1766 eaque
1010 1621 1206 1744 ratione,
1250 1617 1379 1758 quod
1416 1613 1639 1758 reliquum
1675 1612 1850 1754 hyemis
1885 1611 1996 1738 fitit,

524 1795 854 1909 transegerunt.
2128 1751 2129 1770 ,

537 1979 540 1988 ·
614 1919 665 2008 L.
752 1921 919 2010 Interea
962 1907 1149 2010 Carolus
1198 1943 1367 2009 annum
1408 1944 1541 2049 agens
1584 1901 1847 2050 vigesimum
1897 1945 1993 2007 sex-

522 2083 620 2150 tum
672 2052 727 2151 ad
762 2051 920 2153 urbem
968 2051 1194 2193 Hispalim
1230 2090 1417 2154 uxorem
1454 2049 1580 2152 duxit
1615 2048 1842 2152 Isabellam
1872 2060 1995 2152 Ema-

522 2195 664 2296 nuelis
707 2197 1000 2340 Portugalliae
1041 2197 1179 2341 Regis
1228 2195 1367 2298 filiam
1414 2232 1524 2296 cum
1572 2234 1733 2340 magna
1779 2194 1992 2298 caerimo-

523 2338 596 2448 nia
656 2379 911 2484 magnaque
969 2341 1177 2442 omnium
1237 2341 1448 2442 ordinum
1504 2341 1850 2482 gratulatione,
1907 2380 1991 2441 non

524 2521 786 2604 contemta,
828 2521 879 2584 ut
922 2521 1051 2626 supra
1092 2486 1222 2604 dixi,
1267 2485 1413 2585 Maria
1460 2485 1647 2587 Henrici
1689 2486 1991 2590 Britannorum

523 2630 663 2769 Regis
700 2627 823 2747 filia,
859 2665 996 2769 quam
1031 2669 1084 2729 ex
1126 2626 1280 2772 Belgio
1325 2631 1375 2730 in
1416 2629 1684 2773 Hispaniam
1730 2631 1898 2732 rediens
1937 2669 1992 2728 se-

522 2805 649 2912 ptem
684 2809 906 2873 annorum
947 2773 1183 2916 puellam,
1225 2811 1275 2875 ut
1320 2774 1513 2916 superius
1562 2775 1990 2898 demonstravimus,

523 2914 844 3018 inconsiderate
880 2913 966 3020 sibi
1002 2922 1325 3061 desponderat,
1363 2920 1438 3019 sed
1485 2917 1785 3062 posthabita,
1832 2955 1883 3022 ut
1917 2958 1992 3062 po-

524 3060 707 3162 steritati
742 3061 1025 3185 consuleret,
1068 3101 1112 3166 et
1154 3065 1396 3205 Hispaniae
1443 3063 1716 3206 principibus
1763 3099 1895 3206 atque
1930 3062 1992 3162 ci-

526 3203 735 3348 vitatibus
771 3243 945 3314 morem
980 3245 1182 3353 gereret,
1217 3207 1299 3352 qui
1335 3207 1421 3316 hoc
1457 3210 1604 3352 ipsum
1632 3205 1767 3314 abeo
1795 3204 1991 3352 precibus

528 3348 735 3453 omnibus
781 3393 906 3496 saepe
952 3356 1295 3458 contenderant.
1347 3360 1472 3478 Nam
1511 3353 1781 3456 Britannicae
1828 3349 1992 3496 puellae

523 3496 820 3599 maturitatem
846 3535 1096 3644 exspectare
1125 3500 1294 3604 cunctis
1331 3485 1521 3644 longum
1548 3538 1635 3599 esse
1672 3497 1929 3616 videbatur,
1955 3529 1993 3594 et

524 3644 790 3746 commodae
817 3683 868 3745 ac
896 3682 1078 3747 naturae
1110 3644 1415 3751 convenientis
1443 3643 1759 3786 procreationis
1796 3645 1992 3787 despera-

523 3782 696 3891 tionem
719 3791 959 3930 quamdam
978 3787 1185 3895 afferebat
1207 3831 1220 3902 3
1241 3826 1291 3891 ut
1316 3790 1439 3892 enim
1465 3829 1490 3888 a
1511 3787 1710 3909 senibus,
1734 3786 1796 3888 sic
1819 3784 1878 3888 ab
1902 3785 1994 3885 ado·

523 3924 850 4038 lescentiotibus
895 3934 1010 4040 filios
1039 3973 1138 4038 tum
1174 3975 1393 4079 corpore,
1425 3971 1525 4038 tum
1563 3932 1715 4036 animo
1757 3927 1992 4033 imbecilles

523 4071 654 4220 gigni
685 4119 830 4183 rerum
860 4121 962 4188 usus·
996 4082 1178 4194 docuit,
1211 4084 1362 4226 itaque
1389 4080 1539 4187 virum
1574 4081 1684 4183 citra
1720 4075 1991 4221 trigesimum

523 4257 693 4329 sextum
730 4267 930 4352 annum,
957 4225 1176 4332 feminam
1221 4229 1336 4332 circa
1382 4229 1608 4364 decimum
1655 4258 1869 4328 octavum
1904 4255 1991 4320 ma·

522 4363 739 4522 trimonio
775 4376 905 4523 jungi
939 4375 1259 4520 tempestivum
1301 4417 1389 4479 esse
1433 4368 1690 4520 philosophi
1729 4393 1990 4521 naturaeque

521 4542 774 4656 interpretes
824 4555 1068 4623 testantur.
1123 4528 1169 4624 A
1223 4565 1319 4664 quo
1354 4534 1599 4666 praecepto
1642 4517 1674 4619 s'
1710 4555 1769 4618 ua
1810 4541 1993 4612 necessl·

520 4682 623 4774 tas,
676 4662 860 4809 siquave
913 4703 1077 4812 magna
1130 4669 1473 4789 commoditas,
1521 4705 1572 4768 ut
1620 4705 1749 4807 saepe
1800 4649 1997 4766 accidit,

517 4793 807 4933 (lehonensi,
844 4813 1100 4935 meminisse
1137 4849 1288 4920 tamen
1316 4846 1558 4957 oportet,
1584 4848 1677 4952 quo
1720 4803 1898 4947 longius
1925 4792 1999 4961 'ab

1922 4937 1995 5044 illa
