4294 5972
566 431 667 532 3an
718 440 722 448 ·
952 423 1038 511 DE
1085 422 1288 510 REBUS
1336 423 1563 516 Gusrrs

527 587 720 698 deterriti
753 608 884 717 sunt,
918 582 1160 733 quominus
1184 585 1399 690 naviculis
1417 585 1603 693 'ulterius
1630 583 1990 734 proveherentur.
2127 701 2128 720 Ν

612 747 772 842 XVIII.
858 739 968 872 Jam
1013 723 1243 838 exercitus
1268 733 1497 872 Solymani
1537 775 1702 878 magna
1744 775 1844 878 pars
1887 781 1991 849 cum

531 877 795 988 Abrahamo'
812 891 937 982 Bassa
970 867 1196 1020 praefecto
1227 879 1397 1022 praeire
1424 889 1537 1014 jussa
1588 915 1680 982 tam
1717 881 1853 1025 longe
1891 924 1990 1028 pro-

533 1058 742 1146 cesserat,
778 1049 831 1126 ut
866 1062 1112 1165 paucorum
1137 1023 1313 1128 dierum
1348 1023 1501 1128 itinere
1536 1017 1702 1126 abesset
1729 1064 1758 1125 a
1786 1026 1965 1130 Vienna
1973 1081 1990 1134 .·

533 1183 742 1273 Ceterum
777 1161 1104 1294 difficultatibus
1140 1165 1320 1272 affectus
1356 1168 1610 1306 Solymanus
1648 1203 1693 1270 et
1729 1171 1915 1312 cognito
1937 1176 1988 1276 de
2128 1282 2129 1290 .

533 1313 895 1417 convenientium
930 1314 1160 1456 copiarum
1203 1307 1542 1456 magnitudine,
1577 1324 1989 1462 Germanorumque

409 1575 413 1584 .
534 1497 787 1580 consensu,
828 1497 942 1604 quos
990 1459 1229 1600 imparatos
1266 1491 1310 1557 et
1361 1457 1580 1560 discordes
1631 1455 1900 1561 offensurum
1949 1501 1990 1562 se

535 1615 818 1746 speraverat.
876 1603 1099 1745 desperata
1145 1596 1333 1734 victoria
1382 1600 1466 1704 suis
1513 1611 1604 1738 jam
1655 1599 1781 1703 rebus
1835 1603 1990 1707 timete
2129 1659 2130 1662 Ν

534 1748 688 1889 coepit
718 1783 773 1849 -et
814 1745 1068 1848 Abrahamo
1113 1783 1190 1889 per
1238 1744 1423 1886 nuntios⁵
1454 1780 1499 1846 et
1540 1746 1705 1846 litteras
1747 1786 1799 1846 ex
1833 1745 1991 1850 itinere

534 1892 714 2008 missas,
734 1889 859 2029 quod
886 1888 980 1990 fieri
1006 1891 1158 2011 vellet,
1192 1888 1410 1990 ostendit.
1447 1901 1485 1990 Is
1508 1889 1673 2002 omisso
1698 1887 1867 2007 itInere,
1892 1931 1990 2030 quo

536 2033 761 2136 Viennam
789 2027 1032 2152 ferebatur,
1051 2071 1093 2135 er
1119 2071 1279 2176 magna
1306 2065 1424 2172 parte
1448 2033 1867 2173 impedimentorum
1888 2073 1991 2134 cum

537 2176 810 2319 gravioribus
853 2178 1085 2278 tormentis
1128 2177 1176 2277 in
1227 2175 1412 2278 navibus
1455 2177 1755 2315 Danubioque
1800 2175 1989 2295 relictis,

538 2357 700 2462 agmen
735 2318 782 2422 in
825 2318 994 2422 laevam
1029 2319 1183 2437 flectit,
1219 2357 1497 2459 quacumque
1532 2317 1613 2420 iter
1648 2314 1862 2436 haberet,
1883 2318 1990 2420 nihil

538 2497 781 2604 temperans
817 2461 874 2561 ab
909 2462 1068 2594 injuria
1096 2498 1139 2561 et
1176 2460 1419 2562 maleficia.
1456 2459 1616 2564 Obiter
1651 2461 1787 2602 igitur
1819 2463 1987 2563 vastaris

540 2607 694 2747 agris,
732 2603 880 2720 vicis,
917 2601 1213 2747 aedificiisque
1257 2603 1478 2726 incensis,
1520 2605 1776 2706 Guiuzium-
1803 2641 1985 2742 parvum

538 2747 774 2888 oppidum
794 2783 898 2846 cum
934 2750 1231 2891 pervenisset,
1267 2787 1524 2893 oppugnare
1560 2750 1703 2890 ipsum
1737 2746 1988 2866 statuimur

542 2891 747 3032 dignatus
783 2888 888 3033 inde
922 2893 1088 2994 nullam
1115 2889 1243 3003 firisse
1270 2894 1445 2994 missam
1480 2895 1536 2992 de
1559 2929 1664 3032 pace
1696 2890 1986 3034 legationemr
2131 2909 2132 2914 '

538 3033 686 3174 itaque
722 3034 920 3176 despecta
955 3035 1088 3177 ipsius
1123 3036 1372 3177 parvitate,
1401 3034 1713 3140 denuntiatum
1741 3033 1883 3136 mittit
1909 3073 1988 3174 op

540 3177 747 3320 pidanis,
772 3178 866 3280 'nisi
901 3180 1063 3280 vellent
1105 3217 1297 3283 extrema
1341 3182 1481 3322 pati,
1523 3220 1566 3281 se
1610 3177 1814 3323 protinus
1857 3178 1987 3317 oppi-

541 3323 740 3464 dumque
775 3311 1007 3425 dederent.
1045 3335 1094 3425 In
1130 3323 1217 3426 hoc
1248 3326 1492 3468 oppidum,
1511 3327 1727 3466 quoniam
1749 3319 1881 3464 paulo
1899 3353 1992 3422 erat
2132 3381 2133 3388 Ν

539 3499 693 3565 natura
727 3502 949 3606 manuque
986 3468 1225 3590 munitius,
1250 3505 1433 3610 magnus
1461 3467 1696 3570 mulierum
1722 3501 1767 3568 et
1794 3465 1993 3573 ¹uirorum

539 3646 616 3750 per
651 3644 838 3708 aetatem
875 3613 929 3708 ad
966 3650 1163 3753 pugnam
1201 3612 1424 3714 inutilium
1460 3649 1668 3714 numerus
1702 3651 1755 3710 ex
1790 3610 1905 3751 agris
1939 3606 1995 3709 fi-

541 3749 735 3872 nitImis,
770 3751 963 3894 vicisque
988 3749 1274 3895 confugerat.
1313 3763 1436 3854 Nam
1472 3755 1552 3897 qui
1587 3792 1705 3854 anna
1738 3747 1851 3853 ferre
1886 3787 1995 3892 pos·-

540 3926 666 4012 sent,
700 3895 755 3994 ad
793 3897 1038 4040 octingenti
1082 3897 1242 4038 reperti
1284 3934 1382 4006 sunt
1419 3933 1523 3998 cum
1559 3894 1789 3998 NicoIIzio
1813 3905 1993 3996 Panno-

542 4036 620 4138 nio
657 4036 756 4138 viro
793 4041 974 4140 maximi
1016 4075 1111 4141 tum
1148 4039 1314 4160 animi,
1359 4077 1459 4142 tum
1495 4041 1629 4142 etiam
1664 4035 1874 4159 consiffi,
1919 4038 1997 4182 qui

540 4175 680 4282 fuerat
716 4181 860 4282 eidem
897 4223 923 4282 a
959 4195 1083 4326 Rege
1119 4185 1346 4286 fernando
1381 4179 1653 4328 praefectus;
1695 4197 1876 4325 eratque
1913 4220 1996 4283 no-

542 4352 612 4422 tus
646 4322 906 4426 Abrahamo
943 4368 995 4428 ex
1019 4327 1270 4471 legatione,
1294 4367 1384 4469 qua
1418 4323 1559 4430 firerat
1593 4325 1765 4430 firncnrs
1802 4326 1994 4428 nonita

542 4463 719 4602 pridem
756 4471 811 4566 ad
854 4469 1138 4603 solymanum
1183 4509 1210 4574 a
1255 4474 1480 4575 Fernando
1522 4485 1647 4616 Rege
1688 4473 1878 4576 missus;
1912 4463 1995 4606 qui

542 4604 791 4732 Nicolizius
805 4683 820 4727 ‚
855 4611 1004 4712 audita
1039 4612 1262 4756 legatione
1278 4692 1292 4731 ‚
1308 4605 1561 4719 'renuntiari
1583 4617 1709 4752 jubet
1735 4609 1996 4716 Abrahamo

541 4750 817 4854 Nicol'rzium
851 4757 1112 4893 juristhitt'um
1160 4755 1391 4865 hominem
1441 4760 1528 4902 ipsi
1567 4797 1663 4864 non
1702 4759 1917 4901 ignorum
1975 4789 2000 4848 ²

1744 4976 1750 4986 .
1892 4905 1997 4995 Fer·
