4298 5980
588 472 671 560 182
984 489 1067 568 DE
1106 485 1316 566 REBUS
1344 481 1585 566 I'GESTI'S

541 647 665 754 varia
701 645 838 790 igitur
879 633 1049 752 rediens
1091 650 1311 742 Moronus
1346 641 1463 774 jussu
1505 637 1778 744 Mareliionis
1819 645 1878 750 ab
1915 648 2002 758 Am

533 793 666 897 tonio
703 793 907 936 capitur,
941 783 1245 927 militibusque
1282 784 1589 888 custodiendus
1626 788 1783 909 datur,
1824 831 1851 890 a
1888 834 2002 938 quo,

538 937 765 1042 intentatis
802 930 1069 1054 tormentis,
1113 939 1443 1065 conjuratorum
1489 929 1667 1034 consilia
1708 933 1915 1074 planius,
1953 978 1999 1046 tt

539 1081 730 1220 apertius
767 1077 987 1182 indicata.
1054 1177 1060 1186 ,
1404 1163 1409 1168 .
1552 1125 1554 1132 ’

622 1232 746 1324 XIV.
837 1227 913 1328 Ad
950 1221 1157 1325 nuntium
1195 1262 1243 1323 ca
1275 1221 1310 1321 ti
1346 1218 1535 1322 Moroni
1567 1233 1672 1322 Dux
1713 1215 1870 1323 Sfortia
1906 1235 1994 1330 ma?

532 1405 633 1510 ¹gno
670 1367 829 1468 timore
872 1369 1088 1512 perculsus
1134 1262 1364 1502 Jacobum·
1402 1365 1658 1506 Philippum
1671 1367 1677 1458 .'
1692 1377 1871 1467 Saccum
1908 1374 1993 1500 jure

531 1511 786 1613 consultum
829 1513 1043 1656 purgandi
1085 1511 1151 1611 sui
1199 1550 1325 1612 causa
1374 1510 1429 1609 ad
1475 1508 1782 1611 Marchionem
1826 1511 1994 1632 mittit,

533 1665 654 1788 cujus
691 1656 918 1778 oratione,
953 1697 1035 1760 nec
1071 1693 1241 1798 prorsus
1277 1689 1482 1794 accepta,
1519 1651 1722 1754 Marchio
1733 1728 1749 1772 ,
1786 1693 1867 1754 nec
1900 1655 1994 1796 pla-

532 1837 587 1900 ne
622 1809 811 1932 rejecta,
842 1841 973 1903 suam
1008 1837 1167 1902 tamen‘
1192 1801 1414 1942 operamg
1449 1816 1695 1938 urtumque
1731 1835 1796 1896 res
1842 1835 1987 1920 esset,

532 1939 758 2042 liberaliter
794 1944 1042 2082 pollicitus,
1077 1982 1155 2084 per
1181 1945 1397 2044 eumdem
1425 1937 1652 2078 jacobum
1688 1937 1938 2082 Philippum
1963 1983 1991 2042 a

531 2092 658 2186 Duce
696 2085 841 2224 petit,
870 2089 936 2186 'ut
976 2085 1061 2187 sibi
1104 2125 1219 2186 arces
1263 2124 1416 2186 omnes
1443 2083 1791 2224 'munitioraque
1833 2084 1993 2225 oppida

529 2228 697 2327 tuenda
734 2229 908 2349 tradat,
952 2266 1002 2329 ut
1044 2228 1091 2329 in
1133 2271 1184 2329 ea
1227 2267 1481 2370 temporum
1527 2225 1851 2368 perturbatione
1897 2264 1991 2328 tum

533 2371 745 2474 exercitus
779 2372 1092 2491 Caesarianus,
1129 2409 1226 2472 tum
1255 2371 1597 2472 Mediolanensis
1623 2369 1892 2511 Principatus
1919 2408 1991 2472 tu-

527 2513 620 2614 tior
647 2516 701 2614 sit
729 2514 798 2612 ab·
812 2553 966 2621 eorum
995 2513 1157 2644 injuria
1163 2555 1179 2633 ‚‘
1206 2515 1285 2654 qui
1308 2516 1356 2613 in
1373 2513 1586 2616 Catulum
1612 2550 1741 2652 atque
1765 2522 1858 2642 ejus
1881 2551 1993 2613 exer-

530 2656 673 2796 eitum
693 2653 1034 2794 conspirassent,⁴
1063 2659 1448 2797 quemadmodum
1469 2653 1612 2756 adhuc
1633 2657 1750 2757 idem
1771 2654 1994 2796 Principa-

529 2831 600 2896 tus
637 2798 787 2896 Caroli
818 2800 1032 2900 Caesaris
1037 2801 1273 2936 praesidiis
1290 2803 1485 2901 adversus
1512 2798 1710 2899 hostium
1737 2797 1994 2904 violentiam

528 2931 678 3039 fuisset
710 2979 974 3051 asservatum
1001 2981 1083 3041 net
1112 2945 1231 3042 enim
1261 2983 1378 3063 esse,
1410 2942 1533 3082 quod
1562 2937 1721 3076 Sfortia
1747 2939 1992 3062 dubitaret,

528 3083 639 3321 puin
675 3085 842 3226 oppida
877 3122 921 3185 et
957 3122 1099 3206 arces,
1136 3119 1185 3186 ut
1219 3124 1338 3184 nunc
1373 3086 1587 3205 traderet,
1624 3085 1685 3185 sic
1722 3084 1839 3186 bello
1880 3127 1987 3186 ton-

556 3263 683 3344 ect0,
733 3264 808 3328 aut
841 3229 946 3330 belli
988 3225 1307 3370 suspicionibus
1344 3224 1567 3348 sublatis,
1612 3262 1718 3329 esset
1759 3269 1785 3329 a
1827 3229 1983 3328 Carolo

533 3373 809 3510 recepturus,
846 3409 951 3471 cum
984 3372 1049 3472 illi
1085 3411 1206 3473 suam
1241 3372 1289 3473 in
1326 3409 1428 3473 eum
1462 3371 1738 3472 voluntatem
1773 3408 1907 3512 atque
1943 3369 1991 3468 fi-

533 3508 673 3629 dem,
695 3554 807 3654 quae
843 3515 888 3614 in
925 3514 1233 3658 suspicionem,
1268 3555 1429 3618 vanam
1465 3515 1647 3635 scilicet,
1672 3551 1723 3616 ut
1758 3515 1851 3655 ipse
1886 3553 1992 3615 con-

532 3650 760 3777 firmaret,
804 3653 952 3759 firisset
995 3661 1218 3783 adducta,
1260 3659 1563 3800 probavisset.
1606 3671 1732 3760 Haec
1773 3658 1990 3799 postulata

533 3790 719 3899 Sfortite
754 3798 884 3901 nimis
922 3805 1028 3905 dura
1064 3841 1109 3904 et
1144 3804 1385 3945 periculosa
1421 3803 1513 3904 visa
1549 3839 1678 3913 sunt3
1712 3801 1990 3903 animadver-

533 3969 627 4038 tens
663 3977 812 4044 tamen
849 3949 1002 4048 omnia
1038 3947 1272 4069 Pontifici,
1308 3984 1440 4088 atque
1476 3947 1582 4049 belli
1616 3945 1742 4050 sociis
1778 3946 1992 4088 imparata

532 4121 649 4200 esse,
687 4123 731 4186 et
767 4128 810 4187 se
846 4091 931 4190 suis
967 4088 1126 4231 opibus
1162 4131 1253 4191 non
1290 4131 1413 4232 posse
1448 4128 1603 4192 cuncta
1638 4091 1804 4234 oppida
1840 4128 1990 4191 contra

536 4227 647 4328 vires
684 4233 1058 4342 Caesarianomm
1081 4234 1224 4355 tueri,
1259 4235 1438 4357 statuit,
1474 4271 1640 4377 praeter
1680 4234 1991 4337 Mediolanen-

534 4407 626 4468 sem
637 4448 652 4506 ‚
700 4387 1130 4519 Cremonensemque
1179 4379 1491 4483 munitissimas
1539 4419 1655 4480 arces
1679 4379 1699 4499 ,'
1742 4417 1897 4478 cuncta
1936 4375 1984 4475 in

535 4508 804 4617 Marchionis
824 4556 1102 4660 'potestatem
1137 4526 1414 4664 permittere3
1445 4521 1605 4664 quibus
1622 4609 1626 4616 .
1641 4521 1840 4644 traditis,
1875 4528 1991 4620 Mar·

534 4650 637 4754 chio
666 4660 954 4762 munitissima
987 4705 1187 4808 quaeque
1223 4665 1439 4807 praesidiis
1476 4665 1698 4785 firmavit,
1722 4702 1767 4766 et
1794 4665 1850 4762 ad
1877 4655 1992 4762 Sfor·

529 4795 673 4919 tiam,
708 4804 788 4946 qui
822 4809 1122 4956 jampridem
1157 4811 1422 4921 conscientia
1458 4847 1508 4914 et·
1538 4811 1701 4962 timore
1744 4809 1902 4910 ductus
1943 4803 1995 4903 in

1918 4987 1995 5066 ara
