4294 5984
542 458 793 542 CAROLI
837 458 890 542 V·
932 463 1052 542 LIB.
1084 465 1166 543 tv.
1479 477 1562 566 127

145 630 346 724 Parmam
382 618 625 759 expugnari
660 655 786 758 posse
822 617 1055 758 negantis,
1089 613 1259 726 facturn
1287 660 1428 728 estut
1462 663 1606 767 oppu-

145 803 299 906 gnatio
336 798 636 864 omrttetetur.

244 918 451 1010 XXXIII.
552 920 661 1030 Quo
704 906 888 1051 cognito
928 917 1021 1008 Leo
1065 908 1292 1034 Pontifex,
1335 913 1474 1015 tribus
1514 924 1608 1047 jam

141 1055 366 1154 mensibus
403 1052 591 1172 exactis,
636 1087 679 1152 et
723 1090 885 1193 magna
930 1053 976 1152 vi
1019 1057 1301 1194 pecuniarum
1343 1096 1608 1180 consumta,

140 1196 255 1297 nihil
291 1194 409 1297 bello
446 1190 694 1335 profectum
732 1236 819 1294 esse
855 1204 1034 1297 moleste
1070 1194 1242 1319 ferens,
1284 1201 1462 1336 Julium
1498 1212 1609 1302 'Me-

141 1340 289 1443 dicem
333 1339 612 1440 Cardinalem
656 1339 898 1478 patruelem
944 1376 1075 1442 suurn
1119 1383 1173 1442 ex
1213 1340 1324 1445 urbe
1373 1347 1603 1468 Florentia,

141 1494 263 1615 cujus
301 1479 620 1623 rempublicam
656 1479 1021 1603 admInistrabat,
1058 1484 1115 1585 acl
1150 1489 1388 1590 exercitum
1424 1525 1608 1591 conten·

140 1629 245 1729 dere
280 1623 436 1762 jubet,
473 1660 516 1727 et
551 1625 716 1728 bellum
753 1664 859 1727 cum
895 1628 1081 1732 ducibus
1115 1669 1197 1770 pro
1232 1671 1307 1732 sua
1346 1631 1433 1732 fide
1475 1669 1608 1776 atque

132 1771 373 1910 ¹prudentia
408 1771 737 1872 administrare.
792 1772 885 1872 Hic
932 1771 1011 1872 ubi
1048 1772 1097 1872 in
1128 1809 1266 1874 castra
1301 1777 1452 1895 venit,
1488 1775 1608 1876 haud

139 1912 227 2015 sibi
262 1953 435 2056 tempus
472 1915 520 2014 in
554 1924 735 2014 Parmae
771 1914 1040 2055 obsidione,
1068 1951 1143 2015 aut
1176 1921 1513 2061 oppugnatione
1549 1955 1608 2020 te*

140 2060 332 2159 rendum
373 2057 562 2175 statuit,
603 2056 678 2156 sed
729 2054 883 2156 urbem
930 2056 1071 2197 ipsam
1120 2060 1432 2162 Mediolanum
1478 2073 1608 2162 Insu-

140 2199 326 2322 brium,
373 2241 423 2300 ac
464 2199 598 2299 totius
644 2199 917 2341 Principatus
958 2198 1079 2298 velut
1123 2237 1283 2338 caput,
1333 2205 1605 2342 petendam3

139 2341 228 2443 hac
269 2345 390 2444 enirn
433 2378 638 2483 recepta,
680 2339 807 2444 facile
854 2379 1011 2445 ceteras
1054 2342 1103 2441 in
1145 2343 1365 2443 ditionem
1414 2379 1604 2483 potesta-

139 2520 328 2626 temque
363 2487 505 2628 redigi
541 2525 663 2626 posse
704 2483 981 2587 confidebat.
1023 2495 1177 2600 Quam
1219 2487 1478 2586 sententiam
1522 2487 1606 2587 du-v

139 2628 267 2730 cibus
305 2627 514 2729 omnibus
551 2627 925 2772 approbantibus,
948 2628 1260 2728 Mediolanum
1295 2662 1468 2747 movet,
1498 2628 1610 2729 Hel-

139 2773 287 2872 vetios
324 2782 413 2903 jam
450 2774 589 2872 domo
624 2812 728 2873 cum
773 2772 995 2874 Verulano
1036 2771 1286 2912 Episcopo,
1322 2772 1376 2870 de
1413 2810 1507 2911 quo
1544 2808 1609 2871 su·

141 2953 226 3056 pra
268 2917 546 3016 mentionem
590 2911 811 3036 fecimus,
854 2953 900 3014 et
938 2912 1170 3013 Matthaeo
1219 2913 1453 3015 Sedunensi
1498 2925 1607 3014 Card

141 3059 285 3159 dinali
333 3054 553 3201 profectos
602 3057 748 3160 obiter
798 3095 1077 3199 excepturus.
1132 3069 1236 3158 Erat
1284 3092 1434 3156 autem
1483 3063 1607 3156 Mat⁴

139 3201 299 3303 thaeus
335 3203 515 3303 natione
556 3202 783 3305 Helvetios
828 3242 989 3346 magna
1033 3202 1082 3301 in
1127 3239 1223 3300 suos
1266 3200 1409 3342 gratia
1445 3230 1488 3296 et
1528 3237 1607 3298 au·-

139 3347 388 3467 ctoritate,
431 3356 553 3480 cujus
598 3348 772 3488 egreia
813 3386 946 3489 opera
989 3340 1193 3446 Pontifex
1234 3384 1334 3443 usus
1375 3337 1515 3442 fixerat
1555 3341 1607 3442 in

138 3487 234 3589 hoc
270 3489 442 3609 milite,
479 3526 646 3630 praeter
687 3385 871 3610 dedus,
914 3490 1039 3631 quod
1083 3499 1179 3589 Rex
1219 3487 1367 3589 Gallus
1407 3524 1511 3587 curn
1554 3519 1609 3581 ea

137 3669 281 3776 gente
318 3667 609 3774 percusserat,
644 3633 955 3733 conducendo.

218 3785 438 3878 XXXIV.
511 3775 727 3877 Oderhus·
749 3776 879 3877 initio
915 3772 1020 3875 belli
1053 3774 1363 3877 Mediolanum
1398 3805 1503 3868 curn
1538 3803 1610 3867 ve·

136 3921 309 4039 nisset,
344 3959 552 4063 magnam
588 3922 682 4022 vim
751 3921 1002 4023 ecuniarum
1039 3917 1185 4020 mutui
1219 3913 1403 4014 nomine
1439 3948 1515 4050 per
1550 3948 1607 4009 0-

135 4059 272 4162 mnia
306 4063 472 4204 oppida
514 3961 800 4204 locupletibus
847 4061 1104 4204 imperavit,
1141 4091 1185 4155 et
1225 4088 1378 4174 coacto
1416 4049 1609 4153 Helveti-

136 4242 333 4323 corum,
357 4205 699 4346 Italicorumque
725 4245 892 4346 magno
924 4202 1139 4343 peditatu,
1172 4233 1216 4297 et
1233 4208 1508 4297 Venetorum
1527 4231 1611 4334 pro

137 4343 327 4448 foedere
363 4382 406 4446 ct
440 4348 642 4447 societate
677 4349 815 4487 copiis
851 4344 1090 4478 adjunctis,
1120 4381 1198 4482 per
1232 4378 1389 4482 agrum
1422 4349 1611 4438 Cremo

137 4531 331 4594 nensem
358 4500 559 4591 Parmam
594 4489 853 4595 contendits
892 4489 966 4590 sed
1001 4484 1195 4586 hostium
1231 4484 1417 4582 discessu
1453 4477 1612 4619 cogni-

138 4673 227 4754 to,
265 4673 482 4736 revertens
517 4636 573 4733 ad
595 4629 893 4735 Rhobechum
929 4630 1178 4771 oppidum,
1209 4661 1253 4725 et
1288 4622 1480 4725 fluminis
1515 4617 1612 4720 Olii

137 4779 327 4920 ripam,
362 4779 564 4880 nondum
598 4774 816 4877 Helvetiis
853 4775 901 4874 in
936 4773 1299 4872 Caesarianorum
1341 4800 1476 4866 castra
1519 4797 1615 4902 per-

1532 4901 1614 5000 du-
