4326 5986
560 426 650 518 420
953 419 1039 504 DE
1085 418 1293 504 Ruuus
1337 416 1575 506 GESTIS

520 583 748 728 officiique
797 579 935 728 gratia
976 618 1311 703 convenerunt,
1356 617 1455 684 tum
1497 621 1547 686 ut
1588 621 1691 700 cum
1735 621 1790 684 eo
1836 583 1976 694 dere
2119 631 2120 642 ¹

519 731 751 837 communi
787 765 994 872 agerent,
1035 728 1083 828 in
1121 728 1363 872 primisque
1398 730 1455 832 ab
1491 730 1650 831 eodem
1675 763 1904 872 peterent,
1925 774 1975 838 ut

522 882 577 981 de
613 875 867 1018 Principatu
903 871 1226 974 Mediolanensi
1259 869 1345 974 hoc
1381 907 1619 997 statueret,
1652 914 1746 1016 quo
1785 873 1972 1015 publicae

522 1019 829 1163 tranquillitati
864 1017 1042 1136 Italiae,
1077 1056 1127 1118 ae
1157 1053 1392 1160 perpetuae
1414 1017 1513 1158 paci
1541 1019 1865 1120 consuleretur:
1897 1023 1977 1124 nul·

522 1167 555 1268 li
601 1164 805 1268 videlicet
840 1201 996 1264 eorum
1038 1160 1274 1303 placebat,
1312 1196 1364 1262 ut
1407 1161 1590 1262 Carolus
1631 1161 1718 1263 sibi
1760 1165 1979 1267 Mediola-

522 1347 631 1414 num
668 1309 903 1427 retinetet,
939 1307 1051 1408 dum
1084 1339 1289 1406 metuunt
1330 1313 1518 1430 omnes,
1556 1343 1611 1405 ne
1647 1303 1777 1407 tantis
1826 1308 1898 1408 ille
1931 1352 1978 1412 o·

522 1453 653 1597 pibus
688 1489 868 1572 auctus,
905 1450 953 1553 in
987 1448 1109 1552 Italia
1144 1449 1394 1591 quidquam
1429 1449 1476 1552 in
1512 1491 1554 1552 se
1591 1489 1802 1592 suamque
1849 1451 1977 1556 liber·

523 1633 661 1700 tatem
704 1597 958 1698 moliretur.
1011 1593 1196 1698 Carolus
1240 1593 1415 1734 Legatis
1459 1591 1689 1697 liberaliter
1733 1594 1979 1736 pollicitus,

522 1753 750 1861 Romam,
785 1781 876 1882 quo
913 1735 1045 1879 paulo
1081 1773 1183 1877 post
1224 1771 1430 1838 venturus
1462 1773 1607 1860 esset,
1641 1775 1798 1842 cuncta
1836 1781 1977 1884 nego-

526 1886 588 1987 tia
626 1883 805 2025 publica
841 1879 1090 2014 rejiciebat.

605 2039 704 2130 XII.
784 2025 1049 2126 Constitutis
1090 2023 1219 2126 rebus
1265 2024 1606 2169 Neapolitanis,
1648 2028 1830 2132 Carolus
1877 2069 1979 2134 cum
2119 2049 2120 2100 ¹

526 2168 752 2316 equitibus
789 2167 1073 2312 cataphractis
1111 2171 1397 2312 quingentis,
1431 2181 1544 2313 quos
1589 2173 1770 2275 eductos
1806 2215 1859 2275 ex
1899 2173 1979 2312 hy-

527 2315 673 2420 bernis
708 2317 934 2416 Femando
969 2312 1135 2413 Toleto
1159 2314 1276 2414 Duci
1300 2312 1477 2416 Albano
1514 2318 1736 2418 ducendos
1771 2315 1977 2440 attribuit,

526 2500 572 2566 et
607 2460 951 2604 Hispanorum,
985 2458 1040 2556 de
1076 2496 1167 2598 qua
1202 2458 1551 2560 demonstratum
1572 2582 1574 2595 Ι
1597 2495 1658 2562 est
1693 2497 1826 2583 ante,
1863 2499 1976 2562 vete·

529 2644 635 2707 rana
672 2641 808 2706 manu
844 2611 1040 2704 Romam
1082 2601 1390 2742 progreditur.
1434 2603 1641 2708 Venienti
1675 2606 1829 2706 Paulus
1867 2613 1973 2706 Pon-

531 2743 639 2850 tifex
677 2746 903 2848 Maximus
945 2781 1029 2846 tres
1071 2745 1322 2846 Cardinales
1375 2755 1561 2888 Legatos
1620 2745 1804 2893 obviam
1850 2744 1980 2851 officii

531 2892 673 3037 gratia
709 2890 881 3010 mittit,
899 2899 1035 3021 jussos
1069 2888 1125 2990 ad
1163 2924 1377 2990 extremos
1412 2889 1517 2990 fines
1547 2891 1871 2996 Ecclesiasticus
1900 2933 1978 2994 mo

529 3078 577 3140 re
613 3045 834 3169 majorum
879 3034 1140 3174 procedere.
1187 3030 1263 3134 Ab
1302 3034 1353 3134 iis
1404 3035 1587 3136 Carolus
1629 3035 1676 3136 in
1716 3036 1978 3142 coenobium

530 3182 588 3281 ad
623 3179 746 3282 Pauli
780 3173 968 3292 fanum,
1006 3177 1133 3317 quod
1168 3212 1232 3276 est
1266 3175 1316 3278 in
1356 3178 1550 3279 Ostiensi
1585 3181 1694 3302 via,
1729 3183 1976 3302 deducitur,

531 3360 581 3426 ut
615 3359 793 3465 postero
830 3321 904 3422 die
939 3317 1065 3422 rebus
1101 3321 1363 3460 comparatis
1382 3320 1446 3432 ‚in
1473 3320 1645 3428 Urbem
1681 3365 1784 3426 cum
1821 3336 1981 3458 majore

530 3505 699 3611 pompa
735 3466 1019 3608 reciperetur.
1063 3463 1274 3565 Postridie
1319 3464 1623 3569 Cardinalium
1664 3468 1910 3612 Collegio,
1946 3505 1984 3570 et

530 3612 704 3753 reliquo
738 3611 875 3711 Clero
911 3623 1157 3747 Senatuque
1201 3619 1413 3712 Romano
1449 3612 1504 3710 ad
1540 3605 1694 3716 fanum
1735 3615 1864 3716 Pauli
1905 3611 1985 3715 ob-

530 3756 651 3856 viam
688 3755 954 3898 progressis,
993 3752 1041 3854 in
1075 3749 1247 3853 Urbem
1282 3793 1360 3895 per
1384 3789 1559 3895 portam
1589 3769 1816 3900 Capenam
1845 3759 1994 3904 ingre«

532 3899 697 4017 ditur,
738 3898 934 4040 equitatu
988 3932 1032 3997 et
1092 3935 1255 4038 magna
1304 3913 1426 4038 'pane
1472 3899 1668 4026 militum
1717 3906 1988 4045 procedente

532 4048 667 4185 (pars
705 4043 826 4144 enim
863 4035 1240 4184 subsequebatur)
1273 4077 1320 4142 et
1361 4081 1481 4147 nova
1523 4043 1596 4145 via
1628 4045 1905 4170 deducitur,
1938 4048 1990 4148 ad

533 4227 670 4329 quam
707 4183 1003 4328 superioribus
1038 4184 1191 4287 diebus
1219 4182 1399 4288 honoris
1428 4194 1519 4318 ejus
1553 4227 1678 4290 causa
1703 4188 1990 4332 aperiendam

532 4367 575 4430 et
611 4332 886 4474 dirigendam
923 4330 1062 4432 multa
1097 4327 1290 4430 aedificia
1325 4328 1471 4430 diruta
1504 4325 1674 4442 fuerant
1688 4411 1703 4455 ,
1744 4331 1988 4477 vineaeque

481 4477 745 4581 ·v'as'tatae.
780 4483 902 4578 Tum
938 4513 1015 4616 per
1049 4471 1326 4594 Constantini
1347 4509 1541 4594 arcum,
1575 4476 1768 4616 quinne.
1789 4480 1849 4578 ad
1879 4487 1995 4588 Am·¹

528 4617 856 4760 phitheatrum,
885 4655 945 4720 et·
966 4618 1290 4738 AreuanTiti,
1324 4652 1367 4750 et
1407 4657 1542 4738 cuma
1568 4620 1983 4762 quisseverolera·

526 4762 664 4866 tinaci
690 4765 755 4865 'ad
778 4765 945 4872 radices
979 4761 1155 4874 Montis
1178 4761 1625 4907 capitoliadicaus·
1639 4793 1733 4893 est,
1759 4767 1987 4913 qtuol'm

1895 4946 1984 5015 Crat
