4292 5984
574 476 631 557 3²
968 459 1051 541 DE
1101 453 1309 536 REBUS
1358 448 1577 534 GESTIS

530 621 691 725 deinde
728 617 775 722 in
814 613 1222 761 Carthaginiensem
1257 615 1486 758 regionem
1536 610 1700 714 delatus
1748 629 1856 756 per'
1873 645 2008 722 orant⁴

526 767 798 871 maritimam
838 802 974 904 usque
1023 761 1078 859 ad
1126 753 1291 861 fretum
1334 757 1606 861 Herculeum
1649 758 1872 860 excurrit:
1920 761 2008 904 qui

459 961 464 972 ·
529 948 803 1053 quamquam
841 907 1008 1008 diversa
1033 905 1312 1047 cognomina
1346 943 1423 1045 per
1459 939 1599 1046 partes
1636 944 1660 1003 a
1698 901 1901 1005 finitimis
1939 945 2009 1008 re·
2138 914 2139 926 ³

528 1055 738 1198 gionibus
774 1048 971 1191 accipit,
1007 1048 1231 1150 universus
1267 1087 1417 1150 tamen
1453 1047 1686 1188 Orospeda
1723 1048 2006 1171 nominatur,
2138 1151 2139 1166 Ν

530 1192 769 1315 Strabone,
806 1195 876 1293 uti
900 1192 1015 1312 dixi,
1052 1229 1259 1310 auctore,
1293 1193 1373 1331 qui
1404 1190 1676 1331 principium
1714 1201 1806 1326 ejus
1839 1189 1897 1292 ab
1918 1197 2004 1294 Hi-

528 1341 703 1483 spaniae
743 1376 866 1479 parte
887 1334 1254 1479 ‘septemtrionali
1293 1336 1480 1475 repetit.
1728 1417 1730 1426 ,

599 1493 803 1584 ΧΧΧΙΠ.
880 1492 944 1582 Ex
980 1487 1208 1621 Orospeda
1245 1515 1419 1579 montes
1456 1477 1650 1580 Mariani
1660 1555 1676 1600 ,
1716 1514 1817 1582 ante
1856 1479 2002 1583 Baetis

526 1621 671 1729 fontes
709 1624 911 1743 deducti,
949 1625 1025 1725 diu
1062 1662 1138 1762 per
1176 1623 1396 1724 Baeturias
1432 1661 1458 1720 e
1493 1623 1684 1765 regione·
1712 1624 1910 1754 ejusdem
1949 1667 2000 1727 aa

526 1772 642 1872 mnis
682 1771 959 1910 procedunt,
995 1768 1137 1868 donec
1174 1781 1302 1867 Baete
1338 1767 1388 1866 in
1429 1767 1663 1866 meridiem
1705 1765 1999 1892 deflectentc,

524 1913 611 2053 ipsi
649 1951 832 2055 quoque
869 1913 918 2008 in
954 1949 1158 2010 occasum
1195 1905 1439 2009 brumalem
1478 1947 1522 2011 et
1549 1922 1782 2012 Oceanum
1813 1911 1998 2014 Atlanti·
2139 2023 2140 2052 ζ

526 2094 629 2155 curn
679 2050 999 2196 perferuntur,
1042 2053 1235 2152 multum
1282 2054 1489 2157 addentes
1540 2049 1742 2154 felicitati
1799 2057 1996 2158 Baeticae
2139 2053 2140 2070 Ν

523 2197 783 2301 Provinciae
811 2234 907 2298 tum
933 2235 1243 2322 amoenorum,
1272 2196 1510 2298 salubrium
1542 2198 1826 2342 dulciumque
1853 2239 1995 2342 aqua-

524 2379 651 2462 rum,
701 2337 894 2443 fontium
936 2376 980 2439 et
1023 2341 1226 2442 rivorum
1263 2341 1434 2483 copia,
1475 2377 1574 2444 tum
1624 2382 1787 2486 magna
1822 2345 1994 2486 generis

522 2483 667 2585 omnis
718 2477 1031 2625 frugiferarum
1079 2485 1287 2587 arborum
1334 2483 1563 2605 ubertate,
1607 2487 1854 2630 praesertim
1903 2529 1994 2630 qua

522 2626 756 2726 meridiem
804 2659 996 2765 spectant
1044 2662 1088 2727 et
1137 2627 1346 2747 Baetim,
1398 2670 1450 2730 ex
1497 2637 1620 2762 cujus
1671 2629 1810 2732 amnis
1859 2631 1996 2734 altera

521 2804 642 2909 parte
667 2765 870 2890 latissime
896 2803 1051 2910 patent
1080 2771 1175 3012 agri
1203 2764 1498 2890 frumentarii,
1531 2772 1643 2874 nulli
1677 2812 1891 2876 tetrarum
1923 2813 1993 2878 re*

518 2911 678 3052 gioni,
715 2912 800 3014 nisi
836 2912 1048 3014 siccitates
1084 2953 1114 3014 o
1148 2914 1234 3018 siut
1246 2988 1262 3033 ,
1305 2908 1600 3022 foecunditate
1642 2921 1865 3021 cedentes.
1909 2921 1990 3022 Sed

520 3053 581 3153 ad
600 3066 762 3198 'Reges
798 3059 1049 3160 redeamus.
1460 3157 1462 3162 .
1562 3067 1566 3070 ’

589 3207 808 3301 XXXIV.
881 3200 1114 3320 Aurelius,
1150 3245 1177 3301 a
1211 3205 1388 3347 Pelagio
1424 3206 1634 3346 quintus,
1676 3209 1818 3310 homo
1855 3203 1987 3350 igna·.

517 3379 626 3460 vus,
669 3339 756 3439 otii
798 3337 1124 3485 voluptatisque
1171 3383 1382 3467 sectator,
1432 3387 1535 3447 cum
1581 3352 1712 3453 armis
1755 3365 1988 3455 Saracena:

513 3519 620 3583 tum
655 3520 963 3624 premeretur,
1006 3526 1161 3629 pacem
1197 3488 1255 3590 ab
1293 3487 1359 3590 his
1397 3531 1554 3632 parum
1596 3493 1789 3598 honestis
1826 3496 1986 3598 condi-⁴.

515 3621 713 3729 tionibus
749 3629 963 3731 redemit:
1000 3671 1190 3772 quarum
1225 3675 1313 3738 una
1348 3629 1467 3757 litit,
1509 3672 1560 3737 ut
1601 3679 1681 3781 pro
1725 3653 1851 3783 Rege
1897 3641 1991 3744 His.

517 3768 694 3910 spaniae
720 3784 818 3874 Rex
838 3775 1047 3917 Legionis
1084 3775 1414 3904 nominaretur,
1451 3780 1532 3922 qui
1568 3782 1719 3884 titulus
1755 3784 1834 3883 diu
1872 3784 1986 3884 solus

514 3907 564 4012 in
600 3914 918 4018 successoribus
958 3929 1048 4052 ejus
1087 3923 1353 4063 permansit,
1405 3923 1592 4024 Castella
1627 3927 1773 4069 Regni
1810 3927 1988 4028 titulum

513 4058 721 4158 nondum
747 4063 937 4202 adepta,
963 4062 1037 4164 cui
1063 4067 1266 4168 Comites
1291 4065 1638 4208 Legionensibus
1664 4067 1861 4212 Regibus
1889 4068 1985 4170 sub.

511 4200 619 4332 'jecri
656 4240 795 4346 usque
833 4208 889 4304 ad
927 4211 1153 4312 Sanctium
1187 4218 1409 4314 Navarrae
1452 4223 1625 4355 Regem
1663 4213 1984 4356 imperitarunta

514 4343 607 4440 Hic
645 4349 767 4448 enim
802 4349 999 4453 Sanctius
1047 4356 1257 4460 Castellae
1302 4355 1582 4460 Comitatum
1626 4369 1721 4492 jure
1764 4357 1984 4458 heredita-

514 4482 584 4584 rio
607 4486 807 4589 Geloirae
843 4498 1013 4613 uxoris,
1049 4500 1212 4602 Sanctii
1248 4505 1457 4604 Castellae
1494 4500 1687 4604 Comitis
1726 4502 1860 4626 filiae,
1899 4540 1986 4603 sor·

513 4627 650 4749 titus,
675 4632 886 4732 Castellae
911 4668 1045 4776 atque
1080 4647 1300 4743 Navarrae
1333 4685 1420 4746 sese
1445 4658 1616 4791 Regem
1640 4648 1864 4755 nominari
1892 4657 1986 4775 just¹

515 4769 597 4875 sit.
643 4774 738 4880 Fuit
779 4811 927 4899 autem
969 4777 1044 4884 hic
1086 4783 1276 4892 Sanctius
1322 4791 1500 4934 quintus
1542 4795 1599 4914 ab
1644 4791 1825 4898 Enecho
1863 4792 1986 4896 Arisf

1912 4971 1984 5052 ta,
