4284 5982
504 412 690 485 cxxxvi.
955 401 1561 497 Jonsr.ouu.smutvuunu

480 565 597 638 nem,
623 532 690 650 qui
716 551 853 646 putant
875 525 1114 614 Aristotelem
1141 527 1428 646 aPythagorica
1448 528 1507 616 illa
1537 540 1823 642 mahummicolis
1840 557 1938 620 nou

481 654 743 756 abhorruisse,
772 673 937 733 ceterum
965 675 1099 751 suam,
1128 675 1244 760 quam
1272 674 1319 733 ex
1335 647 1539 734 sebastiani
1555 647 1691 734 Leonis
1724 647 1848 736 litteris
1869 651 1937 736 di-

483 773 650 877 dicerat,
675 799 754 854 non
781 763 1084 881 persuasionem,
1112 765 1177 850 sed
1195 764 1441 878 suspicionem
1459 763 1595 850 fuisse:
1627 793 1707 852 non
1726 765 1826 851 enim
1846 767 1938 881 phi·

483 889 647 1003 losopho
673 886 809 1002 placuit
836 883 1018 966 humanas
1040 881 1181 968 animas
1197 881 1236 968 in
1252 883 1409 969 aliorum
1425 883 1642 968 animalium
1670 911 1830 996 corpora
1858 884 1935 968 mi·

484 1036 616 1124 grate:
640 1007 715 1090 hoc
731 1029 786 1088 est
814 1002 914 1088 enim
930 1001 1038 1114 quod
1055 999 1112 1084 ille
1130 995 1343 1086 fabulosum
1360 1031 1437 1087 esse
1452 1002 1563 1116 plane
1575 999 1776 1088 confirmat
1791 1033 1800 1084 ε
1817 1001 1932 1116 quod
2028 1095 2033 1102 ,

486 1156 579 1214 vero
594 1119 758 1209 defuncti
776 1119 936 1206 hominis
951 1119 1113 1202 animam
1129 1117 1168 1202 in
1185 1119 1330 1204 alterius
1347 1120 1526 1206 nascentis
1541 1119 1700 1204 hominis
1715 1147 1851 1234 corpus
1866 1119 1932 1203 mi·

486 1272 594 1360 grate
609 1243 806 1355 ipsumque
821 1237 985 1322 animare
1000 1233 1207 1321 existimarit
1226 1238 1442 1323 Aristoteles
1457 1267 1470 1342 ·,
1487 1239 1524 1324 id
1542 1239 1592 1321 ab
1614 1237 1691 1350 ejus
1714 1235 1930 1352 philosophi

489 1360 673 1448 sententia
705 1387 784 1443 nou
820 1357 1020 1441 abhorrere
1052 1355 1118 1440 sibi
1153 1354 1282 1440 videri.
1319 1355 1443 1442 Addit
1468 1379 1658 1469 praeterea
1688 1355 1929 1468 Sepulveda,

489 1506 632 1566 cerrum
658 1507 697 1562 se
724 1477 889 1579 habere,
918 1475 1059 1557 animas
1085 1473 1266 1556 humanus
1286 1473 1512 1561 immortales
1529 1501 1606 1560 esse
1622 1472 1829 1560 Aristotelis
1845 1501 1930 1558 sen·

490 1599 636 1700 tentia,
666 1599 823 1702 quadiu
848 1603 930 1700 ipse
954 1588 1141 1704 (loquitur
1167 1591 1214 1676 de
1243 1591 1434 1706 Cardillo)
1466 1596 1618 1676 erudito.
1640 1597 1925 1695 commentario,

490 1719 588 1824 qnod
609 1734 725 1822 nuper
740 1715 895 1794 libenter
906 1717 1077 1818 perlegi,
1094 1736 1223 1817 magno
1238 1716 1382 1818 ingenio
1397 1727 1434 1792 et
1450 1717 1604 1820 egregia
1620 1713 1809 1794 doctrinae
1825 1709 1928 1792 Arl-

492 1840 684 1918 stolelicue
710 1835 914 1938 cognitione
939 1833 1129 1937 collegisse
1167 1828 1258 1909 mihi
1288 1835 1399 1910 visus
1421 1854 1473 1910 es.
1507 1827 1570 1912 Ad
1604 1851 1811 1916 extremum
1841 1827 1931 1912 sub·

492 1950 614 2066 jungit
629 1948 838 2060 Sepulveda
860 1974 898 2029 se
920 1944 957 2027 in
974 1944 1119 2028 scholiis
1143 1947 1308 2058 superius
1336 1944 1493 2031 laudatis
1517 1943 1556 2030 id
1578 1945 1626 2030 de
1650 1944 1747 2030 libris
1775 1943 1932 2030 exoteri-

493 2070 544 2153 cis
570 2091 768 2169 testatum,
785 2062 1003 2177 posthabitis
1016 2091 1242 2178 magnorum
1271 2063 1438 2149 virorum
1467 2087 1551 2147 turn
1565 2067 1827 2165 Graecorum,
1845 2086 1932 2146 tum

440 2275 443 2280 .
495 2187 607 2271 etiam
624 2182 842 2268 Latinorum
858 2178 1075 2288 conjecturis
1091 2204 1129 2264 et
1145 2180 1403 2292 opinionibus:
1422 2180 1486 2265 sibi
1501 2205 1628 2264 tamen
1645 2205 1794 2296 gratum
1817 2174 1930 2284 fore,

492 2305 525 2388 si
553 2301 774 2416 cujusquam
805 2298 953 2383 monitis
983 2321 1049 2383 aut
1076 2297 1195 2383 doctis
1219 2297 1460 2385 rationibusa
1487 2318 1654 2413 suscepta
1675 2294 1857 2383 sententia
1873 2295 1933 2383 di·.

496 2420 673 2506 scederet.

586 2534 768 2620 Cardillus
791 2533 861 2620 alia
874 2531 1028 2648 epistola
1042 2535 1141 2620 Vlll.
1156 2533 1318 2620 Kalend.
1335 2534 1422 2649 Julii
1443 2531 1744 2652 exarara,longa
1769 2530 1828 2618 illa
1843 2532 1934 2648 qui·-

494 2655 600 2757 dem,
616 2653 681 2737 sed
703 2653 955 2755 eruditissima,
974 2653 1133 2766 probare
1151 2653 1246 2736 nisus
1262 2679 1317 2738 est
1341 2653 1464 2738 multis
1490 2653 1692 2738 rationibus
1723 2675 1762 2736 et
1784 2680 1831 2735 ex
1846 2651 1934 2734 Ati·¹

498 2772 638 2857 storelis
656 2770 793 2884 scriptis
818 2769 987 2858 adductis
1008 2769 1250 2875 testimoniis,
1266 2768 1530 2885 philosophum
1547 2770 1766 2886 neutiquam
1781 2769 1930 2852 sensisse

497 2893 667 2976 animam
687 2887 861 2972 eamdem
885 2886 1034 2972 diversis
1062 2888 1289 3000 temporibus
1310 2915 1470 3002 corpora
1493 2888 1691 2973 hominum
1715 2886 1851 2970 intrare
1870 2883 1931 2970 di·

500 3034 620 3093 versa.
654 3006 718 3092 Ad
732 3005 843 3091 libros
860 3003 1063 3090 exotericos
1077 3005 1185 3119 quod
1202 3007 1361 3110 attinet,
1375 3035 1480 3091 suam
1496 3005 1675 3121 proponit
1689 3001 1932 3108 sententiam,

501 3151 661 3236 eamque
686 3120 908 3208 validissimis
933 3120 1133 3208 confirmat
1157 3122 1395 3237 argumentis.

590 3239 765 3354 Denique
790 3238 999 3351 Sepulveda
1023 3235 1147 3352 paucis
1171 3241 1221 3327 ad
1237 3242 1365 3326 hanc¹
1388 3238 1540 3327 Cardilli
1553 3237 1746 3355 epistolam
1761 3238 1937 3354 resumpsit

502 3358 686 3444 Corduba
700 3357 873 3471 postridie
902 3361 1037 3442 Nonas
1052 3356 1170 3469 Mul:
1205 3387 1370 3473 nempe,
1396 3388 1495 3474 quae
1528 3359 1578 3445 ad
1600 3359 1938 3466 nanninus-ucles,

505 3501 545 3562 et
561 3475 766 3560 Aristotelis
782 3475 830 3559 de
845 3471 1053 3559 animarum
1066 3473 1315 3560 humanarum
1330 3477 1368 3558 in
1386 3477 1550 3561 humana
1565 3502 1725 3588 corpora
1744 3471 1939 3589 migratio·

502 3623 552 3678 ne
565 3591 784 3678 sententiam
797 3590 1045 3705 pertinerent,
1058 3591 1226 3702 subjectis
1244 3592 1446 3679 rationibus
1462 3622 1500 3678 se
1518 3592 1746 3706 exposuisse:
1763 3591 1796 3674 S
1796 3596 1844 3672 ed
1857 3592 1939 3695 hue,

500 3711 658 3826 inquit,
682 3719 718 3792 si
748 3717 809 3794 cni
832 3728 970 3818 parurn
993 3713 1282 3817 probabuntur,
1302 3726 1510 3825 repugnare
1542 3737 1611 3794 non
1635 3725 1694 3791 est
1718 3716 1941 3812 consilinm,

505 3832 580 3914 ribi
600 3834 829 3936 praesertim
855 3839 934 3910 ium
953 3831 1080 3930 doctu,
1108 3840 1255 3934 tamque
1280 3837 1319 3911 in
1336 3836 1588 3944 Peripatetica
1609 3835 1818 3912 exercitato
1839 3833 1941 3908 viru.

508 3950 569 4030 De
597 3945 693 4030 libris
717 3938 935 4048 exotericis,
961 3942 1181 4029 sententiam
1207 3975 1312 4030 suam
1341 3943 1565 4049 confirmat,
1585 3972 1703 4060 quam
1730 3941 1854 4028 multis
1886 3971 1946 4028 ex·

509 4062 657 4177 plicavit
681 4063 719 4145 in
744 4061 889 4148 scholiis
917 4058 968 4148 ad
994 4089 1093 4177 opus
1108 4061 1312 4148 Aristotelis
1345 4063 1394 4149 de
1418 4066 1636 4171 Republica.

600 4183 708 4264 Haec
733 4175 847 4291 paulo
871 4177 1018 4266 anobis
1040 4177 1226 4296 copiosius
1249 4206 1336 4266 sunt
1359 4180 1564 4294 explicata,
1580 4180 1688 4293 quod
1711 4179 1750 4263 in
1767 4174 1949 4290 Epistola·

509 4327 596 4385 tum
625 4298 858 4411 Sepulvedae
877 4295 1097 4384 collectione
1124 4298 1227 4384 nulla
1257 4299 1327 4384 alia
1349 4324 1526 4412 appareat
1546 4327 1591 4382 ex
1615 4297 1680 4399 iis,
1707 4327 1800 4410 quas
1823 4295 1861 4378 in
1879 4296 1950 4377 hac

509 4417 763 4502 controversia
777 4412 999 4500 adduximus
1016 4469 1030 4519 ,
1057 4443 1201 4529 praeter
1217 4445 1301 4502 eam
1316 4479 1328 4522 ,
1343 4445 1442 4531 quae
1456 4441 1687 4531 postremum
1704 4437 1864 4526 occupat
1889 4412 1945 4495 lo-

511 4559 599 4616 cum
622 4531 716 4617 libro
732 4535 784 4616 V.
803 4555 845 4618 ut
860 4532 1024 4646 superius
1039 4533 1239 4618 innuimus.
1264 4533 1451 4648 Reliquae
1474 4533 1620 4616 anobis
1635 4553 1953 4616 commemoratae

511 4675 656 4736 exstant
671 4651 721 4738 ad
736 4650 875 4736 calcem
893 4653 1103 4761 Apologiae
1121 4651 1345 4736 Aristotelis
1361 4659 1547 4736 adversus
1561 4677 1622 4735 ecs
1640 4649 1736 4770 ,qui
1760 4648 1864 4759 ajunt
1880 4674 1959 4730 sen·

1897 4792 1958 4849 su.

501 4941 504 4950 ι
554 4925 569 4966 s
613 4906 790 4985 Subscriptio
803 4910 912 4971 isthaec
926 4911 999 4970 virio
1021 4912 1103 4970 nobis
1121 4911 1251 4971 laborare
1275 4910 1407 4983 videtur,
1422 4907 1546 4969 acfurre
1563 4905 1793 4966 substituendum
1806 4899 1899 4980 Julii.
