4292 5984
535 443 774 562 cattoit
817 467 1556 575 1111111141

138 670 238 736 rum
272 673 316 735 se
352 629 524 738 animos
561 631 855 735 commovisse
899 631 1331 796 animadvertentes,
1360 635 1595 797 negotium

135 781 187 878 ad
223 790 428 882 Senatum
461 773 617 881 referre
651 777 958 899 constituunt,
995 811 1046 878 ut
1080 774 1331 917 publico
1295 778 1481 880 civitatis
1518 782 1596 884 de·

134 955 253 1024 creto
291 965 343 1025 ex
378 923 579 1066 ipsorum
613 921 827 1024 sententia
863 959 928 1023 res
964 956 1263 1086 perageretur.
1300 925 1467 1022 Cum
1456 925 1592 1067 igitur

130 1077 303 1168 Senatus
328 1105 550 1169 novarum
575 1069 722 1168 rerum
746 1065 1067 1232 exspectatione
1091 1063 1466 1227 frequentissimus
1486 1109 1593 1176 con-

132 1209 348 1330 venisset,
391 1219 539 1312 Petrus
581 1219 762 1330 Lassus,
811 1207 891 1352 qui
930 1211 1080 1312 ceteris
1136 1203 1414 1353 eloquentior
1454 1205 1592 1314 habe-

128 1347 283 1512 batur,
321 1392 373 1454 ex
408 1355 650 1457 multorum
686 1354 920 1456 communi
956 1354 1169 1457 sententia
1204 1353 1460 1491 hujusmodi
1495 1393 1591 1478 ota,-

128 1494 301 1598 tionem
335 1492 521 1599 habuit.

210 1649 271 1742 X.
363 1717 395 1763 ,‚
409 1649 762 1806 Saepenumero,
798 1647 943 1744 Patres
980 1640 1240 1786 conscripti,
1276 1639 1332 1746 de
1369 1641 1496 1749 rebus
1532 1645 1589 1749 ad

125 1817 368 1904 „nostram
405 1785 632 1890 civitatem
649 1786 877 1930 privatim
913 1787 1233 1928 pertinentibus
1267 1787 1403 1890 hoc
1391 1827 1439 1890 m
1476 1790 1589 1892 ordi

123 1965 226 2046 „ne
262 1931 396 2032 verba
431 1927 539 2032 feci:
579 1973 697 2032 nunc
733 1971 807 2030 me
843 1930 964 2030 (11
934 1969 1007 2049 111,
1045 1972 1158 2073 quae
1194 1967 1342 2034 totum
1377 1944 1588 2098 Regnum

123 2143 152 2190 „
167 2070 430 2234 attingunt,
466 2073 610 2173 dicere
644 2072 820 2214 publica
856 2072 1077 2174 calamitas
1122 2109 1166 2175 et
1210 2089 1449 2203 ‘commune
1493 2078 1587 2179 Hi-

123 2217 349 2356 „spaniae
375 2215 621 2357 periculum
648 2216 928 2319 adhortatur.
969 2216 1092 2318 Scitis
1124 2215 1242 2319 enirn
1265 2218 1489 2360 profecto,
1514 2230 1588 2324 Pa·

119 2390 252 2478 „tres
239 2359 550 2521 conscripti,
588 2400 724 2502 quam
752 2361 888 2461 laetus
924 2395 1032 2462 esset
1061 2397 1287 2502 quamque
1315 2358 1472 2461 florens
1496 2373 1587 2466 Re

120 2498 251 2642 „gni
278 2538 432 2628 status,
469 2539 629 2668 quanta
659 2541 806 2604 rerum
833 2504 1040 2604 omnium
1071 2503 1315 2664 opulentia,
1353 2541 1587 2644 quamtum

122 2643 340 2786 „ubique
376 2647 523 2749 otium
559 2647 896 2810 animorumque
923 2643 1216 2787 tranquillitas
1260 2684 1314 2746 eo
1359 2680 1586 2788 tempore,

121 2827 272 2908 „cum
297 2789 530 2891 Carolus
519 2830 568 2892 m
590 2791 855 2932 Hispaniam
890 2787 947 2889 ad
975 2790 1121 2932 Regni
1157 2785 1453 2952 gubernacula
1483 2828 1585 2932 post

119 2931 241 3052 „avi
277 2935 492 3036 Fernandi
527 2933 707 3037 obitum
728 2931 998 3098 ‘excipienda
1035 2971 1088 3034 ex
1111 2931 1250 3036 Gallia
1272 2934 1444 3076 Belgica
1480 2973 1585 3038 cum

119 3075 366 3194 „maximo
418 3116 568 3180 earum
620 3079 824 3223 gentium
872 3075 1085 3178 comitatu
1140 3075 1304 3180 delatus
1355 3079 1583 3216 pervenit.

120 3295 151 3338 ,‚
165 3226 301 3320 Nunc
331 3221 591 3393 Belgarum,
617 3219 779 3364 quibus
809 3220 1076 3366 Hispania
1061 3257 1153 3383 jam
1188 3219 1426 3323 triennium
1426 3261 1586 3384 Ρ111

120 3439 151 3481 ,,
165 3363 248 3463 dae
284 3361 442 3485 fuit,
430 3373 614 3498 mjurra,
644 3365 890 3467 temeritate
925 3401 969 3463 et
1003 3363 1216 3484 avaritia,
1251 3403 1386 3506 quam
1424 3363 1472 3464 in
1511 3366 1585 3467 di

115 3581 147 3626 „
164 3545 342 3608 versum
369 3509 522 3610 omnia
548 3508 785 3629 cesserint,
821 3507 919 3650 quis
950 3507 1087 3648 possit
1114 3503 1279 3650 absque
1305 3547 1469 3649 magno
1496 3509 1584 3608 do-

114 3725 148 3770 „
165 3647 257 3752 lore
297 3677 678 3753 commemorate?
721 3687 796 3752 aut
841 3652 1077 3752 illorum
1065 3653 1221 3815 1mpia¹
1255 3652 1438 3753 consilia
1487 3689 1584 3750 non

115 3795 308 3914 „odisse
334 3830 377 3897 ct
408 3795 640 3898 detestari?
673 3803 858 3939 Loquor
887 3829 1038 3900 autem
1073 3799 1127 3897 de
1157 3795 1374 3937 primariis
1404 3791 1583 3932 potissi

114 3974 323 4059 „mum‚
360 3976 405 4040 et
443 3939 524 4061 iis,
560 3979 756 4082 quorum
800 3939 903 4041 fidei
946 3952 1043 4043 Rex
1087 3978 1194 4101 puer
1236 3935 1323 4036 luit
1366 3975 1392 4033 a
1436 3934 1586 4036 Maxi

113 4078 348 4239 „miliano
373 4097 554 4184 Caesare
590 4125 674 4187 avo
712 4085 1067 4200 commendatus,
1104 4082 1183 4242 qui
1217 4088 1308 4210 ejus
1346 4076 1582 4240 indulgen-

116 4220 225 4343 „tia
262 4214 556 4386 facilitateque
593 4224 846 4348 abutentes,
895 4227 1007 4369 quid
1043 4222 1178 4367 Regii
1217 4260 1409 4324 muneris
1450 4257 1583 4362 atque

118 4364 450 4528 „dignitatis
420 4405 502 4491 111,
530 4367 684 4490 obiiti,
715 4373 824 4473 dum
859 4409 942 4508 pro
978 4365 1102 4470 bono
1139 4363 1321 4511 publico
1364 4404 1465 4466 suae
1501 4403 1583 4466 cu

117 4585 146 4629 „
164 4507 339 4650 piditati
380 4514 600 4636 serviunt,
643 4549 746 4616 cum
787 4526 951 4656 Regno
995 4514 1141 4656 ipsum
1183 4550 1365 4676 quoque
1407 4521 1584 4674 Regem

118 4652 449 4793 „perditum
437 4691 499 4754 111
549 4695 846 4796 perseverant
891 4659 1140 4776 Quomodo
1188 4657 1309 4758 enim
1357 4655 1438 4794 qui
1490 4666 1583 4756 Re-

115 4870 149 4915 „
166 4834 305 4940 gnum
341 4798 526 4921 evertit,
573 4799 609 4902 is
645 4836 785 4944 potest
820 4803 957 4944 Regis
1003 4801 1210 4943 dignitati
1249 4835 1291 4900 et
1332 4796 1583 4900 commodis

1437 5019 1467 5064 ,‚
1484 4977 1587 5082 per-
