4298 5980
568 455 657 544 ⁹50
756 469 759 476 ·
958 449 1043 531 DE
1077 443 1543 530 REBUS.GESTIS
1588 459 1593 469 ’

524 583 761 737 gnitudine
803 577 944 686 animi
986 617 1184 710 rumores
1227 578 1456 722 populares
1497 567 1848 678 contemnebat.
1900 579 2001 690 Hic

526 739 646 841 enim
682 730 844 834 ultimo
880 730 981 833 loco
1008 723 1272 829 sententiam
1301 761 1509 871 rogatus,
1547 758 1598 825 ut
1632 723 1784 826 ceteris
1813 723 1999 856 auditis,

527 882 654 1028 quod
690 877 917 1019 optimum
951 871 1073 977 factu
1115 910 1244 998 esset,
1286 912 1369 1018 pro
1406 911 1483 972 sua
1518 867 1726 1014 singulari
1759 874 1998 1014 prudentia

526 1025 809 1129 constitueret
863 1062 913 1124 ac
967 1021 1242 1147 declararet,
1293 1021 1341 1124 in
1393 1015 1511 1120 hunc
1559 1015 1751 1124 maxime
1802 1023 1993 1134 modurn

525 1173 663 1278 verba
697 1165 833 1272 fecit.
1230 1162 1240 1167 ’
1866 1249 1870 1258 .

581 1329 640 1422 Χ.
698 1393 729 1437 ,,
743 1323 856 1416 Non
894 1352 1099 1459 possum,
1136 1306 1222 1418 viri
1258 1303 1390 1413 fortes
1402 1385 1418 1432 ,
1460 1347 1553 1411 non
1588 1307 1874 1416 vehementer
1909 1313 1993 1420 ob⁴

526 1539 558 1588 „
573 1461 757 1586 lectari,
795 1501 899 1565 cum
935 1462 1157 1608 egregiam
1201 1489 1388 1561 vestram
1432 1455 1644 1559 virtutem
1688 1491 1732 1558 et
1778 1459 1993 1602 magnino

526 1611 728 1735 „dinem
774 1605 914 1711 animi
958 1643 1030 1711 ex²
1059 1602 1216 1712 verbis
1250 1597 1553 1746 sententiaque
1609 1635 1745 1706 vestra
1789 1641 1992 1708 contem-

526 1789 558 1878 „
578 1757 721 1897 plor,
764 1794 876 1897 quos
918 1795 1007 1857 ‘nec
1054 1747 1269 1854 hostium
1310 1744 1595 1870 multitudine
1648 1750 1896 1871 deterreri,
1950 1786 1992 1854 et

526 1977 558 2023 „
575 1899 635 1998 sic
671 1898 825 1998 animo
870 1889 1063 2040 paratos
1088 1939 1174 2000 esse
1217 1893 1392 2016 video,
1436 1929 1487 1998 ut
1530 1893 1702 1998 nullum
1741 1894 1990 2037 periculum

525 2116 558 2166 ‚,
605 2081 654 2142 ro
692 2040 824 2142 salute
851 2039 1038 2184 ¹publica
1073 2041 1302 2146 recusetis.
1343 2049 1555 2142 Ceterum
1589 2041 1637 2144 in
1672 2039 1857 2184 publicis
1892 2037 1989 2139 bel-

524 2081 608 2312 „li
645 2184 1033 2289 deliberationibus
1078 2227 1173 2291 non
1215 2185 1325 2331 quid
1361 2183 1521 2289 milites
1565 2181 1866 2330 praefectique
1915 2224 1989 2285 au-

526 2407 557 2452 „
573 2332 738 2452 deant,
775 2334 849 2433 sed
897 2333 1009 2474 quid
1052 2367 1201 2476 poscat
1240 2330 1528 2474 Reipublicae
1569 2329 1762 2474 bellique
1806 2328 1987 2473 gerendi
2135 2355 2136 2422 ῑ

523 2551 557 2598 ,,
575 2476 706 2596 ratio,
732 2477 996 2577 intuendum
1033 2512 1172 2616 put0.
1196 2475 1239 2576 Si
1275 2476 1427 2619 praelii
1461 2475 1592 2612 hujus
1627 2476 1882 2580 discrimine
1912 2513 1989 2617 pa·

526 2697 558 2741 „
575 2620 637 2720 ria
681 2616 812 2719 nobis
860 2654 904 2720 et
947 2617 1148 2722 hostibus
1190 2657 1418 2724 momenta
1464 2657 1737 2724 verterentur
1773 2699 1790 2742 ,
1830 2655 1875 2720 et
1911 2656 1985 2760 pat

524 2764 767 2906 „utrisque
804 2799 848 2862 et
884 2763 1125 2867 victoribus
1160 2766 1406 2909 praemium
1441 2767 1725 2910 propositum
1761 2799 1903 2886 esset,
1945 2797 1987 2864 et

523 2906 697 3029 „victis
753 2901 975 3010 facienda·
1008 2921 1210 3046 jacturas
1260 2913 1467 3055 equidem
1514 2947 1656 3016 vestra
1705 2908 1986 3052 militumque

525 3083 825 3174 „nostrorum
864 3053 1022 3156 virorte
1059 3055 1274 3176 confisus,
1311 3053 1513 3195 quamvis
1547 3053 1835 3188 multitudine
1873 3091 1988 3195 supe

524 3272 557 3318 ,‚
570 3233 748 3317 remur,
791 3237 885 3299 non
925 3236 1210 3343 magnopere
1233 3238 1499 3317 recusarem,
1541 3199 1655 3340 quin
1696 3235 1760 3298 tes
1802 3196 1851 3298 in
1895 3235 1985 3338 pu-

522 3377 685 3482 „gnae
719 3343 951 3448 discrimen
987 3346 1294 3448 adduceretur.
1330 3346 1412 3445 Sed
1447 3344 1583 3486 longe
1624 3340 1750 3444 aliter
1792 3381 1880 3444 sese
1921 3379 1987 3444 res

523 3563 555 3607 „
573 3483 731 3588 habet.
782 3486 931 3590 Nobis
981 3489 1191 3592 victoriae
1238 3489 1489 3632 praemium
1538 3487 1712 3591 nullum
1759 3523 1824 3588 est
1866 3484 1985 3589 aliud
2134 3489 2135 3518 ¹

523 3705 554 3752 „
574 3633 887 3775 propositum,
923 3671 1060 3774 quam
1066 3711 1081 3755 ,
1117 3667 1167 3736 ut
1202 3674 1317 3776 quae
1353 3674 1469 3738 nunc
1504 3633 1553 3736 in
1589 3669 1740 3735 nostra
1776 3665 1990 3776 potestate

522 3848 555 3895 „
573 3811 707 3899 sunt,
743 3777 1033 3880 retineamus.
1069 3778 1224 3882 Victos
1268 3819 1359 3881 non
1400 3780 1543 3882 solum
1584 3785 1730 3921 Regni
1766 3775 1988 3920 Neapoli*

521 3985 558 4042 ,‚-
572 3921 696 4043 tani,
738 3921 812 4022 sed
855 3921 987 4023 etiam
1030 3922 1300 4065 Principatus
1342 3923 1715 4042 Mediolanensis,
1757 3955 1803 4022 et
1852 3923 1988 4066 quid-

517 4113 557 4185 ·„
575 4063 686 4206 quid
721 4063 771 4166 in
791 4067 911 4167 Italia
936 4068 1098 4171 Carolo
1122 4068 1298 4172 Caesari
1325 4068 1443 4212 Regi
1478 4104 1628 4170 nostro
1665 4102 1822 4208 paret,
1858 4068 1989 4170 amis-

518 4280 552 4328 „
569 4206 668 4328 sio,
712 4241 757 4309 et
797 4206 991 4315 defectio
1030 4251 1238 4356 sequatur
1280 4253 1447 4318 necesse
1489 4249 1575 4316 est.
1619 4211 1837 4314 Hostibus
1883 4211 1987 4314 haec

517 4353 716 4472 „omnia
760 4373 944 4500 totaque
979 4359 1103 4461 Italia
1147 4360 1395 4502 praemium
1442 4359 1570 4462 unius
1614 4356 1829 4460 victoriae
1875 4395 1986 4499 pro·
2133 4445 2134 4470 ,

512 4538 549 4618 ·‚,
569 4495 714 4636 posita
750 4539 870 4618 sunt,
909 4497 1013 4641 qui,
1040 4505 1076 4604 si
1110 4505 1220 4607 victi
1252 4499 1469 4626 fuissent,
1505 4540 1642 4656 quam
1677 4502 1812 4606 aliam
1845 4510 1985 4634 jacui-⁴
2133 4511 2134 4528 ¹

512 4717 547 4780 „
561 4665 661 4748 ram·
691 4655 789 4750 Rex
823 4643 970 4748 Gallus
1003 4640 1323 4792 Britarurusque
1367 4645 1605 4776 facerent,
1644 4648 1729 4756 nisi
1769 4682 1820 4752 ut
1857 4677 1984 4804 excr-

1735 4873 1744 4890 .
1874 4823 1988 4911 „ct-⁴¹
