4326 5986
600 485 836 568 ennom
879 483 931 565 v.
971 483 1088 560 mu.
1139 484 1232 560 xn.
1510 461 1595 570 385

188 675 279 770 „et
313 637 485 741 Orbem
521 637 815 739 Christianum
849 633 906 736 ab
942 625 1109 777 ingenti
1144 631 1337 772 periculo
1366 665 1410 731 et
1434 635 1636 738 maximis

184 783 531 907 „incommodis
566 779 824 880 liberaturos
839 794 898 880 .ἱί
924 851 928 858 .

259 935 420 1026 XVII.
473 923 558 1024 His
593 958 637 1024 et
674 922 835 1023 talibus
865 919 1007 1020 verbis
1043 918 1263 1035 militurn,
1301 956 1414 1058 quos
1450 919 1505 1017 ad
1541 919 1636 1020 val

186 1066 279 1166 lum
315 1065 632 1185 constituerat,
671 1064 826 1164 animis
860 1062 1124 1163 confirmatis
1161 1062 1295 1160 etad
1330 1095 1527 1220 pugnarn
1562 1063 1635 1162 in-

186 1208 322 1311 censis
358 1209 602 1347 praemium
639 1207 851 1345 proponit
887 1205 981 1323 his,
1018 1205 1097 1343 qui
1133 1205 1325 1342 primus,
1362 1241 1441 1340 qur
1485 1243 1634 1301 secun
1653 1221 1657 1229 ’

187 1350 296 1470 dus,
328 1388 408 1488 qur
444 1351 592 1448 tertius
629 1347 804 1446 hostiles
841 1344 1107 1446 munitiones
1154 1343 1499 1483 transcendisset.
1539 1344 1634 1445 Ubi

186 1490 279 1588 dies
304 1490 649 1630 oppugnationis
680 1489 850 1604 illuxit,
874 1523 1033 1588 ceteras
1063 1522 1276 1587 terrestres
1308 1498 1633 1588 Germanorum

186 1631 577 1792 Hispanorumque
618 1633 774 1769 copias
834 1631 1008 1731 instruit
1057 1632 1113 1729 ad
1156 1630 1412 1728 avertendos
1456 1637 1631 1748 hostes,

187 1811 299 1912 quos
332 1775 496 1872 cunctis
533 1809 624 1872 erat
659 1812 905 1934 persuasum
940 1813 993 1871 ex
1027 1778 1202 1871 Tunete
1238 1809 1402 1910 magno
1444 1807 1631 1871 numero

184 1915 242 2013 ad
276 1915 605 2053 impediendam
647 1917 1026 2053 oppugnationem
1062 1953 1149 2011 esse
1198 1943 1433 2029 venturos,
1473 1910 1633 2044 jacula-

185 2089 298 2154 tores
333 2057 390 2154 ad
425 2091 662 2154 castrorum
697 2055 859 2155 vallum
894 2055 1118 2192 disponit,
1158 2088 1202 2151 et
1237 2053 1482 2191 equitatum
1509 2093 1631 2193 sepa-

184 2196 315 2298 ratim
350 2196 516 2296 idoneo
541 2196 641 2296 loco
675 2197 888 2295 collocat.
927 2207 1092 2332 Caepta
1129 2228 1191 2290 est
1218 2225 1384 2292 autem
1379 2231 1631 2334 oppugna

186 2335 254 2435 tio
290 2337 458 2438 oriente
504 2341 592 2440 sole
627 2338 913 2498 quadraginta
956 2334 1182 2436 tormentis
1218 2373 1244 2432 a
1281 2371 1428 2444 terra,
1466 2375 1518 2432 ex
1562 2333 1629 2434 his

184 2517 294 2618 quos
328 2483 598 2582 consuetudo
639 2479 836 2579 militaris
878 2485 1062 2614 Cagnrrtes
1099 2504 1265 2593 vocat,
1289 2503 1346 2572 et
1377 2479 1626 2576 colubrina.

184 2629 227 2720 A
263 2659 371 2720 marr
405 2661 512 2721 vtro
553 2621 784 2762 octoginta
825 2659 955 2720 naves
1005 2647 1213 2719 rostratae
1256 2607 1467 2756 depositis
1506 2618 1628 2716 malis

68 2809 72 2817 ·
183 2798 276 2861 rem
312 2761 547 2902 gerebant,
586 2801 773 2902 quatum
807 2761 1091 2903 quadraginta
1126 2760 1318 2859 triremes
1355 2793 1505 2878 erant,
1524 2796 1629 2858 nam

184 2942 237 3001 ex
272 2905 501 3043 octoginta
535 2905 698 3015 tribus,
733 2943 868 3044 quern
903 2941 1135 3003 numerum
1169 2911 1280 3034 jam
1278 2902 1481 3000 triremes
1505 2936 1630 3042 corn-

37 3155 40 3162 ,
182 2986 407 3182 plebant
374 3119 389 3161 ,
419 3081 585 3145 ceterae
619 3045 803 3144 ultra
766 3081 958 3209 citraque
1000 3046 1174 3146 classem
1218 3041 1328 3145 locis
1364 3039 1547 3140 idoneis
1577 3033 1629 3140 e

182 3221 282 3283 rant
316 3188 372 3284 ad
407 3183 549 3286 hostes
585 3187 840 3306 tormentis,
875 3189 908 3288 si
941 3183 1055 3287 forte
1092 3185 1312 3285 maritima
1348 3218 1469 3323 parte
1505 3182 1629 3284 inva

184 3325 355 3445 sissent,
372 3325 612 3489 abigendos
648 3330 909 3468 dispositae.
947 3339 1041 3429 Tot
1069 3328 1203 3468 igitur
1241 3359 1447 3426 rostratae
1474 3353 1627 3442 naves,

182 3504 233 3564 ac
269 3508 321 3564 ex
357 3470 651 3569 vectoriarum
687 3508 845 3609 genere
894 3475 1076 3570 Galeones
1113 3505 1236 3587 tres,
1270 3501 1338 3566 et
1344 3455 1629 3626 amplissima

184 3609 401 3770 quaedam
436 3611 556 3711 navis
591 3610 833 3751 Religionis
863 3610 1011 3710 Sancti
1047 3609 1267 3747 Joannis,
1288 3646 1354 3709 et
1348 3606 1518 3745 viginti
1548 3611 1629 3706 Lu
1654 3604 1658 3612 ’

180 3749 343 3849 sitanae
377 3752 616 3852 Carabelae
605 3790 846 3852 innumeris
873 3753 1013 3853 variae
1048 3750 1364 3911 magnitudinis
1400 3746 1627 3876 tormentis

181 3890 387 3992 Goletam
421 3892 758 3995 concutiebant.
796 3902 894 3994 Nec
928 3892 1120 3994 hostes
1108 3892 1286 3992 interim
1321 3927 1444 3988 rem
1437 3888 1627 4032 segnius

180 4067 359 4171 gerere,
396 4037 469 4136 sed
505 4035 633 4135 omni
668 4077 719 4135 ex
754 4071 901 4175 parte
905 4034 1130 4133 tormentis
1161 4067 1274 4130 terra
1301 4029 1498 4170 marique
1525 4061 1628 4169 pros

179 4210 406 4335 pugnare,
445 4212 489 4274 et
524 4215 623 4276 tum
659 4217 710 4275 ex
745 4216 839 4276 arce
875 4211 919 4277 ct
953 4171 1303 4292 munitionibus,
1335 4210 1430 4272 turn
1467 4212 1519 4270 ex
1554 4207 1626 4270 ro

180 4316 319 4414 stratis
355 4316 616 4455 quibusdam
651 4318 870 4436 navibus,
877 4357 1022 4480 'quae
1050 4317 1099 4414 in
1134 4317 1319 4415 statione
1360 4314 1417 4412 ad
1460 4313 1625 4413 ostium

179 4456 329 4594 Euripi
363 4497 466 4558 curn
511 4459 597 4568 suis
631 4459 910 4558 armamentis
952 4491 1106 4577 erant,
1120 4453 1387 4615 frequentia
1429 4456 1570 4552 tela
1555 4493 1624 4585 Ja-

176 4598 358 4733 culati.
385 4598 606 4703 Edebatur
640 4601 835 4742 undique
868 4596 1018 4743 fragor
1052 4534 1293 4701 hdrrendus
1328 4595 1408 4699 diu
1442 4595 1627 4697 tonitri-

250 4744 362 4842 Tem.
383 4751 419 4842 1.
554 4837 560 4858 ,
1140 4751 1230 4840 Ccc
1548 4734 1628 4836 bus
