4292 5984
620 492 867 574 CAROLI
910 495 962 574 V.
1010 497 1124 576 LIB.
1156 501 1217 576 11.
1544 503 1601 595 43

174 699 245 782 re,
284 693 384 758 tum
420 687 472 754 ut
508 647 681 754 illarum
719 654 920 794 gentium
952 654 1252 800 Principatum
1289 693 1503 800 tanquam
1538 663 1647 764 alter

170 803 265 942 ipse
293 799 648 918 administraret,
688 835 801 937 quae
837 798 930 898 sola
966 839 1093 900 causa
1131 798 1234 901 huic
1254 803 1440 904 consilio
1468 804 1518 903 in
1546 805 1647 906 vul-

171 985 254 1090 gus
296 939 691 1087 praetendebatur,
728 978 826 1041 tum
872 946 1087 1083 nequod
1135 946 1331 1048 studium
1383 983 1426 1047 et
1471 949 1646 1050 occasio

169 1129 323 1191 rerum
358 1127 609 1209 novarum,
632 1122 684 1188 ut
710 1085 819 1186 solet
856 1086 905 1185 in
932 1100 1122 1232 Regno,
1152 1130 1204 1188 ex
1232 1091 1472 1230 praesentia
1503 1089 1649 1194 fratris
1695 1173 1698 1181 .

170 1234 394 1335 existeret.
430 1233 512 1334 Sed
538 1233 738 1372 primum
769 1231 973 1332 omnium
1001 1235 1113 1333 duos
1136 1233 1349 1335 Fernandi
1370 1228 1650 1338 familiarissi-

169 1415 274 1481 mos
310 1412 354 1477 et
389 1414 578 1518 magnae
614 1373 890 1475 auctoritatis
926 1376 1046 1477 viros
1083 1373 1140 1477 ab
1179 1387 1269 1510 ejus
1306 1378 1438 1479 latere
1477 1375 1652 1481 submo-

170 1522 269 1623 veri
305 1520 470 1662 placet,
507 1527 688 1622 Petrum
717 1525 935 1661 Nugnem
965 1533 1278 1642 Guzmanum,
1315 1522 1651 1666 Religiosorum

172 1666 392 1808 Equitum
438 1664 692 1766 Calatravae
729 1659 1030 1784 Praefectum,
1068 1666 1149 1808 qui
1186 1704 1368 1810 puerum
1393 1670 1651 1770 educaverat

175 1811 231 1912 ab
266 1810 445 1911 ineunte
481 1845 618 1910 aetate
655 1844 698 1908 et
735 1809 918 1948 optimis
960 1810 1158 1913 moribus
1196 1811 1443 1914 instituerat
1481 1847 1524 1912 et
1565 1812 1650 1912 Al-

174 1992 332 2055 varum
376 1954 591 2054 Osorium
640 1952 909 2095 Episcopum
958 1955 1318 2074 Astoricensem,
1361 1958 1557 2089 ejusdem
1600 1956 1649 2060 in

174 2099 325 2198 studio
363 2096 575 2197 litterario
612 2105 978 2237 Praeceptorem‚
1017 2135 1072 2196 ne
1109 2093 1222 2200 forte
1258 2096 1421 2202 horum
1465 2099 1648 2202 hortatu

172 2279 319 2383 puer,
371 2241 452 2381 qui
493 2275 729 2381 utrumque
773 2239 962 2343 babebat
1004 2239 1106 2340 loco
1157 2241 1328 2382 patris,
1373 2246 1428 2344 ad
1481 2244 1650 2386 aliquid

175 2387 440 2486 novandum
491 2384 791 2484 induceretur.
843 2397 997 2526 Itaque
1040 2382 1190 2485 statim
1236 2425 1288 2484 ex
1338 2384 1653 2507 Villaviciosa,

176 2530 306 2667 quod
350 2526 572 2667 oppidum
615 2526 809 2668 primum
855 2527 905 2627 in
946 2528 1128 2628 Asturia
1164 2529 1416 2629 venientem
1453 2528 1653 2669 excepit,

176 2671 236 2770 ad
272 2672 549 2772 Franciscum
583 2672 828 2772 Ximenem
863 2672 1137 2772 Toletanum
1173 2669 1461 2786 Pontificem,
1499 2707 1543 2772 et
1579 2683 1655 2779 Eo.

178 2814 351 2915 clessiae
383 2827 613 2918 Romanae
646 2816 930 2917 Cardinalem
941 2893 956 2937 ,
991 2815 1234 2934 Castellae,
1261 2817 1405 2916 donec
1433 2815 1525 2957 ipse
1557 2827 1654 2916 Ca-

181 2960 298 3060 rolus
340 2958 390 3060 in
434 2960 700 3102 Hispaniam
750 2961 1028 3104 perveniret,
1070 2969 1406 3061 Procuratorem
1457 3000 1484 3060 a
1526 2973 1653 3104 Rege

180 3104 408 3205 Fernando
449 3106 655 3208 relictum
695 3106 853 3226 mittit,
896 3141 946 3206 ut
988 3107 1168 3207 eosdem
1211 3112 1391 3205 Petrum
1435 3113 1654 3248 Nugnem

181 3257 465 3350 Guzmanum
503 3285 546 3350 et
587 3249 803 3351 Alvarum
835 3249 1048 3351 Osorium
1090 3289 1117 3348 a
1163 3248 1387 3350 Fernando
1434 3247 1654 3350 discedere

182 3393 267 3494 suis
315 3393 458 3494 verbis
500 3392 670 3527 juberet
713 3428 755 3494 et
799 3394 1004 3514 Aranda,
1050 3434 1143 3535 quo
1193 3393 1364 3535 oppido
1413 3393 1469 3492 ad
1510 3391 1655 3534 ripam

183 3537 316 3637 Durii
364 3539 608 3639 Fernandus
651 3538 979 3680 Cardinalisque
1023 3578 1125 3640 cum
1161 3536 1316 3681 Regiis
1354 3535 1561 3638 Consiliis
1605 3534 1655 3634 id

185 3681 397 3822 temporis
422 3680 835 3802 commorabantur,
861 3677 1086 3785 facessere.
1115 3683 1236 3822 Jussi
1273 3721 1379 3824 ergo
1408 3681 1512 3782 citra
1548 3713 1654 3779 cun·-

184 3827 429 3956 ctationem
459 3826 522 3926 illi
558 3825 769 3967 quidem,
807 3827 882 3927 sed
914 3865 1078 3972 magno
1116 3827 1255 3929 animi
1297 3825 1452 3925 dolore
1493 3860 1654 3963 parue-

180 3999 319 4091 runt,
362 3968 611 4112 multusque
654 3965 743 4070 fuit
779 4011 829 4070 ea
866 3974 921 4073 de
957 4013 1003 4074 re
1040 3971 1279 4072 bominum
1317 4002 1461 4067 sermo
1498 4001 1543 4066 et
1577 3964 1654 4064 ad-

179 4106 394 4231 miratio,
419 4113 588 4253 quippe
612 4113 699 4214 viri
722 4113 882 4254 probi,
900 4115 1160 4255 nobilesque
1188 4147 1232 4210 et
1256 4149 1434 4254 graves,
1460 4150 1543 4252 pro
1567 4146 1659 4250 gra·

177 4248 241 4349 tia
289 4252 583 4396 laborumque
629 4259 829 4397 praemio
871 4257 1187 4359 contumeliam
1223 4251 1334 4357 ferre
1369 4253 1653 4356 videbantur.

258 4407 335 4496 VI.
408 4400 559 4497 Paucis
596 4398 749 4500 diebus
784 4401 1016 4535 interjectis
1055 4400 1305 4502 Franciscus
1355 4397 1449 4542 ipse
1491 4397 1659 4500 Xime-

186 4577 294 4656 nem
331 4542 571 4643 Cardinalis
613 4542 857 4683 Hispaniae
895 4546 1033 4687 vulgo
1070 4546 1239 4662 dictus,
1276 4583 1368 4645 non
1414 4576 1657 4683 conspecto

192 4685 357 4787 Carolo
371 4761 385 4806 ,
421 4726 447 4785 a
482 4687 574 4786 vita
609 4687 828 4806 discessit,
864 4729 914 4791 ac
952 4730 1053 4792 suae
1089 4689 1364 4791 auctoritatis
1402 4724 1445 4828 et
1481 4687 1654 4828 sapien-

191 4825 276 4929 tiae
311 4829 433 4932 triste
459 4829 726 4933 desiderium
759 4829 889 4933 bonis
915 4834 1122 4935 omnibus
1155 4831 1360 4973 reliquit.
1398 4841 1500 4934 Erat
1535 4863 1657 4928 emm

1188 4989 1216 5077 F
1236 5017 1261 5076 2
1566 4980 1662 5073 Re-
