4294 5984
566 485 811 571 canoel
861 469 914 570 v.
958 489 1074 571 ιιιι.
1116 493 1204 574 ιιι.
1518 497 1576 589 95

143 687 280 822 atque
317 649 468 752 cedere
504 681 707 752 coactus.
719 662 898 815 Iraque
935 649 1078 793 prima
1112 651 1207 753 luce
1243 651 1479 758 accedente
1516 661 1623 763 reli

146 815 241 943 quo'
278 795 483 960 agmine,
522 834 627 897 cunr
667 795 752 899 suis
788 795 999 900 omnibus
1035 796 1277 939 Bicugnam
1314 798 1468 905 vicum
1510 846 1624 914 con-
1738 937 1741 942 .

141 944 317 1064 tendit,
367 937 448 1044 ubi
490 935 626 1044 factus
677 940 841 1046 certior
885 941 942 1042 de
990 943 1229 1044 concordia
1278 942 1477 1084 praefecti
1518 993 1624 1058 cum

141 1087 412 1253 oppidanis,
450 1122 618 1191 vastata
663 1089 739 1191 ad
762 1100 1011 1231 Exparnam
1055 1087 1206 1191 vicum
1250 1087 1415 1226 Jacobi
1457 1096 1624 1206 Alavae

139 1273 462 1396 possessione,
479 1269 523 1336 et
545 1233 747 1398 quinque
779 1243 871 1371 ejus
901 1229 1158 1337 domibus
1147 1235 1355 1362 incensis,
1389 1239 1509 1340 unde
1548 1281 1624 1346 ve

141 1417 301 1498 nerat,
338 1379 498 1488 reverti
534 1379 714 1520 coepit.

217 1535 376 1630 XXIII.
450 1533 558 1626 Hoc
599 1520 851 1630 Victoriam
887 1521 1129 1647 nuntiato,
1164 1524 1385 1632 Martinus
1413 1531 1624 1634 Avenda-

139 1707 255 1814 gnus
294 1709 401 1773 cum
439 1668 611 1813 reliqua
647 1707 813 1791 manu,
850 1711 964 1813 quae
1000 1669 1124 1792 huc,
1160 1672 1230 1774 uti
1271 1675 1622 1784 demonstratum

138 1853 238 1936 est,
283 1851 582 1938 convenerat,
630 1816 878 1961 oppidanos
924 1816 1057 1920 etiarn
1103 1853 1294 1918 armatos
1338 1821 1515 1941 educit,
1550 1862 1622 1922 se

138 1999 233 2102 que
269 1962 325 2062 ad
350 1961 582 2124 Comitem
618 1962 835 2102 praelio
823 1999 872 2060 rn
908 1962 1062 2063 itinere
1099 1960 1396 2068 lacessendum
1432 2003 1622 2106 compa

136 2139 238 2225 rat,
276 2105 520 2249 praemissis
557 2145 663 2210 cum
699 2102 861 2237 Ochoa
896 2113 1047 2225 Asua,
1071 2108 1164 2247 qui
1201 2146 1365 2249 ponte,
1402 2152 1497 2254 quo
1532 2111 1622 2212 flu

136 2287 249 2352 men
299 2251 602 2416 praeterfluens
647 2251 711 2354 ad
746 2264 975 2360 Duranam
1017 2249 1317 2352 committitur
1354 2253 1461 2390 (hac
1497 2255 1622 2358 enim

137 2393 376 2558 Comici
364 2433 447 2497 rtet
493 2402 606 2534 erat)
645 2392 928 2499 obsiderent.
974 2396 1058 2497 Sed
1099 2391 1167 2495 his
1211 2393 1378 2536 pulsis,
1420 2412 1621 2522 Comes,

139 2537 217 2638 cui
255 2540 318 2645 ob
353 2540 624 2682 paucitatem
658 2581 779 2683 pares
816 2581 904 2642 esse
940 2573 1034 2644 non
1069 2571 1332 2682 pomerant,
1370 2581 1470 2642 suos
1485 2582 1622 2685 pon

137 2717 185 2784 te
224 2721 333 2786 curn
371 2685 660 2808 traduxisset,
702 2685 1054 2789 adversariorum
1098 2685 1298 2848 equitatu
1340 2723 1433 2928 prm
1359 2722 1622 2786 amextre-

136 2865 240 2971 mos
277 2866 531 2969 premente,
567 2831 770 2934 constitit
806 2871 1041 2976 parumper
1078 2866 1203 2972 quast
1241 2866 1343 2969 prae
1359 2865 1457 2930 rum
1493 2867 1620 2934 com

136 2963 374 3078 missurus.
414 2975 497 3077 Sed
532 2974 786 3078 adversariis
820 2975 1115 3141 urgentibus,
1139 3009 1275 3132 atque
1313 2973 1481 3076 eminus
1517 3010 1620 3076 stra-

136 3155 247 3260 gem
264 3117 517 3379 scloppetis
554 3120 813 3242 edentibus,
853 3120 1111 3225 inclinatam
1148 3156 1331 3219 suorum
1368 3119 1509 3221 aciem
1545 3119 1618 3224 vi

136 3263 248 3363 dens
317 3301 361 3362 se
446 3303 529 3406 gae
564 3267 823 3388 mandavit,
860 3265 1063 3369 Gonzalo
1100 3260 1325 3366 Barahona
1366 3299 1618 3365 constanter

134 3407 396 3527 resistente,
434 3448 486 3508 ac
521 3449 620 3510 suos
657 3453 682 3512 a
721 3407 829 3552 fuga
866 3410 1132 3528 clamoribus
1166 3444 1436 3535 revocante,
1473 3409 1619 3520 donec

136 3595 166 3656 a
206 3551 412 3654 Gonzalo
447 3551 718 3698 Valenzuela
757 3556 962 3697 equitum
998 3550 1221 3699 praefecto
1258 3550 1356 3687 (hie
1391 3553 1509 3655 enim
1546 3591 1622 3695 po-

139 3695 365 3800 tissimum
401 3697 450 3800 in
485 3738 590 3803 eum
632 3695 830 3802 invectus
875 3694 993 3837 fuit)
1034 3739 1267 3866 pugnans,
1310 3733 1535 3840 superatus
1572 3730 1619 3797 et

137 3878 295 3982 captus
332 3879 423 3946 est.
464 3856 514 3946 In
552 3885 607 3946 eo
617 3845 819 4009 praelio
856 3847 1065 3990 perpauci
1108 3847 1345 4004 utrinque
1358 3840 1624 3962 desiderati,

137 4023 379 4150 parcente
387 3987 549 4092 vicinis
584 3991 835 4094 vicinorum
872 3989 1173 4093 humanitate.
1212 3985 1348 4126 Capti
1384 4027 1437 4086 ex
1473 4024 1619 4128 popu

137 4127 379 4232 latrlms
340 4134 515 4235 circiter
556 4137 770 4258 sexcenti,
807 4137 881 4239 sed
917 4135 1099 4251 ceteris,
1141 4167 1192 4233 ut
1233 4130 1510 4235 multitudini
1546 4170 1619 4231 so-

138 4275 233 4395 let,
271 4277 373 4376 data
407 4281 573 4404 venia,
609 4281 659 4382 in
694 4285 854 4392 ducem
889 4286 1139 4381 Gonzalum
1174 4275 1445 4382 Barahonam
1481 4274 1620 4380 laesae

139 4421 383 4554 majestatis
428 4423 686 4532 damnatum
732 4423 1148 4530 animadversum
1136 4461 1185 4526 ιιι
1226 4417 1327 4526 foro
1371 4457 1436 4524 est
1470 4457 1619 4565 poena

140 4564 350 4706 capitali.

239 4718 408 4812 XXIV
499 4725 663 4817 Interea
697 4711 1062 4820 Comestabilis
1048 4754 1097 4816 ιιι
1133 4723 1381 4833 Vaccaeos,
1423 4746 1475 4814 ut
1515 4745 1620 4814 cum

141 4849 405 4958 Almiranto
447 4865 508 4958 et'
529 4867 662 4964 Petro
698 4861 884 4968 Velasco
920 4858 1017 4962 filio
1053 4899 1097 4962 se
1133 4868 1464 5006 conjungeret,
1505 4852 1644 5020 profi.

1492 5001 1620 5103 ciscr
