4294 5972
564 422 1059 508 ernostum.
1115 427 1209 506 xrr.
1515 427 1599 520 371

197 591 288 656 sam
314 588 482 695 partem
513 549 746 680 abeundo,
740 557 950 718 impune
971 552 1133 656 licebat
1158 555 1272 655 ultro
1309 589 1353 656 et
1386 549 1498 657 citro
1517 597 1642 659 corn-

191 735 367 802 meare.
422 698 750 801 Praesidium
738 699 876 841 rgitur
914 698 1148 800 Goletae
1132 739 1225 834 Jam
1261 701 1319 800 ad
1355 731 1459 801 octo
1501 701 1641 804 millia

187 841 530 946 fortissimorum
565 879 953 984 propugnatorum
989 880 1221 962 creverat,
1255 883 1401 984 eoque
1436 881 1641 986 congesta

187 985 359 1090 firtrant
393 987 682 1131 quadrigenta
718 987 903 1127 amplius
940 986 1081 1088 variae
1106 921 1422 1128 magnitudinis
1442 1023 1639 1092 tormen·

189 1175 266 1251 ta,
311 1169 479 1270 praeter
522 1134 686 1233 multos
716 1137 821 1232 Arcb
822 1135 987 1256 i‚busos
1024 1129 1175 1249 idest,
1213 1131 1436 1273 scloppeta
1471 1143 1640 1269 majora

92 1351 99 1362 -
187 1276 368 1416 singulis
403 1275 616 1377 militibus
651 1271 845 1375 habilia.
889 1287 1040 1415 Itaque
1076 1275 1304 1375 tormentis
1345 1275 1552 1417 operibus
1594 1313 1639 1378 et

186 1420 327 1523 milite
363 1458 456 1521 tam
492 1419 688 1520 munitus
724 1453 814 1519 erat
847 1415 920 1518 ille
955 1419 1074 1518 locus
1088 1494 1103 1537 ,
1146 1452 1197 1517 ιιι
1231 1417 1440 1519 nullius
1424 1459 1514 1550 Jam
1550 1418 1637 1520 bu-

185 1566 326 1667 manis
368 1562 534 1666 viribus
577 1601 689 1703 expu
723 1561 820 1663 nari
862 1599 986 1704 posse
1029 1563 1279 1663 videretur.
1323 1564 1405 1663 Sed
1452 1564 1636 1664 Carolus

184 1708 299 1813 nibil
334 1707 397 1810 his
444 1601 1048 1825 difficultatibusdererrer1‚
1089 1743 1172 1806 nec
1207 1705 1378 1866 segnius
1420 1743 1513 1806 rem
1553 1709 1637 1807 ad-

184 1853 469 1972 ministrate,
505 1885 788 1989 cunctaque,
833 1890 949 1990 quae
995 1847 1326 1990 oppugnationi
1370 1849 1467 1951 usui
1509 1889 1635 1972 sunt,

185 1998 417 2136 diligenter
452 2030 734 2154 comparare,
760 1985 892 2091 fretus
928 2030 1021 2092 non
1059 1991 1277 2092 modo
1234 2028 1399 2094 vrttute
1410 2033 1633 2155 suorum,

184 2143 259 2239 sed
298 2139 439 2238 multo
483 2137 618 2237 etiam
660 2135 802 2274 magis
839 2173 925 2275 ope
972 2133 1175 2254 Divina,
1209 2132 1282 2233 cui
1320 2133 1633 2274 potissimum,

184 2320 235 2383 ut
277 2276 340 2380 fas
388 2315 516 2401 erar,
558 2280 626 2378 vir
663 2278 872 2440 singulari
916 2277 1128 2418 religione
1170 2309 1215 2376 et
1255 2276 1419 2417 pietate
1458 2317 1634 2420 accepta
1724 2375 1730 2382 .

183 2421 351 2527 ferebat
385 2358 526 2524 multi
560 2421 866 2523 secundissima
900 2421 1090 2561 praelia,
1129 2459 1242 2561 quae
1278 2459 1326 2520 ιιι
1362 2422 1536 2562 magnis
1565 2463 1634 2523 re·

184 2609 284 2674 rum
321 2567 528 2710 angustiis
569 2601 736 2708 praeter
784 2563 1024 2682 hominum
1072 2563 1336 2706 opinionem
1382 2602 1461 2706 per
1505 2567 1632 2669 duces

183 2711 372 2814 fecerat.

254 2863 605 2956 urceorum
642 2853 785 2953 hostes
820 2889 912 2970 non
947 2851 1091 2952 solum
1117 2891 1169 2952 ex
1194 2848 1278 2951 suis
1310 2848 1631 2955 munitionibus

184 3033 508 3100 tormentorum
542 2996 636 3096 telis
671 2995 838 3120 eminus
874 3033 1124 3100 nostrorum
1160 3031 1296 3134 opera
1331 3030 1388 3096 et
1396 3029 1631 3138 utrumque

182 3141 345 3242 vallum
381 3138 664 3243 inchoactum
690 3139 907 3281 impedire
942 3181 992 3241 ac
1020 3139 1224 3240 demoliri
1250 3135 1529 3260 nitebantur,
1555 3144 1631 3243 sed
1726 3265 1737 3283 ι

182 3284 405 3385 interdum
443 3285 577 3383 etiarn
621 3319 902 3446 erumpentes
936 3321 1041 3384 cum
1081 3281 1304 3444 praesidiis
1345 3277 1516 3383 fortiter
1550 3284 1630 3384 de-

181 3427 466 3569 pugnabant.
512 3427 694 3566 Quippe
738 3428 854 3527 inter
889 3427 1017 3527 initia
1058 3425 1289 3566 eruptione
1329 3419 1476 3546 facta,
1519 3425 1631 3526 dum

182 3570 405 3672 turbinem
442 3570 768 3671 sesecundum
803 3602 1016 3689 ventum,
1051 3606 1132 3709 qur
1118 3503 1530 3671 vehementissime
1554 3568 1631 3669 fla-

182 3751 227 3814 re
263 3715 445 3856 coepit,
478 3748 749 3854 sequuntur,
785 3697 861 3814 alii
896 3646 1146 3815 ventilabris
1181 3750 1387 3830 arenam,
1424 3751 1513 3853 qua
1534 3712 1629 3852 ple·
1686 3729 1688 3732 ’
1799 3731 1806 3744 ’

181 3895 290 3957 num
327 3895 417 3959 etat
453 3857 763 3978 intervallum,
782 3856 967 3960 excitare
991 3935 1006 3978 ‚
1033 3857 1108 3958 alii
1149 3851 1382 3998 scloppetis
1417 3887 1462 3955 et
1501 3894 1629 3957 arcu-

181 3996 264 4099 bus
300 3999 382 4104 tela
418 4002 681 4133 jaculantes,
706 4038 877 4103 nostros
912 4001 1142 4117 lacessere,
1178 4034 1221 4098 et
1257 3999 1438 4100 adverso
1472 4001 1630 4140 pulve

182 4179 227 4242 re
263 4143 528 4244 obcoecatus
574 4176 709 4285 atque
743 4145 949 4246 inusitato
1002 4179 1158 4285 genere
1204 4180 1377 4284 pugnae
1417 4141 1630 4242 attonitos

181 4287 440 4388 conturbare
481 4325 750 4428 coeperunt.
791 4287 875 4388 Sed
909 4323 1011 4387 cum
1050 4319 1207 4388 ventus
1251 4282 1398 4386 subito
1437 4285 1630 4386 remisis-
1647 4325 1652 4330 ·

180 4464 336 4548 set,a
310 4431 522 4532 anostris
559 4432 708 4560 rejecti
743 4463 870 4551 sunt,
908 4464 952 4531 et
985 4431 1034 4531 in
1068 4469 1163 4530 suas
1198 4427 1465 4531 munitiones
1498 4463 1649 4532 com-1

181 4572 320 4710 pulsi.
376 4575 528 4677 Paucis
571 4575 784 4679 diebus
772 4576 1037 4706 rnterjectis,
1086 4571 1166 4675 ubi
1208 4573 1302 4674 dies
1343 4573 1527 4692 illuxit,
1571 4571 1629 4675 ab

182 4718 529 4858 erumpentium
555 4720 731 4820 minore
778 4757 983 4820 numero
1010 4716 1220 4817 Italorum
1268 4716 1382 4818 duae
1424 4714 1646 4818 cobortes

1092 4857 1246 4963 Aaaa
1558 4896 1630 4958 re-
