4298 5980
568 461 811 544 ennom
853 459 906 546 V·
955 462 1069 544 LIB.
1112 462 1246 544 v111.
1506 370 1593 558 235
1648 468 1650 472 ¹

172 621 326 742 urbem
369 652 594 759 castraque
638 615 867 718 Gallorum
907 616 1219 758 praetorium,
1264 619 1391 761 quod
1435 659 1630 767 occupa-

172 801 268 868 tum
321 765 377 865 ad
418 760 586 865 bellum
628 763 871 902 gerendum
906 758 1112 862 nonnihil
1148 762 1360 866 facultatis
1406 765 1633 904 praebitu-
1678 839 1679 846 κ

170 950 272 1012 rurn
307 902 570 1010 videbatur.
596 916 699 1007 Hoc
736 906 935 1044 utrique,
958 942 1009 1003 ut
1046 943 1338 1046 occuparent,
1365 907 1497 1009 initio
1533 954 1634 1016 am*

170 1053 332 1155 bitiose
365 1052 510 1191 parvis
548 1048 716 1191 praeliis
752 1048 1103 1169 contendebant,
1138 1092 1254 1154 nunc
1291 1049 1391 1172 his,
1425 1090 1541 1154 nunc
1577 1059 1634 1158 il-

171 1197 222 1298 lis
250 1192 564 1338 occupantibus
597 1192 878 1334 vicissimque
905 1190 1179 1302 cedentibus.
1211 1196 1291 1298 Sed
1329 1191 1434 1294 baec
1472 1200 1633 1338 praelia

171 1341 304 1444 initio
340 1339 475 1440 nostri
511 1336 769 1440 secundiora
812 1330 1063 1444 faciebants
1106 1361 1211 1444 tu'nc
1251 1338 1374 1442 enim
1416 1343 1634 1444 Horatius

170 1484 410 1604 Ballonius,
446 1481 608 1625 quiin
644 1479 983 1584 Foederatorum
1019 1484 1209 1584 exercitu
1246 1483 1499 1587 Italicorum
1526 1525 1636 1588 octo

170 1625 364 1730 millibus
401 1626 591 1728 delectae
627 1624 780 1726 manui
814 1659 1032 1766 praeerat,
1063 1667 1177 1767 quae
1212 1624 1291 1729 sub
1324 1633 1504 1762 Joanne
1537 1637 1632 1732 Me·

79 1877 82 1887 ,
170 1776 270 1875 dice
305 1771 508 1874 militasse
543 1766 844 1912 gloriabatur,
873 1809 978 1874 curu
1013 1791 1190 1870 suorum
1219 1769 1368 1872 multis
1400 1773 1628 1877 occubuit.

170 1925 398 2028 Postremo
441 1953 590 2020 tamen
631 1912 746 2016 Galli
789 1921 959 2045 majore
1000 1954 1189 2016 numero
1231 1914 1406 2016 inducti
1451 1957 1633 2058 praeto-

169 2059 287 2164 rium
323 2093 633 2202 occuparunt,
669 2053 980 2200 munitumque
1024 2093 1068 2159 et
1109 2061 1398 2162 ducentorum
1435 2062 1632 2164 rnilitum
1726 2083 1729 2092 '

168 2205 388 2346 praesidio
424 2203 644 2306 firmatum
680 2200 957 2305 retinebant.
994 2213 1098 2302 Huc
1140 2243 1192 2302 ex
1229 2203 1500 2304 Caesarianis
1536 2207 1630 2308 duo

169 2348 447 2449 centuriones
482 2382 620 2449 noctu
655 2344 743 2449 loci
778 2381 981 2448 naturam
1012 2345 1319 2446 considerandi
1352 2347 1493 2488 gratia
1519 2386 1630 2487 pro·-

169 2491 329 2633 gressi,
361 2531 436 2593 sua
471 2491 682 2633 opinione
718 2488 926 2632 decepti,
964 2485 1088 2590 facile
1129 2487 1224 2591 hoc·
1252 2489 1383 2590 adin'·
1403 2524 1448 2588 et
1489 2529 1633 2631 expu-

13 2629 18 2648 ’
168 2672 296 2774 gnari
339 2674 464 2775 posse
508 2630 748 2734 Philiberto
791 2634 1164 2736 renuntiaverunt,
1187 2668 1231 2733 et
1273 2629 1592 2735 confirmarunt
1612 2713 1636 2736 ..

170 2779 254 2878 His
291 2775 440 2879 habita
476 2777 562 2879 fide
574 2855 589 2898 ,
625 2778 826 2919 Hispano
864 2778 1079 2918 peditatui
1113 2775 1348 2920 negotium
1384 2777 1633 2879 committi·

168 2954 270 3040 tut,
301 2922 383 3062 qui
418 2919 642 3031 subuculis„
671 2923 835 3039 linteis,
874 2957 924 3022 ut
959 2957 1177 3022 nocturno
1208 2957 1410 3061 tempore
1439 2945 1628 3022 consue-

169 3099 361 3184 verunt,
394 3063 685 3208 superindutis
732 3065 905 3164 silentio
950 3067 1092 3165 noctis
1134 3099 1403 3205 erumpunt,
1447 3098 1490 3163 et
1563 3103 1627 3167 ars

167 3205 284 3308 inter
321 3208 585 3349 praetorium
621 3245 666 3310 et
700 3247 835 3311 castra
871 3208 1099 3310 Gallorum
1140 3206 1425 3325 subsidium,
1458 3206 1495 3306 si
1530 3103 1629 3308 ior-

169 3384 213 3452 te
248 3351 525 3473 mitteretur,
557 3352 792 3494 repellendi
827 3354 966 3494 gratia
1001 3351 1275 3452 collocatur.
1314 3349 1463 3452 Ceteri
1496 3386 1626 3489 prae-

168 3494 339 3597 torium
375 3535 634 3639 oppugnare
669 3498 1017 3639 aggrediunturt
1055 3498 1129 3598 sed
1170 3495 1388 3614 custodes,
1424 3494 1625 3635 gnaviter

168 3637 363 3780 alioquin
403 3640 633 3781 scloppetis
668 3677 812 3781 propu
846 3675 1027 3759 nantes,
1064 3641 1186 3741 locus
1222 3640 1313 3781 ipse
1349 3639 1626 3767 circumjecta

168 3777 284 3881 fossa
320 3823 436 3924 aqua
471 3784 599 3925 plena
634 3679 917 3886 defendebat.
955 3795 1108 3926 Itaque
1144 3821 1328 3883 suorum
1364 3779 1628 3920 quadragin-

170 3955 247 4045 ta,
284 3963 328 4026 ct
362 3929 411 4028 in
453 3925 519 4030 lais
554 3929 751 4032 Olmedo
787 3929 1043 4030 centurione
1084 3928 1183 4030 viro
1226 3919 1465 4024 fortissimo
1508 3924 1626 4026 desi-

170 4066 357 4189 deratis,
390 4070 587 4171 ducentis
623 4073 810 4216 amplius
846 4071 1103 4189 vulneratis,
1144 4107 1191 4170 re
1226 4061 1386 4168 infecta
1423 4065 1626 4169 discesse-
1704 4205 1705 4208 Ν

169 4247 305 4310 runt.
345 4212 436 4312 Hic
471 4253 590 4314 casus
626 4253 841 4358 magnum
876 4251 1126 4316 moerorem
1166 4249 1270 4311 curn
1301 4209 1482 4350 freliquo
1513 4247 1626 4318 exer·
1717 4231 1719 4236 ’
1773 4299 1777 4308 .

170 4352 304 4471 citui,
339 4389 439 4456 tum
463 4355 658 4458 ducibus
694 4358 959 4458 Caesarianis
993 4355 1172 4476 attulit,
1213 4394 1369 4458 omnes
1404 4392 1504 4454 suos
1546 4393 1627 4454 co-

169 4517 321 4616 natus,
354 4505 445 4625 jam
479 4498 654 4639 pridem
688 4501 859 4603 reflante
904 4498 1112 4626 fortuna,
1157 4499 1213 4602 ad
1255 4496 1428 4604 irritum
1488 4498 1626 4639 inque

171 4677 295 4742 suam
331 4649 554 4770 jacturam·
582 4644 769 4748 recidere
793 4643 1134 4787 reputantibus.
1366 4697 1367 4704 Ν

209 4790 416 5035 ἓξὲξ.
490 4787 641 4890 Paucis
677 4789 830 4894 diebus
864 4787 1097 4923 interjectis
1133 4788 1189 4887 ad
1224 4779 1519 5032 illibatum
1554 4787 1631 5028 ellp-
