4326 5986
590 379 841 465 CAROLI
884 383 939 462 V.
981 381 1095 464 LIB.
1138 381 1250 462 XIV.
1532 381 1616 477 441

183 582 297 688 quae
333 542 466 685 paulo
502 535 667 644 felicius
703 539 751 644 in
787 537 996 641 Taurinis
1031 574 1150 682 gesta
1188 573 1364 662 essent,
1402 539 1570 682 plonius
1608 577 1653 648 er
1771 605 1772 610 κ

179 686 354 792 uberius
390 686 508 830 Regi
542 725 569 785 a
604 684 688 786 suis
725 679 1061 787 nuntiabantur.

276 840 496 956 XXXIV.
598 828 782 931 Carolus
838 830 960 934 enirn
1021 829 1069 930 in
1133 825 1387 932 ulteriorem
1458 833 1650 940 Galliam

181 1014 285 1077 cum
328 973 518 1080 exercitu
561 973 882 1115 proficiscens,
921 983 1246 1076 Germanorum
1288 991 1647 1116 quatuor,1ta-

177 1120 365 1220 licorum
400 1159 470 1222 sex
504 1117 642 1218 millia
678 1117 910 1260 reliquerat
944 1127 1060 1253 jusso
1096 1119 1302 1221 Gutierro
1337 1128 1467 1262 Lupo
1512 1121 1645 1224 Padi-

179 1262 243 1362 lla·
290 1257 554 1405 praefecto,
612 1261 915 1365 Taurinorum
966 1269 1255 1406 Augustam,
1298 1295 1348 1364 ut
1391 1303 1519 1405 supra
1563 1266 1646 1367 dea

179 1443 475 1508 monstratum
511 1439 608 1524 est,
644 1403 884 1526 obsidere,
922 1442 966 1509 et
1007 1409 1070 1506 rei
1113 1407 1225 1511 bene
1268 1408 1483 1548 gerendae
1510 1449 1644 1510 occa-

180 1550 324 1653 siones
364 1590 459 1651 non
490 1549 720 1650 omittere.
759 1561 866 1650 Hoc
901 1548 1120 1690 oppidum
1147 1548 1318 1650 Anibus
1354 1550 1501 1650 Gallus
1538 1592 1643 1656 cum

180 1691 402 1834 equitibus
451 1691 704 1836 quingentis
753 1687 976 1829 firmoque
1029 1692 1245 1832 praesidio
1294 1700 1552 1796 Vasconum
1598 1731 1642 1796 er

176 1836 428 1937 Italicorum
485 1828 747 1932 obtinebat.
807 1831 1085 1951 Gutierrus,
1132 1870 1236 1934 cum
1286 1833 1462 1974 imperii
1519 1876 1643 1939 sum·

179 2017 302 2081 mam
354 1977 402 2076 in
458 1972 735 2076 Caesarianas
790 1973 939 2114 copias
991 2007 1202 2095 teneret,
1253 2008 1402 2076 tamen
1459 1981 1643 2082 consilia

178 2161 283 2224 curn
318 2129 496 2259 Joanne
532 2113 710 2255 Jacobo
744 2117 921 2219 Medico
957 2118 1204 2261 Melignani
1230 2117 1491 2220 Marchione
1517 2161 1642 2227 com-

177 2261 458 2368 municabat:
497 2261 533 2361 is
569 2262 689 2365 enirn
724 2296 811 2362 etat
846 2260 1040 2364 militum
1076 2259 1311 2382 tribunus,
1350 2299 1394 2362 et
1430 2263 1639 2367 Gutierro
1717 2369 1722 2376 ,

177 2405 448 2511 consiliarius
484 2446 510 2504 a
543 2405 708 2508 Carolo
744 2417 924 2508 Caesare
959 2442 1139 2547 propter
1172 2413 1263 2536 ejus
1299 2440 1343 2504 et
1378 2405 1552 2506 virtutis
1596 2443 1641 2508 et

178 2591 278 2652 usus
315 2549 514 2649 militaris
539 2549 800 2692 opinionem
836 2547 988 2649 datus.
1024 2550 1163 2690 Igitur
1198 2589 1250 2647 ex
1275 2546 1504 2689 utriusque
1540 2589 1642 2651 sen-

178 2695 316 2798 tentia
352 2692 413 2793 sic
454 2727 577 2795 etant
613 2693 767 2835 copiae
809 2689 1103 2813 distributae,
1138 2727 1189 2792 ut
1231 2688 1316 2791 alia
1360 2691 1642 2824 circumjecta

177 2873 223 2938 et
265 2873 520 2979 opportuna
563 2835 661 2936 loca
696 2835 914 2978 impositis
957 2835 1180 2980 praesidiis
1220 2867 1494 2938 tenerentur:
1542 2846 1643 2937 Gu-

175 2981 332 3082 tierrus
380 3020 483 3084 cunr
533 2979 748 3080 mediocri
797 3017 932 3080 manu
985 2977 1337 3114 Monehalesiurn
1386 2977 1643 3101 castellum,

170 3163 384 3268 passuum
420 3124 476 3222 ab
512 3128 713 3264 Augusta
749 3121 914 3223 circiter
949 3122 1151 3263 quinque
1184 3117 1424 3240 millibus,
1463 3123 1641 3222 obtine-

171 3302 276 3368 ret:
313 3271 507 3402 Joannes
545 3265 740 3401 Jacobus
776 3305 882 3367 curn
916 3266 1108 3366 maxima
1142 3265 1374 3407 copiarum
1409 3300 1534 3404 parte
1578 3304 1641 3364 ca·

172 3444 263 3513 stra
298 3412 355 3511 ad
391 3446 609 3552 pontem,
647 3449 742 3553 quo
777 3411 916 3510 Padus
952 3410 1009 3508 ad
1044 3413 1294 3551 Augustam
1330 3407 1641 3527 committitur,

174 3553 395 3673 haberet,
430 3594 519 3697 qua
556 3591 678 3694 parte
720 3591 854 3695 parva
889 3551 1052 3696 praelia
1093 3548 1340 3694 frequenter
1381 3551 1500 3653 varia
1544 3546 1642 3652 for·-

177 3734 287 3799 tuna
321 3695 508 3800 fiebant.
545 3697 626 3798 Sed
662 3735 765 3799 curn
798 3694 1053 3798 Italicorum
1094 3699 1213 3797 bona
1259 3733 1357 3837 pars
1401 3734 1453 3794 ex
1495 3693 1640 3794 castris

178 3843 344 3980 partim
389 3850 558 3970 majore
602 3841 797 3942 mercede
839 3839 1103 3980 proposita,
1138 3834 1298 3981 partim
1343 3875 1418 3979 spe
1460 3838 1642 3978 praedae

178 3983 237 4081 ad
273 3985 419 4086 Gallos
454 3977 774 4124 transfugisset}
813 3980 937 4082 brevi
972 3975 1140 4083 facturn
1176 4015 1274 4104 est,
1314 4016 1364 4082 ut
1397 3977 1543 4081 hostes
1580 4019 1643 4081 es⁴

180 4161 274 4226 sent
308 4128 464 4228 nostris
501 4164 687 4227 numero
730 4125 1006 4267 superiores,
1039 4161 1082 4228 et
1123 4124 1333 4229 auderent
1374 4121 1643 4226 excursioni-

177 4268 259 4369 bus
296 4269 417 4370 vicos
454 4308 497 4370 et
534 4269 704 4371 castella
739 4267 980 4370 remotiora
1018 4268 1248 4410 populari.
1286 4282 1439 4409 Itaque
1467 4274 1643 4368 Marcus

177 4413 398 4512 Antonius
445 4427 658 4514 Cussanus
700 4411 1040 4514 Mediolanensis
1076 4451 1180 4512 cum
1215 4410 1470 4513 Italicorum
1506 4405 1644 4509 tribus

179 4554 367 4694 amplius
405 4552 633 4673 millibus,
667 4589 710 4654 et
744 4555 965 4696 equitatus
1001 4592 1125 4697 parte
1160 4597 1213 4655 ex
1259 4560 1459 4696 Augusta
1494 4552 1644 4693 digre-

181 4693 342 4816 ditur,
395 4733 444 4799 ut
485 4697 720 4801 Satrianum
761 4732 979 4819 tentaret,
1019 4737 1112 4841 quo
1158 4698 1361 4841 pleraque
1401 4729 1648 4813 tormenta,

262 4837 375 4942 Tum.
396 4849 429 4940 1.
1146 4845 1251 4946 Kkk
1608 4871 1651 4938 et
