<?xml version="1.0" encoding="UTF-8"?>
<!DOCTYPE html PUBLIC "-//W3C//DTD XHTML 1.0 Transitional//EN"
    "http://www.w3.org/TR/xhtml1/DTD/xhtml1-transitional.dtd">
<html xmlns="http://www.w3.org/1999/xhtml" xml:lang="en" lang="en">
 <head>
  <title>
</title>
<meta http-equiv="Content-Type" content="text/html;charset=utf-8" />
  <meta name='ocr-system' content='tesseract 3.04.00' />
  <meta name='ocr-capabilities' content='ocr_page ocr_carea ocr_par ocr_line ocrx_word'/>
</head>
<body>
  <div class='ocr_page' id='page_1' title='image "./joannisgenesiis02sepgoog_0304.png"; bbox 0 0 4292 5984; ppageno 0'>
   <div class='ocr_carea' id='block_1_1' title="bbox 593 494 1586 597">
    <p class='ocr_par' dir='ltr' id='par_1_1' title="bbox 593 494 1586 597">
     <span class='ocr_line' id='line_1_1' title="bbox 593 494 1586 597; baseline -0.01 5"><span class='ocrx_word' id='word_1_1' title='bbox 593 494 648 583; x_wconf 85' lang='lat'>⁶0</span> <span class='ocrx_word' id='word_1_2' title='bbox 976 513 1058 597; x_wconf 80' lang='lat' dir='ltr'>oe</span> <span class='ocrx_word' id='word_1_3' title='bbox 1102 510 1315 594; x_wconf 78' lang='lat' dir='ltr'>uanus</span> <span class='ocrx_word' id='word_1_4' title='bbox 1363 507 1586 592; x_wconf 80' lang='lat' dir='ltr'>eusrrs</span> 
     </span>
    </p>
   </div>
   <div class='ocr_carea' id='block_1_2' title="bbox 548 661 2134 1105">
    <p class='ocr_par' dir='ltr' id='par_1_2' title="bbox 548 661 2134 1105">
     <span class='ocr_line' id='line_1_2' title="bbox 548 661 2003 819; baseline -0.003 -44"><span class='ocrx_word' id='word_1_5' title='bbox 548 667 763 816; x_wconf 88' lang='lat' dir='ltr'>temporis</span> <span class='ocrx_word' id='word_1_6' title='bbox 798 667 983 819; x_wconf 88' lang='lat' dir='ltr'>vestigio</span> <span class='ocrx_word' id='word_1_7' title='bbox 1020 675 1210 810; x_wconf 90' lang='lat' dir='ltr'>decidit,</span> <span class='ocrx_word' id='word_1_8' title='bbox 1249 667 1430 774; x_wconf 91' lang='lat' dir='ltr'>fuissent</span> <span class='ocrx_word' id='word_1_9' title='bbox 1471 665 1703 813; x_wconf 88' lang='lat' dir='ltr'>impediti.</span> <span class='ocrx_word' id='word_1_10' title='bbox 1750 661 2003 774; x_wconf 79' lang='lat' dir='ltr'>Concilium</span> 
     </span>
     <span class='ocr_line' id='line_1_3' title="bbox 548 810 2134 961; baseline -0.002 -43"><span class='ocrx_word' id='word_1_11' title='bbox 548 817 686 961; x_wconf 87' lang='lat' dir='ltr'>igitur</span> <span class='ocrx_word' id='word_1_12' title='bbox 719 817 1042 959; x_wconf 86' lang='lat' dir='ltr'>Compostellae</span> <span class='ocrx_word' id='word_1_13' title='bbox 1075 818 1300 960; x_wconf 89' lang='lat' dir='ltr'>inceptum</span> <span class='ocrx_word' id='word_1_14' title='bbox 1342 815 1562 959; x_wconf 82' lang='lat' dir='ltr'>peragitur</span> <span class='ocrx_word' id='word_1_15' title='bbox 1599 816 1656 914; x_wconf 89' lang='lat' dir='ltr'>ad</span> <span class='ocrx_word' id='word_1_16' title='bbox 1690 810 1885 914; x_wconf 89' lang='lat' dir='ltr'>Flavium</span> <span class='ocrx_word' id='word_1_17' title='bbox 1920 818 2002 917; x_wconf 92' lang='lat' dir='ltr'>Bri·</span> <span class='ocrx_word' id='word_1_18' title='bbox 2133 905 2134 950; x_wconf 28' lang='grc' dir='ltr'><strong><em>Ν</em></strong></span> 
     </span>
     <span class='ocr_line' id='line_1_4' title="bbox 548 954 2134 1105; baseline -0.001 -45"><span class='ocrx_word' id='word_1_19' title='bbox 548 963 793 1105; x_wconf 76' lang='lat' dir='ltr'>gantiums</span> <span class='ocrx_word' id='word_1_20' title='bbox 829 996 872 1061; x_wconf 92' lang='lat' dir='ltr'>et</span> <span class='ocrx_word' id='word_1_21' title='bbox 922 963 1125 1104; x_wconf 89' lang='lat' dir='ltr'>quamvis</span> <span class='ocrx_word' id='word_1_22' title='bbox 1174 957 1557 1104; x_wconf 89' lang='lat' dir='ltr'>Legionensibus,</span> <span class='ocrx_word' id='word_1_23' title='bbox 1605 954 1999 1084; x_wconf 85' lang='lat' dir='ltr'><strong>Cordubensibus,</strong></span> <span class='ocrx_word' id='word_1_24' title='bbox 2133 979 2134 1044; x_wconf 73' lang='lat' dir='ltr'>l</span> 
     </span>
    </p>
   </div>
   <div class='ocr_carea' id='block_1_3' title="bbox 538 1100 2134 2584">
    <p class='ocr_par' dir='ltr' id='par_1_3' title="bbox 538 1100 2134 2584">
     <span class='ocr_line' id='line_1_5' title="bbox 542 1100 2134 1244; baseline 0 -40"><span class='ocrx_word' id='word_1_25' title='bbox 542 1104 812 1226; x_wconf 89' lang='lat' dir='ltr'>Murcianis,</span> <span class='ocrx_word' id='word_1_26' title='bbox 846 1103 1282 1230; x_wconf 85' lang='lat' dir='ltr'>Salmanticensibus,</span> <span class='ocrx_word' id='word_1_27' title='bbox 1322 1105 1648 1222; x_wconf 91' lang='lat' dir='ltr'>Taurensibus,</span> <span class='ocrx_word' id='word_1_28' title='bbox 1691 1100 1995 1204; x_wconf 85' lang='lat' dir='ltr'>Madtitiensi-</span> <span class='ocrx_word' id='word_1_29' title='bbox 2133 1155 2134 1244; x_wconf 25' lang='grc' dir='ltr'>ζ</span> 
     </span>
     <span class='ocr_line' id='line_1_6' title="bbox 539 1245 1996 1392; baseline -0.002 -39"><span class='ocrx_word' id='word_1_30' title='bbox 539 1249 621 1353; x_wconf 88' lang='lat' dir='ltr'>bus</span> <span class='ocrx_word' id='word_1_31' title='bbox 657 1249 810 1350; x_wconf 90' lang='lat' dir='ltr'>invitis</span> <span class='ocrx_word' id='word_1_32' title='bbox 846 1283 887 1351; x_wconf 91' lang='lat' dir='ltr'>et</span> <span class='ocrx_word' id='word_1_33' title='bbox 923 1245 1265 1392; x_wconf 83' lang='lat' dir='ltr'>refragantibus,</span> <span class='ocrx_word' id='word_1_34' title='bbox 1302 1283 1451 1351; x_wconf 86' lang='lat' dir='ltr'>tamen</span> <span class='ocrx_word' id='word_1_35' title='bbox 1487 1245 1707 1350; x_wconf 90' lang='lat' dir='ltr'>tributum</span> <span class='ocrx_word' id='word_1_36' title='bbox 1749 1287 1801 1346; x_wconf 90' lang='lat' dir='ltr'>ex</span> <span class='ocrx_word' id='word_1_37' title='bbox 1842 1250 1996 1350; x_wconf 88' lang='lat' dir='ltr'>Caroli</span> 
     </span>
     <span class='ocr_line' id='line_1_7' title="bbox 542 1389 1994 1534; baseline 0.003 -43"><span class='ocrx_word' id='word_1_38' title='bbox 542 1392 749 1496; x_wconf 89' lang='lat' dir='ltr'>sententia</span> <span class='ocrx_word' id='word_1_39' title='bbox 793 1431 1003 1496; x_wconf 90' lang='lat' dir='ltr'>consensu</span> <span class='ocrx_word' id='word_1_40' title='bbox 1045 1392 1223 1526; x_wconf 86' lang='lat' dir='ltr'>majoris</span> <span class='ocrx_word' id='word_1_41' title='bbox 1266 1393 1395 1533; x_wconf 90' lang='lat' dir='ltr'>partis</span> <span class='ocrx_word' id='word_1_42' title='bbox 1440 1391 1685 1534; x_wconf 87' lang='lat' dir='ltr'>legatorum</span> <span class='ocrx_word' id='word_1_43' title='bbox 1728 1389 1994 1532; x_wconf 90' lang='lat' dir='ltr'>imperatur.</span> 
     </span>
     <span class='ocr_line' id='line_1_8' title="bbox 540 1533 1995 1680; baseline -0.001 -42"><span class='ocrx_word' id='word_1_44' title='bbox 540 1537 714 1639; x_wconf 82' lang='lat' dir='ltr'>Eodem</span> <span class='ocrx_word' id='word_1_45' title='bbox 750 1574 955 1680; x_wconf 87' lang='lat' dir='ltr'>ternpore</span> <span class='ocrx_word' id='word_1_46' title='bbox 987 1537 1169 1640; x_wconf 83' lang='lat' dir='ltr'>Carolus</span> <span class='ocrx_word' id='word_1_47' title='bbox 1212 1534 1420 1640; x_wconf 89' lang='lat' dir='ltr'>Castellae</span> <span class='ocrx_word' id='word_1_48' title='bbox 1460 1533 1763 1675; x_wconf 89' lang='lat' dir='ltr'>procurationi</span> <span class='ocrx_word' id='word_1_49' title='bbox 1805 1536 1995 1637; x_wconf 85' lang='lat' dir='ltr'>Hadria·</span> 
     </span>
     <span class='ocr_line' id='line_1_9' title="bbox 538 1678 2134 1824; baseline 0.001 -45"><span class='ocrx_word' id='word_1_50' title='bbox 538 1717 651 1782; x_wconf 90' lang='lat' dir='ltr'>num</span> <span class='ocrx_word' id='word_1_51' title='bbox 704 1678 943 1824; x_wconf 88' lang='lat' dir='ltr'>praefecit,</span> <span class='ocrx_word' id='word_1_52' title='bbox 994 1682 1174 1783; x_wconf 84' lang='lat' dir='ltr'>natione</span> <span class='ocrx_word' id='word_1_53' title='bbox 1222 1689 1442 1823; x_wconf 88' lang='lat' dir='ltr'>Belgam,</span> <span class='ocrx_word' id='word_1_54' title='bbox 1489 1680 1569 1821; x_wconf 93' lang='lat' dir='ltr'>qui</span> <span class='ocrx_word' id='word_1_55' title='bbox 1611 1715 1713 1784; x_wconf 89' lang='lat' dir='ltr'>tunc</span> <span class='ocrx_word' id='word_1_56' title='bbox 1755 1679 1994 1821; x_wconf 85' lang='lat' dir='ltr'>Episcopus</span> <span class='ocrx_word' id='word_1_57' title='bbox 2133 1817 2134 1824; x_wconf 11' lang='grc' dir='ltr'><strong><em>Ν</em></strong></span> 
     </span>
     <span class='ocr_line' id='line_1_10' title="bbox 538 1823 1993 1966; baseline 0.002 -43"><span class='ocrx_word' id='word_1_58' title='bbox 538 1861 629 1924; x_wconf 89' lang='lat' dir='ltr'>erat</span> <span class='ocrx_word' id='word_1_59' title='bbox 670 1828 937 1928; x_wconf 90' lang='lat' dir='ltr'>Dertosensis</span> <span class='ocrx_word' id='word_1_60' title='bbox 969 1861 1011 1930; x_wconf 91' lang='lat' dir='ltr'>et</span> <span class='ocrx_word' id='word_1_61' title='bbox 1033 1823 1246 1929; x_wconf 84' lang='lat' dir='ltr'>Ecclesiae</span> <span class='ocrx_word' id='word_1_62' title='bbox 1276 1837 1506 1930; x_wconf 87' lang='lat' dir='ltr'>Romanae</span> <span class='ocrx_word' id='word_1_63' title='bbox 1532 1823 1795 1945; x_wconf 82' lang='lat' dir='ltr'>Cardinalis,</span> <span class='ocrx_word' id='word_1_64' title='bbox 1828 1859 1993 1966; x_wconf 89' lang='lat' dir='ltr'>etpost</span> 
     </span>
     <span class='ocr_line' id='line_1_11' title="bbox 538 1963 1796 2112; baseline 0 -46"><span class='ocrx_word' id='word_1_65' title='bbox 538 1963 695 2070; x_wconf 88' lang='lat' dir='ltr'>absens.</span> <span class='ocrx_word' id='word_1_66' title='bbox 727 1970 915 2073; x_wconf 89' lang='lat' dir='ltr'>delectus</span> <span class='ocrx_word' id='word_1_67' title='bbox 952 1966 1177 2112; x_wconf 89' lang='lat' dir='ltr'>factusque</span> <span class='ocrx_word' id='word_1_68' title='bbox 1214 2005 1276 2070; x_wconf 89' lang='lat' dir='ltr'>est</span> <span class='ocrx_word' id='word_1_69' title='bbox 1313 1965 1514 2072; x_wconf 86' lang='lat' dir='ltr'>Pontifex</span> <span class='ocrx_word' id='word_1_70' title='bbox 1550 1969 1796 2070; x_wconf 88' lang='lat' dir='ltr'>Maximus.</span> 
     </span>
     <span class='ocr_line' id='line_1_12' title="bbox 2133 2167 2134 2252; baseline 0 0"><span class='ocrx_word' id='word_1_71' title='bbox 2133 2167 2134 2252; x_wconf 87' lang='lat' dir='ltr'>l</span> 
     </span>
     <span class='ocr_line' id='line_1_13' title="bbox 2133 2367 2134 2424; baseline 0 0"><span class='ocrx_word' id='word_1_72' title='bbox 2133 2367 2134 2424; x_wconf 74' lang='lat' dir='ltr'>r</span> 
     </span>
     <span class='ocr_line' id='line_1_14' title="bbox 2133 2529 2134 2584; baseline 0 0"><span class='ocrx_word' id='word_1_73' title='bbox 2133 2529 2134 2584; x_wconf 74' lang='lat' dir='ltr'>r</span> 
     </span>
    </p>
   </div>
   <div class='ocr_carea' id='block_1_4' title="bbox 228 2110 2134 5106">
    <p class='ocr_par' dir='ltr' id='par_1_4' title="bbox 228 2110 2134 5106">
     <span class='ocr_line' id='line_1_15' title="bbox 624 2110 1995 2216; baseline 0 0"><span class='ocrx_word' id='word_1_74' title='bbox 624 2123 766 2216; x_wconf 90' lang='lat' dir='ltr'><strong>XXII.</strong></span> <span class='ocrx_word' id='word_1_75' title='bbox 843 2115 926 2216; x_wconf 91' lang='lat' dir='ltr'>His</span> <span class='ocrx_word' id='word_1_76' title='bbox 962 2112 1089 2214; x_wconf 90' lang='lat' dir='ltr'>rebus</span> <span class='ocrx_word' id='word_1_77' title='bbox 1126 2110 1368 2215; x_wconf 90' lang='lat' dir='ltr'>constitutis</span> <span class='ocrx_word' id='word_1_78' title='bbox 1401 2113 1583 2216; x_wconf 88' lang='lat' dir='ltr'>Carolus</span> <span class='ocrx_word' id='word_1_79' title='bbox 1620 2155 1671 2213; x_wconf 90' lang='lat' dir='ltr'>ex</span> <span class='ocrx_word' id='word_1_80' title='bbox 1715 2121 1849 2214; x_wconf 91' lang='lat' dir='ltr'>Portu</span> <span class='ocrx_word' id='word_1_81' title='bbox 1890 2121 1995 2216; x_wconf 89' lang='lat' dir='ltr'>Ma-</span> 
     </span>
     <span class='ocr_line' id='line_1_16' title="bbox 537 2252 2134 2400; baseline 0.001 -43"><span class='ocrx_word' id='word_1_82' title='bbox 537 2293 631 2397; x_wconf 85' lang='lat' dir='ltr'>gno</span> <span class='ocrx_word' id='word_1_83' title='bbox 658 2263 713 2360; x_wconf 90' lang='lat' dir='ltr'>ad</span> <span class='ocrx_word' id='word_1_84' title='bbox 734 2257 1020 2360; x_wconf 87' lang='lat' dir='ltr'>undecimum</span> <span class='ocrx_word' id='word_1_85' title='bbox 1045 2258 1260 2359; x_wconf 88' lang='lat' dir='ltr'>Kalendas</span> <span class='ocrx_word' id='word_1_86' title='bbox 1290 2257 1436 2392; x_wconf 89' lang='lat' dir='ltr'>Junii,</span> <span class='ocrx_word' id='word_1_87' title='bbox 1472 2257 1554 2400; x_wconf 93' lang='lat' dir='ltr'>qui</span> <span class='ocrx_word' id='word_1_88' title='bbox 1585 2252 1672 2358; x_wconf 90' lang='lat' dir='ltr'>fuit</span> <span class='ocrx_word' id='word_1_89' title='bbox 1702 2297 1840 2358; x_wconf 89' lang='lat' dir='ltr'>annus</span> <span class='ocrx_word' id='word_1_90' title='bbox 1869 2255 1990 2359; x_wconf 91' lang='lat' dir='ltr'>Chri·</span> <span class='ocrx_word' id='word_1_91' title='bbox 2133 2301 2134 2330; x_wconf 55' lang='lat' dir='ltr'>t</span> 
     </span>
     <span class='ocr_line' id='line_1_17' title="bbox 228 2400 1994 2546; baseline 0 -46"><span class='ocrx_word' id='word_1_92' title='bbox 228 2425 345 2500; x_wconf 16' lang='lat' dir='ltr'>,Asso</span> <span class='ocrx_word' id='word_1_93' title='bbox 361 2451 440 2500; x_wconf 65' lang='lat' dir='ltr'>a.»</span> <span class='ocrx_word' id='word_1_94' title='bbox 456 2455 513 2501; x_wconf 78' lang='lat' dir='ltr'>u.</span> <span class='ocrx_word' id='word_1_95' title='bbox 537 2401 593 2502; x_wconf 90' lang='lat' dir='ltr'>sti</span> <span class='ocrx_word' id='word_1_96' title='bbox 628 2403 720 2506; x_wconf 90' lang='lat' dir='ltr'>nati</span> <span class='ocrx_word' id='word_1_97' title='bbox 750 2402 1002 2504; x_wconf 85' lang='lat' dir='ltr'>millesimus</span> <span class='ocrx_word' id='word_1_98' title='bbox 1039 2401 1412 2546; x_wconf 84' lang='lat' dir='ltr'>quingentesimus</span> <span class='ocrx_word' id='word_1_99' title='bbox 1447 2400 1715 2544; x_wconf 84' lang='lat' dir='ltr'>vigesimus,</span> <span class='ocrx_word' id='word_1_100' title='bbox 1751 2441 1880 2503; x_wconf 86' lang='lat' dir='ltr'>naves</span> <span class='ocrx_word' id='word_1_101' title='bbox 1917 2402 1994 2501; x_wconf 93' lang='lat' dir='ltr'>sol·</span> 
     </span>
     <span class='ocr_line' id='line_1_18' title="bbox 538 2543 2134 2690; baseline -0.003 -41"><span class='ocrx_word' id='word_1_102' title='bbox 538 2546 628 2666; x_wconf 87' lang='lat' dir='ltr'>vit,</span> <span class='ocrx_word' id='word_1_103' title='bbox 665 2584 709 2648; x_wconf 91' lang='lat' dir='ltr'>et</span> <span class='ocrx_word' id='word_1_104' title='bbox 745 2547 791 2647; x_wconf 86' lang='lat' dir='ltr'>in</span> <span class='ocrx_word' id='word_1_105' title='bbox 826 2546 1115 2666; x_wconf 88' lang='lat' dir='ltr'>Britanniam,</span> <span class='ocrx_word' id='word_1_106' title='bbox 1151 2543 1230 2645; x_wconf 91' lang='lat' dir='ltr'>ubi</span> <span class='ocrx_word' id='word_1_107' title='bbox 1264 2544 1508 2646; x_wconf 90' lang='lat' dir='ltr'>Henricum</span> <span class='ocrx_word' id='word_1_108' title='bbox 1543 2557 1717 2690; x_wconf 85' lang='lat' dir='ltr'>Regem</span> <span class='ocrx_word' id='word_1_109' title='bbox 1750 2544 1996 2666; x_wconf 87' lang='lat' dir='ltr'>convenit,</span> <span class='ocrx_word' id='word_1_110' title='bbox 2133 2597 2134 2682; x_wconf 75' lang='lat'>3</span> 
     </span>
     <span class='ocr_line' id='line_1_19' title="bbox 539 2687 1993 2834; baseline 0.002 -46"><span class='ocrx_word' id='word_1_111' title='bbox 539 2688 868 2830; x_wconf 85' lang='lat' dir='ltr'>amicitiamque</span> <span class='ocrx_word' id='word_1_112' title='bbox 902 2729 1004 2790; x_wconf 89' lang='lat' dir='ltr'>cum</span> <span class='ocrx_word' id='word_1_113' title='bbox 1040 2729 1094 2789; x_wconf 88' lang='lat' dir='ltr'>eo</span> <span class='ocrx_word' id='word_1_114' title='bbox 1130 2687 1429 2810; x_wconf 89' lang='lat' dir='ltr'>confirmavit,</span> <span class='ocrx_word' id='word_1_115' title='bbox 1459 2689 1564 2789; x_wconf 90' lang='lat' dir='ltr'>iude</span> <span class='ocrx_word' id='word_1_116' title='bbox 1599 2692 1648 2792; x_wconf 92' lang='lat' dir='ltr'>in</span> <span class='ocrx_word' id='word_1_117' title='bbox 1683 2690 1880 2834; x_wconf 85' lang='lat' dir='ltr'>Belgium</span> <span class='ocrx_word' id='word_1_118' title='bbox 1918 2728 1993 2790; x_wconf 80' lang='lat' dir='ltr'>na-</span> 
     </span>
     <span class='ocr_line' id='line_1_20' title="bbox 540 2831 1993 2976; baseline 0.001 -42"><span class='ocrx_word' id='word_1_119' title='bbox 540 2832 740 2976; x_wconf 85' lang='lat' dir='ltr'>vigavit.</span> <span class='ocrx_word' id='word_1_120' title='bbox 780 2844 878 2933; x_wconf 87' lang='lat' dir='ltr'>Nee</span> <span class='ocrx_word' id='word_1_121' title='bbox 913 2833 1057 2936; x_wconf 89' lang='lat' dir='ltr'>multo</span> <span class='ocrx_word' id='word_1_122' title='bbox 1094 2870 1222 2975; x_wconf 91' lang='lat' dir='ltr'>post,</span> <span class='ocrx_word' id='word_1_123' title='bbox 1259 2831 1386 2934; x_wconf 90' lang='lat' dir='ltr'>rebus</span> <span class='ocrx_word' id='word_1_124' title='bbox 1420 2835 1678 2974; x_wconf 89' lang='lat' dir='ltr'>compositis</span> <span class='ocrx_word' id='word_1_125' title='bbox 1719 2869 1762 2934; x_wconf 90' lang='lat' dir='ltr'>et</span> <span class='ocrx_word' id='word_1_126' title='bbox 1808 2871 1993 2968; x_wconf 89' lang='lat' dir='ltr'>compa-</span> 
     </span>
     <span class='ocr_line' id='line_1_21' title="bbox 538 2977 1992 3122; baseline 0.002 -45"><span class='ocrx_word' id='word_1_127' title='bbox 538 2977 680 3096; x_wconf 91' lang='lat' dir='ltr'>ratis,</span> <span class='ocrx_word' id='word_1_128' title='bbox 734 2978 788 3078; x_wconf 89' lang='lat' dir='ltr'>ad</span> <span class='ocrx_word' id='word_1_129' title='bbox 834 2978 1161 3122; x_wconf 83' lang='lat' dir='ltr'>Aquisgranum</span> <span class='ocrx_word' id='word_1_130' title='bbox 1213 2978 1431 3120; x_wconf 88' lang='lat' dir='ltr'>oppidum</span> <span class='ocrx_word' id='word_1_131' title='bbox 1482 3017 1689 3082; x_wconf 85' lang='lat' dir='ltr'>consueta</span> <span class='ocrx_word' id='word_1_132' title='bbox 1740 3017 1992 3122; x_wconf 88' lang='lat' dir='ltr'>magnaque</span> 
     </span>
     <span class='ocr_line' id='line_1_22' title="bbox 538 3120 1988 3266; baseline 0.005 -48"><span class='ocrx_word' id='word_1_133' title='bbox 538 3120 805 3224; x_wconf 86' lang='lat' dir='ltr'>caerimonia</span> <span class='ocrx_word' id='word_1_134' title='bbox 836 3124 1169 3265; x_wconf 85' lang='lat' dir='ltr'>Imperatoriam</span> <span class='ocrx_word' id='word_1_135' title='bbox 1209 3164 1421 3227; x_wconf 90' lang='lat' dir='ltr'>eoronam</span> <span class='ocrx_word' id='word_1_136' title='bbox 1458 3125 1663 3266; x_wconf 83' lang='lat' dir='ltr'>accepit,</span> <span class='ocrx_word' id='word_1_137' title='bbox 1691 3163 1795 3225; x_wconf 93' lang='lat' dir='ltr'>cum</span> <span class='ocrx_word' id='word_1_138' title='bbox 1823 3165 1876 3223; x_wconf 88' lang='lat' dir='ltr'>ex</span> <span class='ocrx_word' id='word_1_139' title='bbox 1901 3124 1988 3225; x_wconf 82' lang='lat' dir='ltr'>Elo</span> 
     </span>
     <span class='ocr_line' id='line_1_23' title="bbox 537 3262 2134 3408; baseline 0.005 -45"><span class='ocrx_word' id='word_1_140' title='bbox 537 3262 730 3367; x_wconf 89' lang='lat' dir='ltr'>ctotibus</span> <span class='ocrx_word' id='word_1_141' title='bbox 767 3303 959 3408; x_wconf 88' lang='lat' dir='ltr'>quatuor</span> <span class='ocrx_word' id='word_1_142' title='bbox 995 3270 1220 3395; x_wconf 86' lang='lat' dir='ltr'>adessent,</span> <span class='ocrx_word' id='word_1_143' title='bbox 1255 3282 1419 3374; x_wconf 92' lang='lat' dir='ltr'>Comes</span> <span class='ocrx_word' id='word_1_144' title='bbox 1456 3271 1674 3373; x_wconf 87' lang='lat' dir='ltr'>Palatinus</span> <span class='ocrx_word' id='word_1_145' title='bbox 1710 3306 1754 3371; x_wconf 89' lang='lat' dir='ltr'>et</span> <span class='ocrx_word' id='word_1_146' title='bbox 1790 3305 1871 3370; x_wconf 92' lang='lat' dir='ltr'>tres</span> <span class='ocrx_word' id='word_1_147' title='bbox 1906 3275 1988 3370; x_wconf 86' lang='lat' dir='ltr'>Ar-</span> <span class='ocrx_word' id='word_1_148' title='bbox 2133 3323 2134 3348; x_wconf 49' lang='lat' dir='ltr'>r</span> 
     </span>
     <span class='ocr_line' id='line_1_24' title="bbox 536 3405 2134 3558; baseline 0.007 -52"><span class='ocrx_word' id='word_1_149' title='bbox 536 3405 842 3552; x_wconf 82' lang='lat' dir='ltr'>chlepiscopi,</span> <span class='ocrx_word' id='word_1_150' title='bbox 888 3415 1222 3558; x_wconf 86' lang='lat' dir='ltr'>Moguntinus,</span> <span class='ocrx_word' id='word_1_151' title='bbox 1254 3413 1529 3518; x_wconf 91' lang='lat' dir='ltr'>Coloniensis</span> <span class='ocrx_word' id='word_1_152' title='bbox 1577 3449 1621 3515; x_wconf 90' lang='lat' dir='ltr'>et</span> <span class='ocrx_word' id='word_1_153' title='bbox 1682 3414 1988 3524; x_wconf 79' lang='lat' dir='ltr'>Treverensis3</span> <span class='ocrx_word' id='word_1_154' title='bbox 2133 3451 2134 3470; x_wconf 56' lang='lat'>¹</span> 
     </span>
     <span class='ocr_line' id='line_1_25' title="bbox 536 3551 1990 3682; baseline 0.008 -33"><span class='ocrx_word' id='word_1_155' title='bbox 536 3551 668 3652; x_wconf 90' lang='lat' dir='ltr'>ceteri</span> <span class='ocrx_word' id='word_1_156' title='bbox 703 3556 854 3676; x_wconf 90' lang='lat' dir='ltr'>enim,</span> <span class='ocrx_word' id='word_1_157' title='bbox 889 3553 976 3660; x_wconf 86' lang='lat' dir='ltr'>lroc</span> <span class='ocrx_word' id='word_1_158' title='bbox 1012 3595 1098 3680; x_wconf 86' lang='lat' dir='ltr'>est,</span> <span class='ocrx_word' id='word_1_159' title='bbox 1132 3570 1226 3662; x_wconf 85' lang='lat' dir='ltr'>Rex</span> <span class='ocrx_word' id='word_1_160' title='bbox 1260 3557 1498 3663; x_wconf 86' lang='lat' dir='ltr'>Bohemiae</span> <span class='ocrx_word' id='word_1_161' title='bbox 1510 3637 1526 3682; x_wconf 92' lang='lat'><em>‚</em></span> <span class='ocrx_word' id='word_1_162' title='bbox 1562 3571 1668 3662; x_wconf 88' lang='lat' dir='ltr'>Dux</span> <span class='ocrx_word' id='word_1_163' title='bbox 1701 3557 1911 3660; x_wconf 81' lang='lat' dir='ltr'>Saxoniae</span> <span class='ocrx_word' id='word_1_164' title='bbox 1947 3593 1990 3658; x_wconf 89' lang='lat' dir='ltr'>et</span> 
     </span>
     <span class='ocr_line' id='line_1_26' title="bbox 535 3693 2134 3847; baseline 0.003 -49"><span class='ocrx_word' id='word_1_165' title='bbox 535 3693 739 3800; x_wconf 82' lang='lat' dir='ltr'>Marchio</span> <span class='ocrx_word' id='word_1_166' title='bbox 764 3700 1184 3847; x_wconf 88' lang='lat' dir='ltr'>Brandeburgensis‚</span> <span class='ocrx_word' id='word_1_167' title='bbox 1219 3701 1346 3808; x_wconf 87' lang='lat' dir='ltr'>rebus</span> <span class='ocrx_word' id='word_1_168' title='bbox 1381 3705 1626 3810; x_wconf 86' lang='lat' dir='ltr'>necessariis</span> <span class='ocrx_word' id='word_1_169' title='bbox 1657 3703 1864 3845; x_wconf 88' lang='lat' dir='ltr'>impediti</span> <span class='ocrx_word' id='word_1_170' title='bbox 1892 3741 1989 3804; x_wconf 90' lang='lat' dir='ltr'>suos</span> <span class='ocrx_word' id='word_1_171' title='bbox 2133 3719 2134 3802; x_wconf 68' lang='grc' dir='ltr'><strong>ἰ</strong></span> 
     </span>
     <span class='ocr_line' id='line_1_27' title="bbox 538 3845 2134 3982; baseline 0.007 -44"><span class='ocrx_word' id='word_1_172' title='bbox 538 3845 704 3982; x_wconf 88' lang='lat' dir='ltr'>legatos</span> <span class='ocrx_word' id='word_1_173' title='bbox 738 3881 841 3948; x_wconf 89' lang='lat' dir='ltr'>cum</span> <span class='ocrx_word' id='word_1_174' title='bbox 876 3849 1092 3951; x_wconf 89' lang='lat' dir='ltr'>mandatis</span> <span class='ocrx_word' id='word_1_175' title='bbox 1126 3849 1367 3952; x_wconf 85' lang='lat' dir='ltr'>miserunt.</span> <span class='ocrx_word' id='word_1_176' title='bbox 1403 3845 1695 3953; x_wconf 71' lang='lat' dir='ltr'>iuterfuerunt</span> <span class='ocrx_word' id='word_1_177' title='bbox 1731 3847 1866 3949; x_wconf 90' lang='lat' dir='ltr'>etiam</span> <span class='ocrx_word' id='word_1_178' title='bbox 1903 3857 1989 3949; x_wconf 86' lang='lat' dir='ltr'>Ec·</span> <span class='ocrx_word' id='word_1_179' title='bbox 2133 3929 2134 3932; x_wconf 11' lang='grc' dir='ltr'><strong><em>κ</em></strong></span> 
     </span>
     <span class='ocr_line' id='line_1_28' title="bbox 535 3985 1990 4135; baseline 0.01 -56"><span class='ocrx_word' id='word_1_180' title='bbox 535 3985 686 4086; x_wconf 87' lang='lat' dir='ltr'>clesiae</span> <span class='ocrx_word' id='word_1_181' title='bbox 721 3999 949 4095; x_wconf 88' lang='lat' dir='ltr'>Romanae</span> <span class='ocrx_word' id='word_1_182' title='bbox 978 3993 1230 4098; x_wconf 85' lang='lat' dir='ltr'>Cardinales</span> <span class='ocrx_word' id='word_1_183' title='bbox 1252 3995 1538 4116; x_wconf 90' lang='lat' dir='ltr'>Sedunensis,</span> <span class='ocrx_word' id='word_1_184' title='bbox 1573 3991 1913 4135; x_wconf 75' lang='lat' dir='ltr'>salceburgensis</span> <span class='ocrx_word' id='word_1_185' title='bbox 1948 4025 1990 4094; x_wconf 86' lang='lat' dir='ltr'>et</span> 
     </span>
     <span class='ocr_line' id='line_1_29' title="bbox 535 4125 2134 4282; baseline 0.006 -57"><span class='ocrx_word' id='word_1_186' title='bbox 535 4125 901 4274; x_wconf 85' lang='lat' dir='ltr'>Archiepiscopus</span> <span class='ocrx_word' id='word_1_187' title='bbox 931 4143 1202 4260; x_wconf 86' lang='lat' dir='ltr'>Toletanus,</span> <span class='ocrx_word' id='word_1_188' title='bbox 1235 4134 1402 4282; x_wconf 86' lang='lat' dir='ltr'>quibus</span> <span class='ocrx_word' id='word_1_189' title='bbox 1428 4137 1634 4244; x_wconf 90' lang='lat' dir='ltr'>omnibus</span> <span class='ocrx_word' id='word_1_190' title='bbox 1672 4134 1984 4240; x_wconf 90' lang='lat' dir='ltr'>comitantibus</span> <span class='ocrx_word' id='word_1_191' title='bbox 2133 4133 2134 4164; x_wconf 70' lang='lat'>¹</span> 
     </span>
     <span class='ocr_line' id='line_1_30' title="bbox 536 4273 1982 4426; baseline 0.006 -56"><span class='ocrx_word' id='word_1_192' title='bbox 536 4273 719 4374; x_wconf 85' lang='lat' dir='ltr'>Carolus</span> <span class='ocrx_word' id='word_1_193' title='bbox 755 4277 973 4418; x_wconf 84' lang='lat' dir='ltr'>oppidum</span> <span class='ocrx_word' id='word_1_194' title='bbox 1017 4320 1206 4384; x_wconf 89' lang='lat' dir='ltr'>armatus</span> <span class='ocrx_word' id='word_1_195' title='bbox 1242 4282 1516 4426; x_wconf 88' lang='lat' dir='ltr'>ingrediens,</span> <span class='ocrx_word' id='word_1_196' title='bbox 1551 4285 1607 4385; x_wconf 85' lang='lat' dir='ltr'>ad</span> <span class='ocrx_word' id='word_1_197' title='bbox 1643 4319 1820 4426; x_wconf 88' lang='lat' dir='ltr'>portam</span> <span class='ocrx_word' id='word_1_198' title='bbox 1857 4323 1908 4382; x_wconf 91' lang='lat' dir='ltr'>ex</span> <span class='ocrx_word' id='word_1_199' title='bbox 1941 4319 1982 4378; x_wconf 87' lang='lat' dir='ltr'>e-</span> 
     </span>
     <span class='ocr_line' id='line_1_31' title="bbox 537 4419 2134 4570; baseline 0.008 -60"><span class='ocrx_word' id='word_1_200' title='bbox 537 4451 631 4552; x_wconf 88' lang='lat' dir='ltr'>quo</span> <span class='ocrx_word' id='word_1_201' title='bbox 667 4419 910 4544; x_wconf 90' lang='lat' dir='ltr'>descendit,</span> <span class='ocrx_word' id='word_1_202' title='bbox 949 4464 1123 4528; x_wconf 90' lang='lat' dir='ltr'>crucem</span> <span class='ocrx_word' id='word_1_203' title='bbox 1159 4428 1381 4549; x_wconf 89' lang='lat' dir='ltr'>adoravit,</span> <span class='ocrx_word' id='word_1_204' title='bbox 1412 4465 1456 4532; x_wconf 92' lang='lat' dir='ltr'>et</span> <span class='ocrx_word' id='word_1_205' title='bbox 1480 4428 1631 4532; x_wconf 87' lang='lat' dir='ltr'>Caroli</span> <span class='ocrx_word' id='word_1_206' title='bbox 1663 4425 1824 4570; x_wconf 87' lang='lat' dir='ltr'>Magni</span> <span class='ocrx_word' id='word_1_207' title='bbox 1857 4457 1984 4566; x_wconf 85' lang='lat' dir='ltr'>caput</span> <span class='ocrx_word' id='word_1_208' title='bbox 2133 4469 2134 4480; x_wconf 18' lang='grc' dir='ltr'><strong><em>Ν</em></strong></span> 
     </span>
     <span class='ocr_line' id='line_1_32' title="bbox 534 4554 1984 4716; baseline 0.01 -64"><span class='ocrx_word' id='word_1_209' title='bbox 534 4554 802 4661; x_wconf 87' lang='lat' dir='ltr'>exosculatus</span> <span class='ocrx_word' id='word_1_210' title='bbox 843 4601 933 4684; x_wconf 92' lang='lat' dir='ltr'>est,</span> <span class='ocrx_word' id='word_1_211' title='bbox 981 4574 1106 4708; x_wconf 91' lang='lat' dir='ltr'>quod</span> <span class='ocrx_word' id='word_1_212' title='bbox 1142 4608 1272 4708; x_wconf 86' lang='lat' dir='ltr'>caput</span> <span class='ocrx_word' id='word_1_213' title='bbox 1309 4611 1469 4712; x_wconf 88' lang='lat' dir='ltr'>magna</span> <span class='ocrx_word' id='word_1_214' title='bbox 1511 4572 1668 4716; x_wconf 88' lang='lat' dir='ltr'>populi</span> <span class='ocrx_word' id='word_1_215' title='bbox 1702 4569 1984 4672; x_wconf 87' lang='lat' dir='ltr'>veneratione</span> 
     </span>
     <span class='ocr_line' id='line_1_33' title="bbox 535 4699 2134 4857; baseline 0.013 -61"><span class='ocrx_word' id='word_1_216' title='bbox 535 4699 828 4847; x_wconf 88' lang='lat' dir='ltr'>religiosaque</span> <span class='ocrx_word' id='word_1_217' title='bbox 873 4711 1069 4811; x_wconf 87' lang='lat' dir='ltr'>custodia</span> <span class='ocrx_word' id='word_1_218' title='bbox 1115 4709 1284 4818; x_wconf 85' lang='lat' dir='ltr'>ibidem</span> <span class='ocrx_word' id='word_1_219' title='bbox 1327 4752 1599 4828; x_wconf 69' lang='lat' dir='ltr'>asservaturs</span> <span class='ocrx_word' id='word_1_220' title='bbox 1640 4717 1894 4857; x_wconf 85' lang='lat' dir='ltr'>traditoque</span> <span class='ocrx_word' id='word_1_221' title='bbox 1935 4753 1987 4812; x_wconf 84' lang='lat' dir='ltr'>ex</span> <span class='ocrx_word' id='word_1_222' title='bbox 2133 4823 2134 4852; x_wconf 16' lang='grc' dir='ltr'>ἢ</span> 
     </span>
     <span class='ocr_line' id='line_1_34' title="bbox 534 4851 2134 5004; baseline 0.004 -56"><span class='ocrx_word' id='word_1_223' title='bbox 534 4883 661 4948; x_wconf 90' lang='lat' dir='ltr'>more</span> <span class='ocrx_word' id='word_1_224' title='bbox 695 4884 850 4988; x_wconf 89' lang='lat' dir='ltr'>portae</span> <span class='ocrx_word' id='word_1_225' title='bbox 884 4851 1136 4960; x_wconf 89' lang='lat' dir='ltr'>custodibus</span> <span class='ocrx_word' id='word_1_226' title='bbox 1164 4899 1313 5004; x_wconf 89' lang='lat' dir='ltr'>equo,</span> <span class='ocrx_word' id='word_1_227' title='bbox 1349 4859 1545 4966; x_wconf 88' lang='lat' dir='ltr'>alterum.</span> <span class='ocrx_word' id='word_1_228' title='bbox 1559 4861 1816 4962; x_wconf 88' lang='lat' dir='ltr'>conscendit</span> <span class='ocrx_word' id='word_1_229' title='bbox 1851 4854 1988 4959; x_wconf 88' lang='lat' dir='ltr'>etad</span> <span class='ocrx_word' id='word_1_230' title='bbox 2133 4943 2134 4994; x_wconf 32' lang='grc' dir='ltr'>ι</span> 
     </span>
     <span class='ocr_line' id='line_1_35' title="bbox 1798 4999 2134 5106; baseline -0.015 0"><span class='ocrx_word' id='word_1_231' title='bbox 1798 4999 1990 5106; x_wconf 87' lang='lat' dir='ltr'>aedium</span> <span class='ocrx_word' id='word_1_232' title='bbox 2133 4999 2134 5010; x_wconf 12' lang='grc' dir='ltr'><strong>ἶ</strong></span> 
     </span>
    </p>
   </div>
   <div class='ocr_carea' id='block_1_5' title="bbox 0 0 2150 5984">
    <p class='ocr_par' dir='ltr' id='par_1_5' title="bbox 0 0 2150 5984">
     <span class='ocr_line' id='line_1_36' title="bbox 0 0 2150 5984; baseline 0 2"><span class='ocrx_word' id='word_1_233' title='bbox 0 0 2150 5984; x_wconf 95' lang='lat' dir='ltr'> </span> 
     </span>
    </p>
   </div>
  </div>
 </body>
</html>
