<?xml version="1.0" encoding="UTF-8"?>
<!DOCTYPE html PUBLIC "-//W3C//DTD XHTML 1.0 Transitional//EN"
    "http://www.w3.org/TR/xhtml1/DTD/xhtml1-transitional.dtd">
<html xmlns="http://www.w3.org/1999/xhtml" xml:lang="en" lang="en">
 <head>
  <title>
</title>
<meta http-equiv="Content-Type" content="text/html;charset=utf-8" />
  <meta name='ocr-system' content='tesseract 3.04.00' />
  <meta name='ocr-capabilities' content='ocr_page ocr_carea ocr_par ocr_line ocrx_word'/>
</head>
<body>
  <div class='ocr_page' id='page_1' title='image "./joannisgenesiis02sepgoog_0560.png"; bbox 0 0 4294 5972; ppageno 0'>
   <div class='ocr_carea' id='block_1_1' title="bbox 551 419 1536 542">
    <p class='ocr_par' dir='ltr' id='par_1_1' title="bbox 551 419 1536 542">
     <span class='ocr_line' id='line_1_1' title="bbox 551 419 1536 542; baseline 0.013 -30"><span class='ocrx_word' id='word_1_1' title='bbox 551 419 642 542; x_wconf 77' lang='lat'>316</span> <span class='ocrx_word' id='word_1_2' title='bbox 931 439 1018 522; x_wconf 78' lang='lat' dir='ltr'>ou</span> <span class='ocrx_word' id='word_1_3' title='bbox 1064 439 1272 522; x_wconf 78' lang='lat' dir='ltr'>nunus</span> <span class='ocrx_word' id='word_1_4' title='bbox 1314 437 1536 526; x_wconf 79' lang='lat' dir='ltr'>cssrrs</span> 
     </span>
    </p>
   </div>
   <div class='ocr_carea' id='block_1_2' title="bbox 504 597 1982 1180">
    <p class='ocr_par' dir='ltr' id='par_1_2' title="bbox 504 597 1982 1180">
     <span class='ocr_line' id='line_1_2' title="bbox 504 597 1982 745; baseline -0.001 -33"><span class='ocrx_word' id='word_1_5' title='bbox 504 609 598 712; x_wconf 89' lang='lat' dir='ltr'>dies</span> <span class='ocrx_word' id='word_1_6' title='bbox 635 634 942 721; x_wconf 83' lang='lat' dir='ltr'>morarentur,</span> <span class='ocrx_word' id='word_1_7' title='bbox 981 597 1192 740; x_wconf 90' lang='lat' dir='ltr'>pontibus</span> <span class='ocrx_word' id='word_1_8' title='bbox 1235 599 1464 735; x_wconf 86' lang='lat' dir='ltr'>disjectis,</span> <span class='ocrx_word' id='word_1_9' title='bbox 1513 635 1730 745; x_wconf 88' lang='lat' dir='ltr'>quaerat</span> <span class='ocrx_word' id='word_1_10' title='bbox 1768 600 1982 711; x_wconf 83' lang='lat' dir='ltr'>exercitus</span> 
     </span>
     <span class='ocr_line' id='line_1_3' title="bbox 508 741 1978 890; baseline -0.003 -34"><span class='ocrx_word' id='word_1_11' title='bbox 508 752 810 885; x_wconf 87' lang='lat' dir='ltr'>trajiciendus,</span> <span class='ocrx_word' id='word_1_12' title='bbox 834 783 877 849; x_wconf 92' lang='lat' dir='ltr'>et</span> <span class='ocrx_word' id='word_1_13' title='bbox 906 741 1075 847; x_wconf 83' lang='lat' dir='ltr'>afflictis</span> <span class='ocrx_word' id='word_1_14' title='bbox 1101 743 1315 862; x_wconf 89' lang='lat' dir='ltr'>navibus,</span> <span class='ocrx_word' id='word_1_15' title='bbox 1338 743 1501 890; x_wconf 89' lang='lat' dir='ltr'>quibus</span> <span class='ocrx_word' id='word_1_16' title='bbox 1526 787 1690 890; x_wconf 86' lang='lat' dir='ltr'>magna</span> <span class='ocrx_word' id='word_1_17' title='bbox 1724 785 1822 890; x_wconf 89' lang='lat' dir='ltr'>pars</span> <span class='ocrx_word' id='word_1_18' title='bbox 1850 790 1978 854; x_wconf 83' lang='lat' dir='ltr'>com-</span> 
     </span>
     <span class='ocr_line' id='line_1_4' title="bbox 507 890 1971 1034; baseline 0 -32"><span class='ocrx_word' id='word_1_19' title='bbox 507 933 676 1002; x_wconf 79' lang='lat' dir='ltr'>meatus</span> <span class='ocrx_word' id='word_1_20' title='bbox 712 929 754 994; x_wconf 94' lang='lat' dir='ltr'>et</span> <span class='ocrx_word' id='word_1_21' title='bbox 799 925 1015 995; x_wconf 90' lang='lat' dir='ltr'>tormenta</span> <span class='ocrx_word' id='word_1_22' title='bbox 1059 891 1241 993; x_wconf 88' lang='lat' dir='ltr'>adverso</span> <span class='ocrx_word' id='word_1_23' title='bbox 1288 890 1499 995; x_wconf 87' lang='lat' dir='ltr'>Danubio</span> <span class='ocrx_word' id='word_1_24' title='bbox 1545 893 1971 1034; x_wconf 80' lang='lat' dir='ltr'>comportabantur.</span> 
     </span>
     <span class='ocr_line' id='line_1_5' title="bbox 508 1037 1978 1180; baseline 0.001 -35"><span class='ocrx_word' id='word_1_25' title='bbox 508 1054 631 1145; x_wconf 88' lang='lat' dir='ltr'>Haec</span> <span class='ocrx_word' id='word_1_26' title='bbox 669 1039 792 1140; x_wconf 90' lang='lat' dir='ltr'>enim</span> <span class='ocrx_word' id='word_1_27' title='bbox 831 1080 960 1141; x_wconf 91' lang='lat' dir='ltr'>mora</span> <span class='ocrx_word' id='word_1_28' title='bbox 997 1037 1157 1138; x_wconf 90' lang='lat' dir='ltr'>nostris</span> <span class='ocrx_word' id='word_1_29' title='bbox 1202 1037 1393 1180; x_wconf 87' lang='lat' dir='ltr'>spatium</span> <span class='ocrx_word' id='word_1_30' title='bbox 1435 1037 1557 1138; x_wconf 85' lang='lat' dir='ltr'>dedit</span> <span class='ocrx_word' id='word_1_31' title='bbox 1602 1077 1696 1138; x_wconf 93' lang='lat' dir='ltr'>non</span> <span class='ocrx_word' id='word_1_32' title='bbox 1738 1037 1883 1141; x_wconf 86' lang='lat' dir='ltr'>solum</span> <span class='ocrx_word' id='word_1_33' title='bbox 1928 1085 1978 1147; x_wconf 87' lang='lat' dir='ltr'>ex</span> 
     </span>
    </p>
   </div>
   <div class='ocr_carea' id='block_1_3' title="bbox 362 1181 1979 1305">
    <p class='ocr_par' dir='ltr' id='par_1_3' title="bbox 362 1181 1979 1305">
     <span class='ocr_line' id='line_1_6' title="bbox 362 1181 1979 1305; baseline 0.002 -18"><span class='ocrx_word' id='word_1_34' title='bbox 362 1259 364 1268; x_wconf 86' lang='lat'>·</span> <span class='ocrx_word' id='word_1_35' title='bbox 507 1184 774 1305; x_wconf 80' lang='lat' dir='ltr'>Germania,</span> <span class='ocrx_word' id='word_1_36' title='bbox 812 1185 886 1286; x_wconf 89' lang='lat' dir='ltr'>sed</span> <span class='ocrx_word' id='word_1_37' title='bbox 924 1183 1058 1285; x_wconf 91' lang='lat' dir='ltr'>etiam</span> <span class='ocrx_word' id='word_1_38' title='bbox 1098 1223 1151 1283; x_wconf 85' lang='lat' dir='ltr'>ex</span> <span class='ocrx_word' id='word_1_39' title='bbox 1186 1181 1311 1284; x_wconf 85' lang='lat' dir='ltr'>ltalia</span> <span class='ocrx_word' id='word_1_40' title='bbox 1350 1182 1673 1284; x_wconf 87' lang='lat' dir='ltr'>conveniendi.</span> <span class='ocrx_word' id='word_1_41' title='bbox 1723 1191 1849 1284; x_wconf 90' lang='lat' dir='ltr'>Nam</span> <span class='ocrx_word' id='word_1_42' title='bbox 1888 1185 1979 1290; x_wconf 62' lang='lat' dir='ltr'>bel«</span> 
     </span>
    </p>
   </div>
   <div class='ocr_carea' id='block_1_4' title="bbox 504 1327 1980 5045">
    <p class='ocr_par' dir='ltr' id='par_1_4' title="bbox 508 1327 1980 4503">
     <span class='ocr_line' id='line_1_7' title="bbox 508 1327 1979 1472; baseline -0.001 -38"><span class='ocrx_word' id='word_1_43' title='bbox 508 1331 580 1434; x_wconf 88' lang='lat' dir='ltr'>lici</span> <span class='ocrx_word' id='word_1_44' title='bbox 621 1367 852 1472; x_wconf 87' lang='lat' dir='ltr'>apparatus</span> <span class='ocrx_word' id='word_1_45' title='bbox 895 1328 1024 1429; x_wconf 90' lang='lat' dir='ltr'>initio</span> <span class='ocrx_word' id='word_1_46' title='bbox 1064 1327 1247 1428; x_wconf 81' lang='lat' dir='ltr'>Carolus</span> <span class='ocrx_word' id='word_1_47' title='bbox 1283 1327 1600 1471; x_wconf 83' lang='lat' dir='ltr'>conquisitores</span> <span class='ocrx_word' id='word_1_48' title='bbox 1643 1367 1749 1431; x_wconf 92' lang='lat' dir='ltr'>cum</span> <span class='ocrx_word' id='word_1_49' title='bbox 1790 1332 1979 1472; x_wconf 84' lang='lat' dir='ltr'>pecunia</span> 
     </span>
     <span class='ocr_line' id='line_1_8' title="bbox 508 1457 1977 1618; baseline 0.002 -42"><span class='ocrx_word' id='word_1_50' title='bbox 508 1477 683 1577; x_wconf 79' lang='lat' dir='ltr'>miserat</span> <span class='ocrx_word' id='word_1_51' title='bbox 719 1475 775 1575; x_wconf 91' lang='lat' dir='ltr'>ad</span> <span class='ocrx_word' id='word_1_52' title='bbox 820 1475 1009 1575; x_wconf 89' lang='lat' dir='ltr'>militem</span> <span class='ocrx_word' id='word_1_53' title='bbox 1049 1513 1102 1574; x_wconf 84' lang='lat' dir='ltr'>ert</span> <span class='ocrx_word' id='word_1_54' title='bbox 1147 1457 1267 1574; x_wconf 90' lang='lat' dir='ltr'>Italia</span> <span class='ocrx_word' id='word_1_55' title='bbox 1314 1472 1696 1592; x_wconf 93' lang='lat' dir='ltr'>conducendum,</span> <span class='ocrx_word' id='word_1_56' title='bbox 1750 1512 1801 1573; x_wconf 88' lang='lat' dir='ltr'>ac</span> <span class='ocrx_word' id='word_1_57' title='bbox 1842 1478 1977 1618; x_wconf 88' lang='lat' dir='ltr'>paulo</span> 
     </span>
     <span class='ocr_line' id='line_1_9' title="bbox 508 1615 1978 1763; baseline 0 -43"><span class='ocrx_word' id='word_1_58' title='bbox 508 1657 608 1763; x_wconf 89' lang='lat' dir='ltr'>post</span> <span class='ocrx_word' id='word_1_59' title='bbox 644 1620 700 1720; x_wconf 91' lang='lat' dir='ltr'>ad</span> <span class='ocrx_word' id='word_1_60' title='bbox 738 1616 974 1722; x_wconf 83' lang='lat' dir='ltr'>Alfonsum</span> <span class='ocrx_word' id='word_1_61' title='bbox 1010 1619 1199 1721; x_wconf 88' lang='lat' dir='ltr'>Avalum</span> <span class='ocrx_word' id='word_1_62' title='bbox 1237 1617 1360 1720; x_wconf 83' lang='lat' dir='ltr'>Vasti</span> <span class='ocrx_word' id='word_1_63' title='bbox 1396 1615 1742 1739; x_wconf 89' lang='lat' dir='ltr'>Marchionem,</span> <span class='ocrx_word' id='word_1_64' title='bbox 1779 1621 1862 1762; x_wconf 89' lang='lat' dir='ltr'>qui</span> <span class='ocrx_word' id='word_1_65' title='bbox 1897 1661 1978 1722; x_wconf 91' lang='lat' dir='ltr'>co-</span> 
     </span>
     <span class='ocr_line' id='line_1_10' title="bbox 508 1761 1978 1908; baseline 0.001 -42"><span class='ocrx_word' id='word_1_66' title='bbox 508 1768 592 1906; x_wconf 89' lang='lat' dir='ltr'>piis</span> <span class='ocrx_word' id='word_1_67' title='bbox 630 1804 822 1907; x_wconf 86' lang='lat' dir='ltr'>praeerat</span> <span class='ocrx_word' id='word_1_68' title='bbox 856 1767 1186 1906; x_wconf 77' lang='lat' dir='ltr'>Hispanorum,</span> <span class='ocrx_word' id='word_1_69' title='bbox 1225 1761 1482 1905; x_wconf 82' lang='lat' dir='ltr'>scripserat,</span> <span class='ocrx_word' id='word_1_70' title='bbox 1510 1797 1559 1864; x_wconf 93' lang='lat' dir='ltr'>ut</span> <span class='ocrx_word' id='word_1_71' title='bbox 1596 1803 1665 1862; x_wconf 85' lang='lat' dir='ltr'>eas</span> <span class='ocrx_word' id='word_1_72' title='bbox 1686 1761 1834 1905; x_wconf 90' lang='lat' dir='ltr'>primo</span> <span class='ocrx_word' id='word_1_73' title='bbox 1862 1805 1978 1908; x_wconf 85' lang='lat' dir='ltr'>quo-</span> 
     </span>
     <span class='ocr_line' id='line_1_11' title="bbox 509 1877 1975 2050; baseline 0 -41"><span class='ocrx_word' id='word_1_74' title='bbox 509 1951 596 2049; x_wconf 88' lang='lat' dir='ltr'>que</span> <span class='ocrx_word' id='word_1_75' title='bbox 631 1948 831 2049; x_wconf 89' lang='lat' dir='ltr'>tempore</span> <span class='ocrx_word' id='word_1_76' title='bbox 872 1949 924 2009; x_wconf 90' lang='lat' dir='ltr'>ex</span> <span class='ocrx_word' id='word_1_77' title='bbox 961 1907 1099 2010; x_wconf 83' lang='lat' dir='ltr'>Gallia</span> <span class='ocrx_word' id='word_1_78' title='bbox 1138 1907 1362 2048; x_wconf 88' lang='lat' dir='ltr'>Cisalpina</span> <span class='ocrx_word' id='word_1_79' title='bbox 1402 1907 1449 2007; x_wconf 89' lang='lat' dir='ltr'>in</span> <span class='ocrx_word' id='word_1_80' title='bbox 1485 1908 1751 2050; x_wconf 88' lang='lat' dir='ltr'>superiorem</span> <span class='ocrx_word' id='word_1_81' title='bbox 1794 1877 1975 2009; x_wconf 57' lang='lat' dir='ltr'>lffimo-</span> 
     </span>
     <span class='ocr_line' id='line_1_12' title="bbox 508 2047 1977 2194; baseline 0.001 -42"><span class='ocrx_word' id='word_1_82' title='bbox 508 2053 631 2152; x_wconf 89' lang='lat' dir='ltr'>niam</span> <span class='ocrx_word' id='word_1_83' title='bbox 670 2054 948 2194; x_wconf 88' lang='lat' dir='ltr'>perduceret.</span> <span class='ocrx_word' id='word_1_84' title='bbox 987 2063 1213 2173; x_wconf 89' lang='lat' dir='ltr'>Quaeres</span> <span class='ocrx_word' id='word_1_85' title='bbox 1248 2051 1414 2152; x_wconf 90' lang='lat' dir='ltr'>idcirco</span> <span class='ocrx_word' id='word_1_86' title='bbox 1445 2093 1539 2153; x_wconf 90' lang='lat' dir='ltr'>non</span> <span class='ocrx_word' id='word_1_87' title='bbox 1574 2047 1743 2153; x_wconf 88' lang='lat' dir='ltr'>fuerant</span> <span class='ocrx_word' id='word_1_88' title='bbox 1781 2052 1829 2152; x_wconf 89' lang='lat' dir='ltr'>in</span> <span class='ocrx_word' id='word_1_89' title='bbox 1864 2089 1977 2155; x_wconf 88' lang='lat' dir='ltr'>tem·</span> 
     </span>
     <span class='ocr_line' id='line_1_13' title="bbox 509 2195 1979 2336; baseline 0.001 -38"><span class='ocrx_word' id='word_1_90' title='bbox 509 2234 617 2336; x_wconf 89' lang='lat' dir='ltr'>pore</span> <span class='ocrx_word' id='word_1_91' title='bbox 650 2197 1003 2314; x_wconf 88' lang='lat' dir='ltr'>administratae,</span> <span class='ocrx_word' id='word_1_92' title='bbox 1025 2234 1105 2296; x_wconf 92' lang='lat' dir='ltr'>nec</span> <span class='ocrx_word' id='word_1_93' title='bbox 1140 2196 1349 2297; x_wconf 86' lang='lat' dir='ltr'>exercitus</span> <span class='ocrx_word' id='word_1_94' title='bbox 1369 2196 1417 2296; x_wconf 90' lang='lat' dir='ltr'>in</span> <span class='ocrx_word' id='word_1_95' title='bbox 1436 2195 1568 2298; x_wconf 87' lang='lat' dir='ltr'>hostis</span> <span class='ocrx_word' id='word_1_96' title='bbox 1588 2197 1834 2299; x_wconf 88' lang='lat' dir='ltr'>adventum</span> <span class='ocrx_word' id='word_1_97' title='bbox 1854 2237 1979 2299; x_wconf 86' lang='lat' dir='ltr'>com·</span> 
     </span>
     <span class='ocr_line' id='line_1_14' title="bbox 509 2338 1977 2484; baseline 0.003 -45"><span class='ocrx_word' id='word_1_98' title='bbox 509 2378 711 2482; x_wconf 87' lang='lat' dir='ltr'>paratus,</span> <span class='ocrx_word' id='word_1_99' title='bbox 751 2343 947 2484; x_wconf 91' lang='lat' dir='ltr'>primum</span> <span class='ocrx_word' id='word_1_100' title='bbox 995 2341 1100 2482; x_wconf 90' lang='lat' dir='ltr'>quia</span> <span class='ocrx_word' id='word_1_101' title='bbox 1135 2338 1323 2442; x_wconf 90' lang='lat' dir='ltr'>dubium</span> <span class='ocrx_word' id='word_1_102' title='bbox 1360 2376 1485 2475; x_wconf 85' lang='lat' dir='ltr'>erat,</span> <span class='ocrx_word' id='word_1_103' title='bbox 1521 2340 1781 2484; x_wconf 86' lang='lat' dir='ltr'>priusquam</span> <span class='ocrx_word' id='word_1_104' title='bbox 1816 2381 1977 2444; x_wconf 85' lang='lat' dir='ltr'>move-</span> 
     </span>
     <span class='ocr_line' id='line_1_15' title="bbox 509 2485 1975 2627; baseline 0.003 -43"><span class='ocrx_word' id='word_1_105' title='bbox 509 2522 572 2587; x_wconf 89' lang='lat' dir='ltr'>ret</span> <span class='ocrx_word' id='word_1_106' title='bbox 609 2487 902 2621; x_wconf 90' lang='lat' dir='ltr'>Solymanus,</span> <span class='ocrx_word' id='word_1_107' title='bbox 940 2525 1033 2624; x_wconf 92' lang='lat' dir='ltr'>quo</span> <span class='ocrx_word' id='word_1_108' title='bbox 1062 2519 1205 2586; x_wconf 89' lang='lat' dir='ltr'>tantae</span> <span class='ocrx_word' id='word_1_109' title='bbox 1241 2485 1395 2626; x_wconf 88' lang='lat' dir='ltr'>copiae</span> <span class='ocrx_word' id='word_1_110' title='bbox 1433 2522 1722 2627; x_wconf 88' lang='lat' dir='ltr'>pararentur,</span> <span class='ocrx_word' id='word_1_111' title='bbox 1758 2487 1806 2587; x_wconf 89' lang='lat' dir='ltr'>in</span> <span class='ocrx_word' id='word_1_112' title='bbox 1841 2485 1975 2589; x_wconf 87' lang='lat' dir='ltr'>Chri-</span> 
     </span>
     <span class='ocr_line' id='line_1_16' title="bbox 510 2627 1970 2772; baseline 0.005 -45"><span class='ocrx_word' id='word_1_113' title='bbox 510 2627 703 2747; x_wconf 87' lang='lat' dir='ltr'>stianos,</span> <span class='ocrx_word' id='word_1_114' title='bbox 739 2667 796 2728; x_wconf 91' lang='lat' dir='ltr'>an</span> <span class='ocrx_word' id='word_1_115' title='bbox 839 2628 888 2725; x_wconf 88' lang='lat' dir='ltr'>in</span> <span class='ocrx_word' id='word_1_116' title='bbox 929 2636 1107 2748; x_wconf 88' lang='lat' dir='ltr'>Persas,</span> <span class='ocrx_word' id='word_1_117' title='bbox 1144 2667 1248 2729; x_wconf 90' lang='lat' dir='ltr'>cum</span> <span class='ocrx_word' id='word_1_118' title='bbox 1297 2627 1459 2772; x_wconf 89' lang='lat' dir='ltr'>quibus</span> <span class='ocrx_word' id='word_1_119' title='bbox 1487 2637 1661 2733; x_wconf 88' lang='lat' dir='ltr'>Turcac</span> <span class='ocrx_word' id='word_1_120' title='bbox 1698 2629 1970 2734; x_wconf 84' lang='lat' dir='ltr'>continenter</span> 
     </span>
     <span class='ocr_line' id='line_1_17' title="bbox 510 2769 1974 2916; baseline 0.005 -46"><span class='ocrx_word' id='word_1_121' title='bbox 510 2811 647 2912; x_wconf 88' lang='lat' dir='ltr'>paene</span> <span class='ocrx_word' id='word_1_122' title='bbox 677 2769 842 2870; x_wconf 92' lang='lat' dir='ltr'>bellum</span> <span class='ocrx_word' id='word_1_123' title='bbox 876 2770 1119 2914; x_wconf 80' lang='lat' dir='ltr'>gerebant3</span> <span class='ocrx_word' id='word_1_124' title='bbox 1157 2773 1318 2876; x_wconf 91' lang='lat' dir='ltr'>deinde</span> <span class='ocrx_word' id='word_1_125' title='bbox 1344 2775 1450 2916; x_wconf 90' lang='lat' dir='ltr'>quia</span> <span class='ocrx_word' id='word_1_126' title='bbox 1484 2775 1520 2877; x_wconf 90' lang='lat' dir='ltr'>si</span> <span class='ocrx_word' id='word_1_127' title='bbox 1546 2775 1615 2876; x_wconf 88' lang='lat' dir='ltr'>vel</span> <span class='ocrx_word' id='word_1_128' title='bbox 1651 2775 1840 2878; x_wconf 85' lang='lat' dir='ltr'>maxime</span> <span class='ocrx_word' id='word_1_129' title='bbox 1870 2815 1974 2877; x_wconf 86' lang='lat' dir='ltr'>con·-</span> 
     </span>
     <span class='ocr_line' id='line_1_18' title="bbox 510 2914 1975 3057; baseline 0.006 -42"><span class='ocrx_word' id='word_1_130' title='bbox 510 2949 637 3015; x_wconf 91' lang='lat' dir='ltr'>staret</span> <span class='ocrx_word' id='word_1_131' title='bbox 667 2914 759 3016; x_wconf 90' lang='lat' dir='ltr'>illas</span> <span class='ocrx_word' id='word_1_132' title='bbox 778 2915 826 3015; x_wconf 89' lang='lat' dir='ltr'>in</span> <span class='ocrx_word' id='word_1_133' title='bbox 865 2915 1137 3018; x_wconf 87' lang='lat' dir='ltr'>Christianos</span> <span class='ocrx_word' id='word_1_134' title='bbox 1169 2920 1337 3057; x_wconf 90' lang='lat' dir='ltr'>parari,</span> <span class='ocrx_word' id='word_1_135' title='bbox 1364 2914 1679 3026; x_wconf 83' lang='lat' dir='ltr'>difficillimum</span> <span class='ocrx_word' id='word_1_136' title='bbox 1704 2955 1855 3024; x_wconf 89' lang='lat' dir='ltr'>tamen</span> <span class='ocrx_word' id='word_1_137' title='bbox 1886 2959 1975 3024; x_wconf 89' lang='lat' dir='ltr'>erat</span> 
     </span>
     <span class='ocr_line' id='line_1_19' title="bbox 508 3062 1965 3204; baseline 0.005 -45"><span class='ocrx_word' id='word_1_138' title='bbox 508 3071 778 3180; x_wconf 89' lang='lat' dir='ltr'>Germanos,</span> <span class='ocrx_word' id='word_1_139' title='bbox 819 3098 1061 3204; x_wconf 87' lang='lat' dir='ltr'>antequam</span> <span class='ocrx_word' id='word_1_140' title='bbox 1097 3062 1199 3203; x_wconf 87' lang='lat' dir='ltr'>ipsis</span> <span class='ocrx_word' id='word_1_141' title='bbox 1235 3064 1478 3203; x_wconf 90' lang='lat' dir='ltr'>periculum</span> <span class='ocrx_word' id='word_1_142' title='bbox 1514 3065 1722 3185; x_wconf 90' lang='lat' dir='ltr'>instaret,</span> <span class='ocrx_word' id='word_1_143' title='bbox 1742 3066 1965 3188; x_wconf 81' lang='lat' dir='ltr'>adducere,</span> 
     </span>
     <span class='ocr_line' id='line_1_20' title="bbox 509 3206 1970 3347; baseline 0.005 -43"><span class='ocrx_word' id='word_1_144' title='bbox 509 3239 559 3304; x_wconf 93' lang='lat' dir='ltr'>ut</span> <span class='ocrx_word' id='word_1_145' title='bbox 596 3239 768 3308; x_wconf 88' lang='lat' dir='ltr'>tantum</span> <span class='ocrx_word' id='word_1_146' title='bbox 803 3208 1072 3326; x_wconf 86' lang='lat' dir='ltr'>exercitum,</span> <span class='ocrx_word' id='word_1_147' title='bbox 1107 3243 1326 3347; x_wconf 89' lang='lat' dir='ltr'>quantum</span> <span class='ocrx_word' id='word_1_148' title='bbox 1363 3211 1420 3309; x_wconf 90' lang='lat' dir='ltr'>ad</span> <span class='ocrx_word' id='word_1_149' title='bbox 1456 3206 1760 3313; x_wconf 90' lang='lat' dir='ltr'>obsistendum</span> <span class='ocrx_word' id='word_1_150' title='bbox 1787 3211 1970 3312; x_wconf 81' lang='lat' dir='ltr'>immen-</span> 
     </span>
     <span class='ocr_line' id='line_1_21' title="bbox 510 3346 1976 3489; baseline 0.008 -44"><span class='ocrx_word' id='word_1_151' title='bbox 510 3346 565 3446; x_wconf 88' lang='lat' dir='ltr'>sis</span> <span class='ocrx_word' id='word_1_152' title='bbox 600 3349 741 3489; x_wconf 86' lang='lat' dir='ltr'>copiis</span> <span class='ocrx_word' id='word_1_153' title='bbox 769 3350 1122 3470; x_wconf 89' lang='lat' dir='ltr'>desiderabatur,</span> <span class='ocrx_word' id='word_1_154' title='bbox 1147 3351 1312 3453; x_wconf 90' lang='lat' dir='ltr'>diutius</span> <span class='ocrx_word' id='word_1_155' title='bbox 1348 3352 1547 3458; x_wconf 87' lang='lat' dir='ltr'>alerent.</span> <span class='ocrx_word' id='word_1_156' title='bbox 1586 3368 1651 3458; x_wconf 88' lang='lat' dir='ltr'>Ita</span> <span class='ocrx_word' id='word_1_157' title='bbox 1683 3393 1789 3457; x_wconf 90' lang='lat' dir='ltr'>cum</span> <span class='ocrx_word' id='word_1_158' title='bbox 1823 3354 1976 3456; x_wconf 92' lang='lat' dir='ltr'>omnia</span> 
     </span>
     <span class='ocr_line' id='line_1_22' title="bbox 510 3489 1978 3640; baseline 0.01 -48"><span class='ocrx_word' id='word_1_159' title='bbox 510 3527 611 3632; x_wconf 90' lang='lat' dir='ltr'>post</span> <span class='ocrx_word' id='word_1_160' title='bbox 647 3494 873 3630; x_wconf 90' lang='lat' dir='ltr'>Solymani</span> <span class='ocrx_word' id='word_1_161' title='bbox 909 3489 1254 3635; x_wconf 88' lang='lat' dir='ltr'>profectionem,</span> <span class='ocrx_word' id='word_1_162' title='bbox 1292 3500 1539 3640; x_wconf 88' lang='lat' dir='ltr'>comparari</span> <span class='ocrx_word' id='word_1_163' title='bbox 1574 3535 1732 3639; x_wconf 88' lang='lat' dir='ltr'>coepta</span> <span class='ocrx_word' id='word_1_164' title='bbox 1768 3496 1978 3608; x_wconf 68' lang='lat' dir='ltr'>fuissenta</span> 
     </span>
     <span class='ocr_line' id='line_1_23' title="bbox 508 3635 1978 3788; baseline 0.007 -54"><span class='ocrx_word' id='word_1_165' title='bbox 508 3646 598 3770; x_wconf 88' lang='lat' dir='ltr'>jam</span> <span class='ocrx_word' id='word_1_166' title='bbox 636 3635 771 3736; x_wconf 87' lang='lat' dir='ltr'>hostis</span> <span class='ocrx_word' id='word_1_167' title='bbox 809 3640 1082 3739; x_wconf 90' lang='lat' dir='ltr'>Pannoniam</span> <span class='ocrx_word' id='word_1_168' title='bbox 1114 3635 1366 3743; x_wconf 86' lang='lat' dir='ltr'>inferiorem</span> <span class='ocrx_word' id='word_1_169' title='bbox 1403 3644 1617 3786; x_wconf 87' lang='lat' dir='ltr'>ingressus</span> <span class='ocrx_word' id='word_1_170' title='bbox 1645 3643 1806 3746; x_wconf 88' lang='lat' dir='ltr'>finibus</span> <span class='ocrx_word' id='word_1_171' title='bbox 1842 3685 1978 3788; x_wconf 90' lang='lat' dir='ltr'>supe-</span> 
     </span>
     <span class='ocr_line' id='line_1_24' title="bbox 509 3780 1978 3925; baseline 0.01 -47"><span class='ocrx_word' id='word_1_172' title='bbox 509 3780 637 3881; x_wconf 88' lang='lat' dir='ltr'>rioris</span> <span class='ocrx_word' id='word_1_173' title='bbox 684 3783 1112 3925; x_wconf 89' lang='lat' dir='ltr'>appropinquabat,</span> <span class='ocrx_word' id='word_1_174' title='bbox 1164 3823 1246 3884; x_wconf 92' lang='lat' dir='ltr'>nec</span> <span class='ocrx_word' id='word_1_175' title='bbox 1286 3788 1395 3888; x_wconf 93' lang='lat' dir='ltr'>dum</span> <span class='ocrx_word' id='word_1_176' title='bbox 1442 3824 1594 3891; x_wconf 92' lang='lat' dir='ltr'>tamen</span> <span class='ocrx_word' id='word_1_177' title='bbox 1645 3801 1978 3892; x_wconf 85' lang='lat' dir='ltr'>Germanorum</span> 
     </span>
     <span class='ocr_line' id='line_1_25' title="bbox 509 3925 1980 4076; baseline 0.009 -54"><span class='ocrx_word' id='word_1_178' title='bbox 509 3925 664 4066; x_wconf 86' lang='lat' dir='ltr'>copiae</span> <span class='ocrx_word' id='word_1_179' title='bbox 708 3964 1037 4048; x_wconf 89' lang='lat' dir='ltr'>convenerant,</span> <span class='ocrx_word' id='word_1_180' title='bbox 1084 3966 1255 4070; x_wconf 89' lang='lat' dir='ltr'>praeter</span> <span class='ocrx_word' id='word_1_181' title='bbox 1301 3932 1548 4034; x_wconf 89' lang='lat' dir='ltr'>admodum</span> <span class='ocrx_word' id='word_1_182' title='bbox 1596 3972 1804 4075; x_wconf 88' lang='lat' dir='ltr'>paucos,</span> <span class='ocrx_word' id='word_1_183' title='bbox 1859 3973 1980 4076; x_wconf 87' lang='lat' dir='ltr'>quos</span> 
     </span>
     <span class='ocr_line' id='line_1_26' title="bbox 508 4071 1979 4216; baseline 0.007 -46"><span class='ocrx_word' id='word_1_184' title='bbox 508 4081 663 4170; x_wconf 84' lang='lat' dir='ltr'>Caesar</span> <span class='ocrx_word' id='word_1_185' title='bbox 698 4071 846 4173; x_wconf 86' lang='lat' dir='ltr'>statim</span> <span class='ocrx_word' id='word_1_186' title='bbox 886 4072 1110 4174; x_wconf 91' lang='lat' dir='ltr'>Viennam</span> <span class='ocrx_word' id='word_1_187' title='bbox 1148 4112 1381 4216; x_wconf 86' lang='lat' dir='ltr'>properare</span> <span class='ocrx_word' id='word_1_188' title='bbox 1414 4078 1563 4212; x_wconf 89' lang='lat' dir='ltr'>jussit,</span> <span class='ocrx_word' id='word_1_189' title='bbox 1599 4112 1650 4178; x_wconf 92' lang='lat' dir='ltr'>ut</span> <span class='ocrx_word' id='word_1_190' title='bbox 1674 4078 1828 4181; x_wconf 86' lang='lat' dir='ltr'>urbem</span> <span class='ocrx_word' id='word_1_191' title='bbox 1854 4078 1979 4180; x_wconf 89' lang='lat' dir='ltr'>illam</span> 
     </span>
     <span class='ocr_line' id='line_1_27' title="bbox 508 4210 1977 4366; baseline 0.011 -56"><span class='ocrx_word' id='word_1_192' title='bbox 508 4210 677 4316; x_wconf 88' lang='lat' dir='ltr'>refectis</span> <span class='ocrx_word' id='word_1_193' title='bbox 727 4215 1053 4318; x_wconf 90' lang='lat' dir='ltr'>munitionibus</span> <span class='ocrx_word' id='word_1_194' title='bbox 1098 4253 1358 4341; x_wconf 85' lang='lat' dir='ltr'>tuerenntr,</span> <span class='ocrx_word' id='word_1_195' title='bbox 1408 4220 1457 4322; x_wconf 90' lang='lat' dir='ltr'>in</span> <span class='ocrx_word' id='word_1_196' title='bbox 1507 4261 1642 4366; x_wconf 89' lang='lat' dir='ltr'>quam</span> <span class='ocrx_word' id='word_1_197' title='bbox 1688 4221 1977 4366; x_wconf 88' lang='lat' dir='ltr'>potissimum</span> 
     </span>
     <span class='ocr_line' id='line_1_28' title="bbox 508 4351 1571 4503; baseline 0.016 -51"><span class='ocrx_word' id='word_1_198' title='bbox 508 4351 653 4457; x_wconf 88' lang='lat' dir='ltr'>hostes</span> <span class='ocrx_word' id='word_1_199' title='bbox 689 4359 910 4503; x_wconf 90' lang='lat' dir='ltr'>impetum</span> <span class='ocrx_word' id='word_1_200' title='bbox 946 4359 1102 4464; x_wconf 89' lang='lat' dir='ltr'>facturi</span> <span class='ocrx_word' id='word_1_201' title='bbox 1134 4405 1220 4467; x_wconf 91' lang='lat' dir='ltr'>esse</span> <span class='ocrx_word' id='word_1_202' title='bbox 1257 4363 1571 4470; x_wconf 86' lang='lat' dir='ltr'>credebantur.</span> 
     </span>
    </p>

    <p class='ocr_par' dir='ltr' id='par_1_5' title="bbox 504 4505 1977 4942">
     <span class='ocr_line' id='line_1_29' title="bbox 577 4505 1972 4646; baseline 0.006 -46"><span class='ocrx_word' id='word_1_203' title='bbox 577 4510 672 4601; x_wconf 90' lang='lat' dir='ltr'>XII.</span> <span class='ocrx_word' id='word_1_204' title='bbox 744 4517 897 4646; x_wconf 90' lang='lat' dir='ltr'>ltaque</span> <span class='ocrx_word' id='word_1_205' title='bbox 939 4508 1053 4610; x_wconf 90' lang='lat' dir='ltr'>inter</span> <span class='ocrx_word' id='word_1_206' title='bbox 1092 4505 1168 4610; x_wconf 89' lang='lat' dir='ltr'>has</span> <span class='ocrx_word' id='word_1_207' title='bbox 1213 4509 1411 4612; x_wconf 89' lang='lat' dir='ltr'>hostium</span> <span class='ocrx_word' id='word_1_208' title='bbox 1454 4551 1598 4614; x_wconf 89' lang='lat' dir='ltr'>moras</span> <span class='ocrx_word' id='word_1_209' title='bbox 1640 4507 1865 4615; x_wconf 87' lang='lat' dir='ltr'>confectus</span> <span class='ocrx_word' id='word_1_210' title='bbox 1907 4545 1972 4610; x_wconf 88' lang='lat' dir='ltr'>est</span> 
     </span>
     <span class='ocr_line' id='line_1_30' title="bbox 507 4645 1975 4774; baseline 0.008 -32"><span class='ocrx_word' id='word_1_211' title='bbox 507 4645 717 4748; x_wconf 84' lang='lat' dir='ltr'>exercitus</span> <span class='ocrx_word' id='word_1_212' title='bbox 755 4684 1026 4751; x_wconf 90' lang='lat' dir='ltr'>armatorum</span> <span class='ocrx_word' id='word_1_213' title='bbox 1060 4651 1232 4754; x_wconf 87' lang='lat' dir='ltr'>circiter</span> <span class='ocrx_word' id='word_1_214' title='bbox 1263 4691 1443 4758; x_wconf 89' lang='lat' dir='ltr'>centum</span> <span class='ocrx_word' id='word_1_215' title='bbox 1474 4658 1667 4774; x_wconf 89' lang='lat' dir='ltr'>millium</span> <span class='ocrx_word' id='word_1_216' title='bbox 1702 4699 1754 4759; x_wconf 86' lang='lat' dir='ltr'>ex</span> <span class='ocrx_word' id='word_1_217' title='bbox 1791 4668 1975 4758; x_wconf 87' lang='lat' dir='ltr'>Germa-</span> 
     </span>
     <span class='ocr_line' id='line_1_31' title="bbox 504 4788 1977 4942; baseline 0.007 -52"><span class='ocrx_word' id='word_1_218' title='bbox 504 4788 614 4920; x_wconf 85' lang='lat' dir='ltr'>nia,</span> <span class='ocrx_word' id='word_1_219' title='bbox 652 4789 941 4939; x_wconf 84' lang='lat' dir='ltr'>finitimisque</span> <span class='ocrx_word' id='word_1_220' title='bbox 983 4797 1158 4942; x_wconf 86' lang='lat' dir='ltr'>populis</span> <span class='ocrx_word' id='word_1_221' title='bbox 1194 4799 1347 4906; x_wconf 83' lang='lat' dir='ltr'>Caroli</span> <span class='ocrx_word' id='word_1_222' title='bbox 1380 4839 1423 4905; x_wconf 90' lang='lat' dir='ltr'>et</span> <span class='ocrx_word' id='word_1_223' title='bbox 1459 4803 1675 4910; x_wconf 77' lang='lat' dir='ltr'>Pernandi</span> <span class='ocrx_word' id='word_1_224' title='bbox 1711 4797 1977 4920; x_wconf 86' lang='lat' dir='ltr'>clientibus,</span> 
     </span>
    </p>

    <p class='ocr_par' dir='ltr' id='par_1_6' title="bbox 1895 4979 1974 5045">
     <span class='ocr_line' id='line_1_32' title="bbox 1895 4979 1974 5045; baseline -0.025 0"><span class='ocrx_word' id='word_1_225' title='bbox 1895 4979 1974 5045; x_wconf 89' lang='lat' dir='ltr'>aut</span> 
     </span>
    </p>
   </div>
   <div class='ocr_carea' id='block_1_5' title="bbox 0 0 2153 5972">
    <p class='ocr_par' dir='ltr' id='par_1_7' title="bbox 0 0 2153 5972">
     <span class='ocr_line' id='line_1_33' title="bbox 0 0 2153 5972; baseline 0 0"><span class='ocrx_word' id='word_1_226' title='bbox 0 0 2153 5972; x_wconf 95' lang='lat' dir='ltr'> </span> 
     </span>
    </p>
   </div>
  </div>
 </body>
</html>
