4326 5986
717 0 824 51 ¹⁸·
960 0 998 55 ὀ
1107 0 1291 59 ἶοο,

219 173 330 238 stam
366 130 666 236 Taurinorum
703 173 802 234 suos
839 130 1102 234 reducebat.
1146 138 1227 236 Sed
1266 134 1321 235 ad
1358 131 1519 238 Villam
1560 152 1684 244 Fran-

217 323 315 382 cam
366 317 599 421 conspecta
641 315 685 378 et
730 315 910 442 propter
953 278 1219 420 paucitatem
1264 319 1490 382 contemta
1534 281 1682 388 hostili

216 466 374 545 manu,
415 463 551 567 quam
586 423 893 585 Schalengus
882 462 931 523 rn
968 463 1010 522 se
1046 461 1274 565 tamquam
1320 423 1619 567 fugientem
1606 468 1679 530 m-

217 569 436 688 ducebat‚
472 606 724 669 converrere
761 607 885 708 signa
921 607 1019 668 suos
1056 566 1222 698 jubet
1259 603 1302 668 et
1336 609 1382 670 m
1418 567 1562 670 hostes
1604 611 1676 673 re-

214 709 340 812 ferri.
380 727 488 832 Quo
524 709 642 813 facto
680 711 948 832 adversarii,
992 710 1071 852 qui
1107 749 1230 812 erant
1266 748 1309 813 et
1346 753 1534 814 numero
1569 755 1677 856 pau

214 857 387 976 ciores,
430 892 471 956 et
516 894 561 954 re
608 858 816 996 insperata
856 788 1135 977 coriturbati,
1174 854 1290 957 haud
1327 859 1404 958 diu
1440 893 1672 962 sustentato

212 997 379 1140 impetn
419 1035 538 1140 terga
574 1033 828 1113 verterunt,
865 998 963 1138 ipso
1000 1034 1147 1101 tamen
1184 1009 1340 1102 Marco
1377 1003 1580 1104 Antonio
1612 1005 1672 1105 le

211 1144 354 1243 taliter
401 1145 659 1244 vulnerato,
710 1139 913 1242 Marchio
955 1146 1009 1244 de
1053 1182 1234 1245 suorum
1278 1146 1456 1244 adverso
1503 1147 1671 1284 praelio

211 1325 314 1385 cum
352 1323 458 1386 esset
493 1284 770 1424 perlatum,
760 1323 806 1382 m
843 1324 941 1385 eam
979 1321 1179 1424 partem,
1217 1326 1305 1427 qua
1341 1287 1583 1389 hostibus
1571 1327 1669 1410 tter,

209 1466 368 1567 agmen
414 1427 680 1544 convertit,
717 1427 952 1563 praemisso
1005 1427 1253 1564 equitatu,
1294 1430 1374 1568 qui
1424 1467 1669 1568 postremos

209 1605 477 1669 moraretur.
524 1581 633 1688 Quo
669 1568 828 1672 nuntio
874 1603 919 1669 et
963 1567 1124 1667 timore
1168 1570 1350 1710 perculsi
1392 1573 1667 1697 Antoniani,

207 1751 318 1853 quos
354 1707 561 1870 praefecti
596 1748 853 1873 acceptum·
861 1710 1016 1812 vulnus
1051 1711 1389 1816 conturbaverat
1403 1791 1418 1834 ,
1454 1753 1532 1856 per
1569 1719 1672 1819 avia

207 1890 250 1954 et
291 1893 499 1957 montana
540 1858 636 1956 loca
683 1853 853 1956 flexo
842 1853 996 1956 ttinere
1042 1853 1133 1957 sine
1176 1855 1371 1998 imperio
1416 1893 1459 1959 et
1510 1861 1668 1960 ordine

206 2003 467 2102 contendere
502 2037 766 2142 coeperunt.
804 2000 885 2100 Sed
928 2001 1144 2100 castellani
1181 2042 1233 2102 cx
1243 2000 1522 2163 Pegnarolo
1564 2044 1668 2107 cum
1731 2069 1736 2074 -

204 2146 443 2284 agrestium
480 2183 613 2243 manu
649 2140 920 2304 perturbatos
961 2143 1138 2262 adorti,
1177 2142 1446 2286 quingentos
1482 2148 1666 2308 amplius

206 2325 361 2389 eorum
396 2289 528 2388 armis
565 2315 608 2388 et
645 2287 914 2390 vestimentis
949 2321 1185 2388 exuerunt.
1209 2301 1376 2450 'Itaque
1412 2289 1629 2389 dimisso
1617 2329 1668 2394 rn

204 2429 276 2529 via
311 2435 465 2532 Marco
501 2431 736 2550 Antonio,
769 2429 851 2570 qui
886 2470 939 2529 ex
975 2426 1115 2531 biduo
1151 2431 1344 2531 animam
1366 2424 1563 2551 efflavit,
1597 2433 1665 2532 di

204 2575 330 2712 spersi
366 2612 410 2675 et
447 2575 562 2675 male
598 2508 741 2674 habiti
777 2580 1024 2714 Augustam
1061 2610 1375 2712 pervenerunt,
1400 2509 1662 2715 indigriante

202 2723 379 2850 Joanne
426 2715 603 2851 Jacobo
640 2715 946 2835 Marchione,
988 2720 1113 2857 quod
1153 2753 1318 2855 spreto
1340 2757 1420 2818 suo
1463 2719 1698 2839 consilio,'

202 2896 364 3008 magna
399 2862 462 2966 rci
497 2856 610 2961 bene
644 2860 857 3002 gerendae
892 2860 1063 2962 occasio
1100 2860 1321 3002 periisset
