4368 5984
583 409 589 420 '
671 394 790 464 VITA
816 395 880 468 ET
906 396 1117 468 SCRIPTA.
1482 397 1593 466 LVIl.

174 549 261 640 pote
278 517 330 610 ab
348 523 497 639 optimis
520 546 559 606 et
574 517 890 634 prudentissimis,
917 521 1018 610 unde
1034 549 1175 608 nomen
1190 519 1330 625 habet',
1347 522 1608 642 gubernatam.

168 648 349 730 Ceterum
374 643 491 759 longe
517 639 701 726 diversam
729 669 805 726 esse
819 641 1027 725 rationem:
1062 670 1152 724 nam
1169 669 1238 726 rex
1257 670 1345 724 cum
1368 643 1510 758 legibus
1542 670 1607 754 pa·

170 763 322 876 trioque
356 779 463 850 more
489 761 526 844 in
550 757 743 870 imperium
775 758 983 864 successit,
1008 757 1052 842 sit
1081 758 1165 842 licet
1187 757 1378 871 improbus
1408 789 1446 845 et
1470 789 1603 895 parum

163 878 356 984 idoneus,
376 909 455 966 non
471 880 525 961 ob
541 878 579 964 id
603 900 753 962 tantum
769 872 972 980 ferendus,-
1004 905 1053 960 ne
1066 876 1291 962 calamitates
1313 903 1510 964 nascantur
1538 879 1605 962 rei·

164 971 371 1112 publicae,
398 1000 463 1084 sed
491 1025 541 1080 nc
572 994 685 1110 leges
681 993 873 1080 violentur
890 1057 902 1096 ,
921 995 1056 1108 quibus
1073 993 1132 1079 illa
1161 995 1374 1080 continetur
1391 1023 1603 1109 ,suscepto

163 1115 266 1200 bello
293 1141 428 1200 contra
448 1113 652 1230 legitimum
668 1141 823 1226 regem,
851 1114 983 1226 quod
974 1113 1129 1224 impium
1156 1138 1211 1199 est
1238 1111 1480 1198 acnefarium
1510 1114 1599 1199 mul

164 1256 222 1318 tas
237 1235 291 1319 ob
305 1262 432 1318 causas
449 1292 463 1336 ,
478 1261 572 1346 quas
588 1231 768 1347 sigillatim
782 1255 988 1316 enumerat.
1020 1230 1165 1313 Nam
1140 1261 1168 1313 ιι
1190 1234 1249 1314 cui
1273 1260 1391 1345 regno
1404 1233 1483 1319 talis
1500 1263 1599 1318 mor

165 1351 270 1434 bus
259 1352 482 1465 irrepserit,
511 1350 619 1462 quod
650 1353 753 1432 Deus
786 1347 974 1434 interdum
1002 1373 1156 1462 propter
1192 1374 1342 1460 peccata
1370 1349 1598 1464 populorum

166 1468 346 1580 permittit
374 1467 553 1582 puniendi
578 1465 694 1580 gratia
709 1526 721 1570 ,
738 1467 843 1549 Rex
835 1491 1070 1578 importunus
1087 1490 1240 1552 auctore
1259 1473 1371 1552 Petro
1392 1487 1404 1524 ¹
1427 1474 1598 1580 Aposto

166 1585 206 1668 lo
233 1586 415 1701 patienter
442 1584 615 1670 ferendus
642 1607 721 1687 est,
746 1587 925 1697 Deusque
942 1581 1175 1696 precandus,
1202 1609 1247 1668 ut
1270 1614 1305 1668 er
1294 1585 1465 1670 bonam
1492 1615 1597 1672 men-

168 1727 246 1787 tem
268 1704 449 1806 instillet,
475 1701 723 1788 temeritatem
755 1697 927 1805 auferat,
957 1727 999 1784 ut
1011 1702 1119 1814 quod
1144 1702 1340 1814 prudentia
1356 1735 1421 1789 sua
1437 1701 1597 1790 fortassis

169 1848 352 1934 praestare
369 1819 522 1933 nequit,
543 1818 581 1904 id
605 1817 756 1903 consilio
772 1817 1002 1931 optimorum
1019 1843 1058 1902 et
1083 1819 1452 1931 prudentissimorum
1479 1851 1596 1935 expe-

170 1938 274 2041 diat,
290 1965 331 2024 et
355 1937 478 2051 patriis
500 1935 665 2021 moribus
692 1965 736 2019 ac
752 1935 921 2020 institutis
938 1935 1178 2021 administret.
1208 1938 1310 2023 Hinc
1325 1936 1429 2024 facile
1450 1967 1506 2024 est
1531 1941 1596 2026 de-

166 2057 399 2168 prehendere
415 2055 633 2141 discrimen
625 2079 719 2138 anter
751 2053 915 2158 bellum,
941 2082 1021 2166 quo
1052 2053 1258 2137 temeritate
1278 2059 1443 2169 quadarn
1469 2081 1598 2171 tyran-

167 2201 239 2257 nus
264 2202 473 2288 parumque
496 2171 686 2257 idoneus
677 2171 896 2283 ampetitur,
923 2197 961 2255 et
986 2170 1077 2256 illud
1098 2172 1354 2258 barbatorum.
1385 2175 1481 2260 lllud
1496 2177 1597 2262 enim

168 2290 249 2374 sine
271 2290 490 2376 auctoritate
517 2288 686 2403 principis
717 2312 848 2372 contra
872 2311 984 2421 caput
1007 2287 1213 2424 legitimum
1243 2291 1478 2404 suscipitur·
1522 2293 1598 2378 hoc

170 2435 259 2491 curn
286 2409 503 2493 auctoritate
527 2430 566 2491 et
589 2405 785 2493 voluntate
805 2405 997 2518 superioris
1024 2405 1207 2521 geritur,
1235 2436 1323 2492 curn
1353 2435 1451 2493 recte
1481 2409 1597 2495 admi·

169 2525 370 2610 nistratur·
361 2583 373 2630 ,
390 2524 481 2610 illud
497 2549 628 2609 contra
643 2522 698 2634 jus
714 2521 912 2633 jurandum
929 2584 941 2626 ,
970 2549 1103 2608 contra
1130 2523 1228 2637 leges
1256 2550 1294 2610 et
1321 2525 1487 2610 instituta
1514 2559 1597 2612 mo-

170 2669 305 2756 resque
333 2643 522 2753 majorum
547 2670 634 2726 curn
660 2641 818 2724 maxima
838 2641 1058 2754 reipublicae
1081 2642 1359 2754 perturbatione
1383 2643 1476 2728 solet
1502 2673 1597 2730 sem-

171 2787 237 2872 per
257 2757 336 2844 fieri
363 2790 375 2863 3
403 2761 477 2846 hoc
506 2758 587 2875 lege
611 2783 766 2844 naturae
792 2759 830 2842 in
858 2787 1034 2873 magnam
1063 2787 1195 2844 eorum
1227 2819 1239 2862 ,
1269 2758 1336 2872 qui
1368 2760 1596 2868 vincuntur,

170 2877 520 2982 commoditatem,
548 2903 591 2962 ut
612 2906 635 2960 a
659 2875 873 2961 Christianis
899 2875 1169 2961 humanitatem
1202 2877 1379 2983 discant,
1403 2879 1599 2964 virtutibus

170 3019 412 3100 assuescant,
441 3023 530 3078 sana
551 2994 776 3078 doctrina
743 2995 883 3107 piisque
901 2992 1048 3079 monitis
1068 3017 1287 3130 praeparent
1311 2996 1454 3080 animos
1469 2998 1519 3082 ad
1535 3027 1598 3083 ve

171 3138 252 3218 ram
279 3112 494 3248 religionem
517 3112 672 3198 libenter
689 3112 998 3246 amplectendam.
1027 3115 1140 3206 Quae
1156 3111 1286 3196 omnia
1311 3115 1401 3227 quia
1424 3111 1502 3198 fieri
1517 3142 1598 3200 non

172 3256 329 3341 possunt
356 3230 423 3316 nisi
450 3254 606 3342 accepto
634 3231 826 3343 imperio,
857 3259 936 3313 non
966 3233 1042 3313 sine
1066 3230 1208 3314 ratione
1233 3230 1378 3314 barbari
1405 3233 1598 3366 Hispano·

172 3373 256 3430 tum
282 3376 402 3464 regno
424 3374 551 3460 parere
570 3348 736 3450 debent,
767 3372 804 3432 et
817 3363 1024 3432 recusantes
1047 3348 1133 3461 cogi
1148 3359 1303 3460 possunt
1318 3347 1392 3433 ad
1383 3349 1569 3458 iustitiam.

262 3465 386 3581 Urget
401 3464 617 3577 Leopoldus
639 3488 777 3578 strages
794 3492 1014 3550 enumerans
1031 3488 1068 3548 et
1093 3462 1327 3550 hominum
1318 3463 1599 3574 rnte'tneciones,

175 3609 273 3694 quac
298 3583 336 3668 in
364 3584 434 3668 isto
456 3581 554 3666 bello
580 3605 890 3695 consequuntur,
915 3610 1013 3694 quae
1041 3611 1120 3666 non
1145 3582 1266 3666 minus
1294 3580 1332 3664 in
1357 3583 1601 3668 barbarorum

175 3725 285 3784 causa
313 3701 435 3786 valere
461 3700 600 3786 debent
626 3759 639 3804 ,
667 3727 811 3832 quam·
808 3698 901 3784 inter
927 3728 995 3784 nos
1020 3697 1058 3782 in
1087 3699 1250 3812 periculo
1276 3699 1437 3784 civilium
1466 3700 1602 3786 dissen-

175 3815 343 3902 sionum.
369 3824 490 3902 lmrno
513 3845 605 3903 vero
629 3816 811 3902 multo'
765 3846 901 3950 minus,
924 3817 1069 3930 reponit
1084 3823 1339 3922 Democrates,
1354 3841 1499 3930 quanto
1522 3817 1603 3928 plus

176 3935 309 4018 scilicet
334 3931 468 4018 refert
459 3957 553 4018 rnter
571 3933 708 4044 justum
738 3933 916 4068 piumque
940 3934 1079 4020 bellum
1107 3965 1149 4018 ac
1165 3931 1351 4018 nefarias
1344 3934 1605 4048 antestinasque

175 4052 446 4136 contentiones.
482 4051 556 4134 Hic
571 4050 669 4134 enim
686 4079 794 4164 saepe
809 4051 1025 4136 innocentes
1049 4051 1186 4158 iniustis
1207 4049 1334 4160 poenis
1365 4051 1605 4162 plectuntur;

176 4165 248 4250 illic
274 4193 400 4252 autem
414 4168 479 4281 qui
493 4191 711 4281 superantur
727 4194 766 4254 et
790 4166 1057 4268 concidunt,
1050 4167 1147 4275 justis
1166 4165 1344 4278 suppliciis
1371 4163 1606 4272 afficiuntur,

177 4285 284 4395 quod
311 4314 392 4369 non
424 4311 652 4398 magnopere
673 4285 785 4369 debet
808 4308 1050 4382 constantes,
1078 4279 1191 4394 fortes
1217 4311 1260 4366 ac
1288 4282 1400 4392 justos
1426 4287 1609 4398 Principes

178 4401 361 4486 deterrere
376 4411 528 4486 auctore
555 4402 801 4543 Augustino²
824 4461 837 4506 ,
866 4399 967 4511 cujus
993 4401 1085 4484 haec
1101 4399 1149 4488 ad
1165 4406 1339 4486 launum
1371 4427 1456 4486 sunt
1474 4405 1610 4512 utiba:

178 4520 393 4624 fluidarum
418 4548 463 4602 cu
464 4527 545 4630 [ιρι
546 4545 592 4601 ar
620 4528 660 4602 in
685 4521 808 4603 ballol
842 4545 889 4602 aa
906 4527 996 4624 quia
1023 4529 1230 4607 moriuntur
1264 4526 1473 4629 quandoque
1503 4530 1613 4608 mori·

180 4646 290 4740 turi,
306 4653 346 4720 ut
368 4643 635 4721 dominentur
622 4660 661 4720 m
681 4656 783 4750 pace
806 4645 982 4724 victuri?

245 4753 392 4836 Tomml
927 4758 970 4842 H
1160 4799 1162 4804 ,
1558 4761 1619 4842 1n.

232 4885 247 4924 ι
291 4889 314 4927 ι.
332 4871 408 4928 Perr.
421 4869 461 4927 ll.

225 4963 245 5006 s
289 4967 336 5030 23.
350 4969 377 5025 q.
395 4968 420 5009 1.
442 4947 595 5028 culpatur.
