4368 5984
579 362 772 482 trnrvstr.
1003 363 1139 452 Joast.
1171 361 1285 432 otu.
1312 358 1615 437 senneveone

603 489 837 588 Quaestione
848 487 897 572 sic
909 489 948 574 in
964 488 1060 574 clara
1082 488 1164 574 luce
1179 489 1378 595 collocata,
1398 489 1662 594 utadversario
1678 491 1989 613 omnistergivcr·

544 613 649 696 sandi
665 638 753 692 ansa
769 606 946 709 tollatur,
962 636 1099 692 eorum
1114 633 1337 723 argumenta
1361 610 1542 725 proponit
1556 609 1769 723 Sepulveda
1786 672 1799 716 ,
1825 617 1891 729 qui
1925 646 1988 702 ne·

543 731 685 844 gabant
703 725 841 810 bellum
858 725 932 810 hoc
951 725 1029 836 jure
1042 757 1065 808 a
1079 727 1212 810 nostris
1226 723 1372 810 confici.
1391 729 1555 812 Probare
1571 728 1707 814 deinde
1718 729 1845 814 nititur
1862 733 1986 820 multis

545 845 748 930 rationibus
762 871 807 927 ac
823 841 1037 928 testimoniis
1049 869 1267 928 concessum
1283 871 1361 928 esse
1378 843 1591 930 Christianis
1613 845 1712 930 bello
1727 847 1898 962 persequi
1912 850 1988 936 ido

546 963 669 1048 lorum
683 961 857 1046 cultores.
889 965 1014 1045 Docet
1028 985 1295 1075 contraquam
1318 962 1377 1045 alii
1400 962 1609 1047 sentiebant
1621 964 1907 1070 ,necessarium
1929 997 1986 1054 ne·

543 1080 635 1167 dum
649 1109 798 1196 prorsus
812 1078 939 1162 inutile
961 1105 1040 1163 esse
1055 1139 1069 1183 ,
1086 1101 1290 1193 antequam
1309 1079 1448 1166 bellurn
1465 1101 1688 1194 pararetur,
1716 1083 1832 1174 missis
1858 1083 1986 1200 legatis

542 1197 738 1286 admoneri
760 1196 965 1300 barbaros,
990 1221 1035 1281 ut
1059 1196 1110 1280 ab
1138 1195 1328 1280 idolorum
1354 1197 1459 1282 cultu
1487 1197 1727 1305 desisterent,
1754 1225 1794 1285 et
1809 1200 1986 1290 Christia-

540 1344 613 1401 nae
628 1314 810 1431 religionis
828 1311 1097 1426 praedicatores
1113 1313 1259 1425 publice
1282 1315 1552 1419 admitterent,
1575 1341 1621 1402 ut
1648 1315 1677 1400 si
1701 1315 1896 1430 postulatis
1918 1323 1984 1408 ad·

541 1434 801 1547 quiescerent,
823 1428 987 1544 ipsorum
1013 1431 1222 1516 animarum
1247 1432 1354 1516 saluti
1368 1433 1460 1517 citra
1475 1431 1616 1516 bellum
1635 1434 1913 1540 consulerem
1928 1437 1982 1524 sin

540 1579 667 1635 autem
692 1551 784 1634 haec
818 1549 908 1632 abi
951 1549 979 1633 is
1005 1548 1190 1662 impetrari
1219 1579 1298 1634 non
1333 1575 1509 1664 possent,
1538 1575 1633 1636 tunc
1657 1551 1758 1659 justis
1773 1553 1884 1638 armis
1911 1554 1981 1640 de-

540 1669 663 1754 bellati
691 1668 871 1781 imperata
898 1578 1017 1750 diere
1034 1666 1356 1780 compellerentur.
1388 1668 1624 1783 His-magno
1649 1667 1786 1784 ingenii
1810 1671 1981 1758 acumine

450 1858 452 1862 .
540 1790 701 1899 probare
716 1809 875 1870 conatus
889 1784 940 1869 ad
961 1806 1183 1900 argumenta
1199 1783 1495 1870 adversariorum
1511 1783 1684 1896 justitiam
1701 1786 1785 1871 belli
1802 1789 1980 1875 barbarici

539 1902 724 1990 constanti
751 1901 880 1985 animo
897 1902 1115 2016 negantium
1133 1902 1383 2015 progreditur.
1415 1907 1519 1986 Tum
1537 1903 1628 1988 haec
1645 1903 1832 2021 subjungit
1848 1905 1975 2022 digna,

541 2051 640 2134 quae
671 2021 732 2106 hic
754 2019 964 2135 legantur,
998 2043 1041 2104 ut
1072 2019 1176 2132 pium
1208 2019 1368 2104 auctoris
1397 2021 1564 2105 animum
1591 2021 1678 2105 hinc
1708 2020 1867 2138 quisque
1898 2055 1978 2138 pos

540 2139 588 2223 sit
613 2165 836 2254 agnoscere:
867 2137 1026 2229 „Quod
1053 2164 1145 2222 vero
1173 2135 1331 2250 pertinet
1369 2137 1419 2224 ad
1447 2137 1651 2224 editionem
1682 2137 1784 2244 libri,
1816 2139 1855 2224 in
1896 2171 1976 2255 quo

543 2295 569 2334 ‚s
585 2257 669 2341 belli
696 2252 853 2342 faciendi
882 2253 1016 2364 justitia
1031 2279 1069 2339 et
1084 2255 1180 2338 ratio
1198 2312 1212 2358 ,
1234 2279 1273 2339 et
1298 2255 1390 2369 quid
1406 2256 1484 2368 jure
1500 2255 1623 2371 ,quid
1640 2251 1771 2364 injuria
1802 2253 1868 2343 fiat
1885 2259 1978 2368 ,de-

539 2407 566 2453 ‚s
575 2373 734 2460 claretur
746 2429 761 2478 ,
775 2397 815 2458 et
830 2370 1025 2483 crudeliter
1045 2397 1159 2486 atque
1184 2399 1295 2458 avare
1313 2367 1411 2458 facta
1429 2373 1711 2487 vituperantur,
1725 2373 1758 2457 si
1773 2376 1857 2490 quis
1873 2376 1975 2462 miles

540 2528 569 2570 ss
581 2515 647 2576 aut
662 2485 868 2604 praefectus
883 2516 948 2602 per
964 2488 1198 2574 occasionem
1214 2489 1294 2573 libri
1315 2491 1366 2573 se¹
1381 2517 1547 2602 peccasse
1562 2489 1715 2594 dherit,
1730 2490 1761 2576 is
1778 2521 1846 2607 per
1860 2491 1977 2608 igno·

537 2621 570 2688 'ss
584 2609 742 2692 tantiam
757 2602 929 2689 affectatu
945 2629 984 2688 et
1000 2604 1197 2709 malitiam,
1220 2635 1285 2689 seu
1309 2633 1374 2719 per
1389 2607 1605 2692 scandalum
1620 2608 1902 2695 Pharisaeorum
1918 2611 1979 2696 de·

538 2762 566 2804 ss
577 2724 749 2838 liquisse,
765 2721 870 2808 facile
884 2722 1141 2808 convincetur.
1173 2725 1319 2807 Contra
1337 2751 1429 2810 veto
1445 2753 1492 2811 ex
1510 2725 1676 2812 editione
1691 2724 1771 2809 libri
1787 2727 1881 2813 haec
1898 2755 1978 2812 ma·

535 2880 565 2920 ss
578 2841 676 2925 xima
699 2840 906 2927 commoda
929 2864 1220 2954 consequentur.
1252 2840 1424 2925 Tollentt
1447 2869 1629 2958 magnum
1658 2843 1905 2948 scandalum,
1936 2867 1978 2930 et

537 2955 724 3044 isinfamia
737 2963 886 3073 Regum
902 2981 1117 3042 nostrorum
1134 2980 1172 3042 et
1188 2957 1372 3062 nunonis,
1394 2959 1461 3073 qui
1482 2959 1601 3075 vulgo
1634 2984 1786 3073 propter
1815 2955 1977 3067 falsam,

536 3102 644 3161 naut
661 3075 758 3161 male
772 3073 995 3161 intellectam
1023 3074 1279 3190 quorumdam
1307 3075 1576 3193 theologorum
1604 3077 1815 3162 doctrinam
1842 3077 1978 3190 injuste

540 3218 619 3279 sset
641 3193 835 3306 tyrannice
861 3193 931 3276 hos
951 3193 1130 3277 barbatos
1143 3192 1181 3274 in
1198 3221 1303 3275 suam
1318 3191 1527 3278 oditionem
1556 3192 1741 3309 redegisse
1774 3218 1974 3308 putantur,

539 3336 620 3396 „ut
647 3310 803 3426 quidam
825 3337 971 3422 nuper.
989 3372 1001 3392 .
1019 3365 1032 3392 .
1050 3366 1063 3391 .
1082 3307 1261 3423 prodidit.
1299 3307 1449 3398 Deinde
1480 3309 1546 3424 qui
1585 3339 1632 3396 ex
1661 3309 1732 3395 hac
1777 3311 1977 3426 expeditio-

536 3460 564 3507 ss
578 3457 625 3512 ne
650 3457 812 3532 aurum,
846 3425 906 3513 vel
934 3453 1132 3540 argentum
1161 3425 1396 3528 retulerunt,
1428 3426 1521 3544 quid
1552 3426 1680 3534 juste,
1705 3427 1799 3542 quid
1831 3431 1973 3540 injuste
2092 3461 2097 3470 ·

538 3547 805 3660 superaverint,
820 3543 914 3658 quid
930 3541 1006 3653 iure
1023 3543 1179 3627 retinere
1196 3542 1349 3655 possint,
1364 3544 1458 3658 quid
1477 3543 1668 3630 restituere
1684 3544 1862 3652 debeant,
1881 3543 1973 3632 faci·

537 3663 610 3747 ule
638 3686 677 3746 et
702 3663 752 3746 ab
773 3659 856 3774 ipsis
879 3685 917 3745 et
941 3689 964 3742 a
987 3659 1263 3763 sacerdotibus,
1295 3661 1431 3775 quibus
1457 3687 1609 3776 peccata
1625 3657 1886 3770 confitentur,
1918 3663 1975 3746 in·

537 3815 564 3859 ss
577 3777 764 3894 telligitur.
794 3777 914 3862 Nunc
945 3777 1048 3862 enim
1078 3777 1228 3892 utrique
1247 3777 1286 3861 in
1318 3806 1458 3894 magna
1491 3779 1576 3892 juris
1617 3777 1856 3894 ignoratione
1892 3807 1975 3869 ver·

539 3905 751 3988 ssfflntur.“

539 4055 550 4066 ·
626 4014 780 4103 Claudit
794 4041 891 4126 opus
902 4009 1113 4125 Sepulvcda
1134 4010 1319 4096 clarorum
1336 4011 1501 4098 vitorum
1518 4011 1745 4118 testimoniis,
1757 4013 1824 4128 qui
1838 4013 1879 4101 id
1897 4011 1976 4101 lau·

538 4129 845 4217 dibusiomarum
862 4189 874 4231 ,
891 4155 935 4213 ut
949 4129 1163 4216 fernandus
1180 4133 1359 4213 Guevara
1384 4157 1422 4214 et
1438 4129 1647 4214 Franciscus
1658 4131 1885 4216 Montalvus
1901 4135 1975 4216 Re·

537 4249 587 4364 gli
604 4271 816 4351 senatores,
835 4246 993 4331 Alvarus
1010 4249 1229 4347 Moscosus,
1244 4247 1409 4332 Didacus
1425 4247 1593 4332 Victoria
1611 4249 1816 4333 monachus
1836 4249 1977 4334 Domi·

535 4367 688 4458 nicanus
713 4393 759 4450 ac
773 4361 951 4448 francisci
976 4359 1114 4466 frater,
1143 4363 1356 4450 Melchioris
1380 4364 1478 4450 Cani
1501 4365 1539 4447 in
1557 4364 1795 4482 Theologicis
1832 4366 1977 4452 institu-

537 4483 650 4588 toris,
667 4479 918 4568 Ferdinandus
931 4479 1123 4565 Valdesius
1140 4482 1362 4594 Hispalensis
1377 4483 1527 4566 antistes
1543 4504 1583 4565 et
1598 4511 1765 4566 summus
1787 4481 1873 4567 fidei
1889 4485 1977 4570 vin·

538 4600 637 4704 den,
661 4603 790 4685 Petrus
818 4602 931 4684 Sotus
960 4596 1087 4682 Caroli
1114 4599 1281 4683 Caesaris
1311 4626 1434 4683 sacrae
1462 4595 1702 4683 confessionis
1730 4599 1975 4707 administer,

536 4718 713 4811 Honcala
736 4715 937 4828 canoriots
960 4713 1170 4819 Avilensis,
1191 4714 1327 4829 aliique
1348 4716 1552 4829 incorrupti
1583 4716 1706 4827 judicii
1737 4717 1906 4833 theologi
1929 4747 1977 4802 ac

535 4833 792 4950 jurisconsulti.
824 4833 889 4924 Ad
911 4830 1050 4923 calcem
1071 4831 1279 4948 subjectum
1296 4858 1352 4926 est
1373 4835 1580 4926 Decretum
1608 4849 1646 4924 tc
1679 4835 1862 4923 indutam
1878 4838 1977 4920 Ate-

660 4992 666 5014 ·
1884 4977 1979 5042 Mll-
