4292 5984
562 521 811 603 cnrtorr
855 521 907 598 u.
950 519 1062 596 trs.
1104 520 1167 598 11.
1483 507 1583 617 '59

240 687 362 782 XXI.
437 679 630 780 Gallaeci
665 717 848 820 quoque
884 716 988 778 cum
1032 678 1086 778 de
1131 681 1482 780 Zamoranorum
1528 683 1621 784 aui-

159 863 240 926 mo
276 825 334 924 ad
377 824 695 926 assentiendum
736 821 884 924 Caroli
926 819 1153 964 postulatis
1198 821 1404 924 inclinato
1446 864 1620 968 cogno-

154 968 342 1088 vissent,
378 969 617 1109 nequando
652 967 839 1070 alienam
874 967 1162 1085 sententiam,
1198 1003 1224 1064 a
1259 1007 1347 1107 qua
1383 977 1512 1110 longe
1549 969 1619 1072 ab

155 1109 416 1232 horrerent,
453 1112 656 1252 probasse
691 1112 833 1212 videri
874 1145 1083 1252 possent,
1130 1148 1254 1212 suam
1295 1111 1413 1251 apud
1449 1116 1617 1218 Conci-

150 1255 267 1356 lium
304 1291 507 1357 testatam
542 1296 618 1397 pet
654 1297 753 1357 suos
790 1292 987 1395 proceres
1030 1255 1272 1397 relinquere
1309 1255 1614 1363 constituunt.

149 1407 279 1498 Haec
316 1399 433 1502 enim
470 1400 612 1500 Natio
647 1402 705 1500 ad
740 1400 944 1502 Concilia
981 1440 1073 1501 non
1109 1436 1324 1521 vocatur,
1361 1400 1432 1502 sed
1459 1405 1615 1504 Zamo

149 1581 365 1644 ranorum
418 1544 675 1646 sententiam
719 1544 914 1686 sequitur
965 1581 1110 1646 vetere
1169 1585 1292 1648 more
1345 1577 1389 1644 et
1437 1544 1613 1650 institu-

149 1720 232 1788 t0.
286 1686 485 1810 Quidam
534 1727 640 1832 ergo
682 1687 988 1792 Gallaecotum
1035 1727 1226 1829 proceres
1276 1690 1324 1790 in
1367 1687 1613 1832 legatorum

151 1871 400 1932 consessum
436 1834 716 1972 procedunt,
754 1873 884 1976 seque
919 1832 1143 1935 introduci
1179 1835 1431 1974 postulant,
1469 1875 1520 1934 ac
1557 1838 1612 1938 de
1669 1887 1673 1896 ·

149 1975 276 2076 rebus
312 1978 446 2077 adse
482 1976 623 2078 nihilo
661 1978 820 2098 minus,
857 2018 993 2118 quam
1018 1978 1075 2076 ad
1100 2015 1263 2080 ceteros
1293 1977 1612 2121 pertinentibus

150 2118 201 2218 in
238 2158 475 2222 commune
510 2119 795 2224 deliberantes
832 2119 1000 2220 audiri.
1038 2127 1178 2240 Quod
1214 2120 1293 2222 ubi
1333 2163 1427 2228 non
1469 2123 1612 2264 impe-

150 2297 355 2385 trarunt,
392 2262 538 2393 rejecti
575 2261 632 2363 ab
668 2262 889 2406 Episcopo
925 2262 1105 2362 Pacensi
1139 2265 1380 2403 Garciaque
1417 2269 1610 2387 Fadilla,

152 2405 351 2506 Concilii
408 2401 679 2546 praefectis,
735 2409 880 2548 palam
935 2401 1113 2548 professi
1161 2440 1260 2509 sunt
1314 2405 1641 2529 Callaeciam,⁸
1686 2505 1690 2510 .

151 2552 279 2689 quod
304 2551 545 2649 Zamorani
579 2549 881 2670 decrevissent,
915 2586 1058 2650 ratum
1093 2590 1187 2650 non
1222 2547 1492 2652 habituram.
1529 2552 1612 2654 Sed

152 2691 203 2795 in
238 2692 639 2796 salmanticensium
676 2695 930 2798 sententiam
965 2701 1135 2827 majore
1164 2694 1357 2796 Concilii
1396 2732 1516 2836 parte
1552 2694 1612 2799 in·

153 2835 340 2940 clinante
351 2916 366 2958 ‚
411 2839 548 2979 Regis
590 2833 820 2944 familiares
857 2835 1109 2943 muneribus
1145 2873 1278 2980 atque
1315 2839 1523 2980 pollicitis
1560 2838 1612 2940 le-

154 3017 280 3121 gatos
316 2983 629 3125 aggrediuntur
664 3022 708 3085 et
743 2984 990 3126 complures
1026 2985 1277 3087 adducunt.
1310 2983 1612 3086 salmanticen-

153 3163 217 3225 ses
261 3162 445 3248 autem,
489 3169 546 3231 ne
589 3170 678 3271 qua
723 3129 790 3232 his
831 3125 1164 3232 reclamantibus
1204 3163 1450 3230 ceterorum
1496 3125 1612 3228 fieret

154 3269 298 3372 animi
345 3274 678 3394 commutatio,
730 3273 939 3378 Concilio
987 3270 1316 3417 prohibentur,
1366 3306 1611 3412 cunctaque

154 3412 266 3516 liunt
299 3414 568 3516 tumultuose
605 3453 782 3521 etcum
816 3419 1008 3520 maxima
1043 3418 1176 3518 totius
1197 3415 1344 3559 Regni
1379 3451 1608 3558 exspecta-

155 3557 306 3660 tione.
343 3571 517 3663 Rumor
552 3560 673 3663 enim
707 3558 869 3684 falsus,
904 3570 995 3696 jam
1036 3598 1140 3664 tunc
1183 3561 1240 3662 ab
1282 3561 1412 3664 initio
1453 3601 1479 3659 a
1514 3593 1611 3659 tur-

155 3699 346 3805 bulentis
372 3701 628 3806 hominibus
664 3706 924 3849 dissipatus,
960 3705 1232 3809 increbuerat
1257 3741 1298 3806 et
1327 3742 1404 3846 per
1431 3739 1611 3804 omnem

155 3847 389 3950 Castellam
424 3888 785 3991 permanaverat,
820 3857 970 3996 Belgas
1005 3848 1092 3952 hoc
1130 3890 1211 3992 pro
1248 3887 1323 3950 sua
1359 3843 1611 3946 crudelitate

155 4022 203 4086 et
239 3994 418 4094 avaritia
452 3997 629 4119 moliri,
664 3998 796 4102 utin
832 3996 1002 4141 singula
1036 4005 1246 4132 cujusque
1280 3988 1431 4088 aetatis
1467 4028 1518 4088 ac
1553 4028 1613 4088 se·

158 4171 240 4233 xus
266 4129 500 4242 bominum
528 4142 672 4282 capita
703 4141 907 4244 inusitata
934 4136 1097 4240 tributa
1132 4170 1175 4234 et
1208 4132 1496 4238 intolerabilia
1523 4129 1613 4230 im-

158 4313 441 4416 perarentur.
493 4295 621 4396 Quae
663 4285 821 4428 opinio
867 4279 1053 4399 fecerat,
1095 4313 1145 4381 ut
1192 4278 1240 4383 in
1286 4279 1384 4420 ipso
1426 4276 1613 4376 discessu

159 4420 312 4524 Caroli
348 4463 399 4522 ex
439 4424 705 4548 Valdolito,
749 4425 924 4566 pulsatis
960 4423 1214 4568 campanis,
1252 4457 1301 4523 ut
1336 4421 1474 4540 solet,
1510 4457 1614 4520 curn

159 4565 348 4708 populus
384 4567 440 4668 ad
474 4607 594 4671 arma
619 4607 822 4690 vocatur,
860 4570 1074 4712 oppidani
1110 4575 1497 4684 tumultuarentur,
1533 4603 1616 4663 co-

160 4745 452 4854 narenturque
487 4713 699 4819 Carolum
734 4716 918 4818 discessu
954 4711 1216 4855 prohiberes
1260 4750 1303 4814 et
1345 4702 1617 4852 perfecissent

164 4847 345 4958 fortasse
394 4856 694 5002 incoeptum,
741 4859 825 4963 nisi
860 4896 1025 4999 magno
1067 4855 1258 4982 nimbo,
1294 4854 1374 4996 qui
1406 4847 1522 4953 forte
1563 4887 1619 4946 eo

1125 5007 1221 5100 Ha
1513 5028 1624 5090 tem-
