4326 5986
597 435 844 524 cauom
880 435 934 523 v.
978 435 1102 519 trs.
1134 435 1248 518 xur.
1542 441 1628 540 403

194 595 342 704 letitet
376 639 431 700 ex
467 636 514 701 er
571 597 693 700 stulis
729 593 992 706 effundunts
1030 630 1075 695 et
1110 635 1215 700 cum
1250 587 1448 737 plerique
1484 591 1666 702 sinistris

192 781 401 867 catenas,
439 637 602 888 quibis
648 777 770 846 erant
811 739 1014 884 alligati,
1052 774 1370 860 sustentarent,
1403 741 1553 842 dextra
1593 779 1661 846 ta-

192 929 302 993 men
336 890 468 1034 lignis
504 927 550 992 et
583 889 833 1032 lapidibus,
872 923 917 988 et
953 886 1174 1030 quidquid
1211 925 1332 988 casus
1359 885 1660 1006 subministra·-

190 1033 301 1156 bat,
320 1073 405 1177 pro
442 1034 536 1137 telis
570 1067 769 1154 utentes,
795 1070 985 1172 paucos,
1011 1033 1092 1174 qui
1125 1033 1327 1134 nondum
1362 1031 1660 1156 discesserant,

191 1184 362 1281 Turcas
397 1180 654 1301 invadunt,
693 1217 737 1281 et
780 1175 848 1278 bis
883 1176 1037 1282 occisis
1079 1215 1154 1281 aut
1196 1171 1358 1321 fugatis
1397 1213 1541 1279 arcem
1582 1218 1657 1282 οε-Ι

191 1361 388 1467 cupant,
419 1361 463 1427 et
498 1364 647 1469 portas
683 1323 950 1427 occludunt.

263 1480 372 1576 XV.
447 1471 533 1571 His
585 1469 780 1574 motibus
830 1465 1041 1572 nuntiatis
1090 1463 1366 1574 Charadinus
1413 1467 1655 1611 aegerrime

188 1606 332 1716 ferens
367 1619 613 1719 Turearum
649 1659 703 1719 ex
736 1653 833 1717 arce
867 1613 1103 1718 discessum
1138 1615 1299 1717 eodem
1333 1615 1546 1722 recurritt
1579 1617 1654 1719 sed

188 1794 337 1898 ponas
373 1760 562 1862 occlusas
605 1798 650 1863 et
685 1798 831 1863 arcem
871 1800 898 1859 a
931 1759 1118 1901 captivis
1158 1758 1299 1859 teneri
1343 1758 1655 1900 comperiens,

188 1901 347 2005 amissa
393 1944 499 2007 cum
540 1941 635 2004 arce
677 1941 753 2045 spe
793 1902 984 2003 Tunetis
1025 1896 1364 2022 defendendae,
1396 1903 1569 2004 Turcis·
1592 1945 1654 2008 se⁴

189 2045 459 2188 quentibus,
491 2086 566 2190 per
601 2083 773 2194 partem
812 2047 935 2151 urbis
970 2089 996 2148 a
1037 2047 1195 2148 nostris
1237 2083 1433 2148 aversam
1475 2049 1653 2190 egredi·
1795 2119 1798 2126 ,

65 2325 67 2331 ,
188 2225 296 2313 tur,
328 2228 373 2294 et
406 2185 564 2336 fugam
598 2192 812 2337 capessit.
850 2190 1031 2332 Captivi
1055 2191 1192 2336 signis
1220 2187 1510 2312 militaribus,
1536 2230 1652 2334 quae

187 2332 337 2437 hostes
373 2379 426 2440 ex
460 2337 679 2441 vallorum
704 2336 971 2460 ¹custodibus
1005 2338 1062 2440 ad
1097 2336 1305 2441 Goletam
1339 2334 1387 2440 in
1423 2334 1511 2457 iis,
1543 2375 1651 2478 quas

185 2480 420 2604 diximus,
456 2480 764 2626 eruptionibus
804 2478 948 2584 ablata
986 2515 1349 2623 reportaverant,
1388 2481 1652 2623 explicandis

184 2659 233 2726 et
267 2627 482 2770 agitandis
524 2629 770 2733 novitatem
810 2627 876 2728 rei
909 2628 1067 2730 nostris
1106 2626 1352 2773 significare
1392 2665 1489 2729 non
1533 2625 1652 2728 desi-

186 2805 335 2873 stunt.
371 2772 513 2898 Quod
546 2771 892 2878 animadvertens
925 2771 1054 2878 Vasti
1081 2770 1286 2874 Marchio
1313 2813 1339 2872 a
1362 2770 1530 2872 Carolo
1557 2780 1652 2904 jam

184 2914 289 3019 urbi
322 2919 508 3021 admoto
542 2919 722 3063 agmine
754 2957 862 3020 curn
895 2911 1200 3060 Hispanorum
1236 2955 1370 3018 manu
1406 2917 1463 3018 ad
1497 2913 1651 3022 vicum

183 3057 486 3166 suburbanum
519 3064 832 3207 occupandum
866 3062 1020 3164 missus
1055 3061 1241 3204 captivis
1276 3059 1471 3164 subsidio
1507 3060 1653 3186 venit,

182 3237 231 3304 et
265 3204 315 3306 in
348 3245 490 3309 arcem
524 3245 629 3310 cum
665 3243 783 3350 parte
819 3208 1017 3312 militum
1057 3207 1290 3348 recipitur.
1334 3211 1467 3308 Tunc
1508 3215 1650 3306 Cato·

183 3347 253 3449 lus
294 3359 534 3453 Hazenum
575 3353 633 3452 ad
674 3391 718 3451 se
761 3387 927 3474 votat,
968 3387 1013 3452 et
1055 3389 1211 3453 eorum
1254 3349 1422 3454 civium
1465 3349 1651 3450 nomina

184 3493 292 3598 dare
325 3494 483 3628 jubet,
523 3533 719 3639 quorum
755 3492 882 3596 inse
924 3492 1031 3596 fides
1067 3533 1113 3598 et
1158 3491 1358 3598 officium
1393 3493 1651 3614 exstitisset,

184 3671 237 3738 ut
270 3647 363 3770 jam
398 3675 507 3743 tune
544 3640 883 3784 provideretur,
917 3677 973 3741 ne
1009 3641 1121 3782 quid
1156 3642 1263 3742 mali
1303 3641 1354 3740 in
1401 3638 1649 3780 direptione

184 3780 307 3884 urbis
347 3819 425 3886 aut
459 3783 600 3928 ipsis,
638 3822 714 3888 aut
757 3785 956 3928 ipsorum
1001 3783 1133 3888 bonis
1175 3779 1437 3886 inferretur.
1480 3783 1556 3886 Ad
1598 3822 1650 3883 ea

182 3931 283 4028 Rex
318 3927 430 4034 nihil
465 3930 671 4034 videlicet
706 3928 978 4034 dissimulans
1015 3929 1156 4030 nullos
1191 3929 1277 4034 sibi
1311 3927 1359 4030 in
1392 3925 1503 4030 urbe
1539 3926 1650 4030 ami·-

182 4107 260 4186 cos
295 4112 385 4178 esse
419 4075 674 4220 respondit3
714 4113 852 4197 narn,
891 4073 1009 4217 siqui
1045 4109 1211 4196 essent,
1251 4113 1326 4178 eos
1360 4073 1418 4174 ad
1453 4111 1499 4175 se
1544 4065 1650 4173 litis⁴

183 4251 228 4314 se
266 4255 519 4343 venturos,
555 4254 631 4324 aut
673 4219 827 4363 aliquo
877 4220 1149 4322 documento
1197 4216 1554 4321 benevolentiam
1600 4213 1652 4316 in

181 4357 334 4502 ipsum
369 4365 695 4488 declaraturos,
730 4403 924 4508 quorum
959 4401 1169 4467 neutrum
1204 4365 1289 4469 sibi
1325 4363 1561 4507 quisquam
1595 4357 1652 4460 ei-

183 4506 313 4611 vium
349 4511 654 4652 praestitissem
686 4549 817 4655 ergo,
856 4511 1099 4658 quominus
1124 4509 1313 4614 Carolus
1338 4547 1490 4611 omnes
1515 4501 1653 4647 oppi·

183 4647 323 4753 danos
361 4656 523 4761 eodem
567 4653 758 4781 baberet,
783 4656 930 4782 loco,
968 4699 1012 4760 se
1049 4654 1161 4760 nibil
1204 4657 1276 4762 uel
1311 4650 1550 4798 impedire,
1583 4643 1654 4751 vel
1806 4755 1810 4760 .

185 4787 435 4937 deprecari.

215 4977 218 4982 ’
1063 4952 1150 5052 Eee
1169 4981 1200 5050 a
1315 5093 1336 5104 μ
1536 4939 1659 5044 XVI.
