4298 5980
582 433 669 523 230
975 423 1060 505 DE
1108 421 1310 506 REBUS
1360 418 1578 504 GESTIS

530 581 616 729 qui
659 577 708 684 in
757 617 813 680 eo
858 578 1144 722 perstabant,
1186 577 1392 720 ueprius
1434 575 1620 718 pecunia
1661 577 2010 720 persolveretur.
2129 625 2130 692 1

512 732 636 849 Sed,
675 727 800 872 quod
838 725 916 830 diu
958 724 1162 870 precibus
1207 716 1366 826 frustra
1401 725 1682 866 petiverant,
1723 724 1772 827 id
1807 725 1890 832 hac
1928 735 2008 835 de·

531 917 661 982 mum
695 870 866 975 ratione
901 873 1292 1016 impetraverunt,
1324 905 1375 972 ut
1411 869 1467 970 de
1505 868 1690 1012 pecunia
1725 873 1857 974 novis
1895 878 2004 984 obsi·
2129 881 2130 884 ‘

532 1020 701 1142 dibus,
743 1019 825 1162 qui
865 1016 923 1120 ab
975 1018 1186 1161 Hispanis
1243 1016 1607 1137 custodirentur,
1666 1052 1711 1118 et
1759 1017 1919 1120 Ostiae
1958 1065 2004 1126 ae

522 1163 897 1269 'Civitatisveteris
947 1162 1114 1268 arcibus
1164 1159 1274 1264 datis
1330 1197 1594 1265 caveretur.
1653 1168 1777 1264 Nam
1826 1166 2001 1268 Carolus

533 1309 627 1452 ipse
675 1310 892 1413 diuturnis
938 1306 1060 1410 bellis
1103 1306 1332 1412 exhaustus
1373 1305 1608 1451 superioris
1656 1305 1869 1448 temporis
1929 1313 2001 1413 sti-
2130 1391 2131 1418 ³

566 1455 748 1558 endium
790 1452 1036 1600 persolvere
1080 1495 1175 1558 non
1216 1487 1417 1596 poterat.
1470 1463 1623 1595 ltaque
1670 1451 1784 1553 datis
1835 1452 1999 1556 obsidi-

532 1493 650 1723 bus,
685 1637 729 1704 et
764 1597 935 1702 arcibus
970 1599 1175 1719 traditis,
1212 1597 1422 1739 postridie
1464 1606 1702 1699 Nonarum
1744 1596 1999 1700 Decembris

472 1805 475 1812 ,
533 1741 741 1850 Pontifex
778 1779 951 1887 recepta
987 1742 1190 1844 libertate
1234 1745 1368 1885 paulo
1411 1776 1513 1882 post
1557 1741 1753 1844 mediam
1795 1782 2002 1846 consecu-

533 1919 627 1990 tam
663 1924 844 1989 noctem
879 1923 983 1988 cum
1016 1887 1170 1987 Italico
1206 1885 1455 2027 praesidio,
1497 1884 1572 1984 cui
1615 1919 1803 2025 praeerat
1849 1891 2000 1988 Ludo⁴

536 2031 656 2132 vicus
697 2042 952 2171 Gonzaga,
1005 2027 1247 2130 Urbietum
1295 2029 1516 2172 oppidum
1558 2063 1711 2132 natura
1757 2028 1998 2135 munitissi⁴

533 2211 663 2276 mum
698 2171 1016 2314 proficiscitur.
2131 2171 2132 2182 Ν

474 2355 484 2381 *
620 2327 748 2418 XXI.
837 2329 1007 2418 Interea
1041 2327 1138 2420 Rex
1174 2311 1448 2435 Franciscus,
1487 2315 1568 2461 qui
1604 2319 1799 2463 neglecta
1837 2315 1923 2420 fide
1956 2357 1995 2421 et

535 2462 848 2595 jurejurando,
885 2463 1225 2561 Foederatorum
1261 2462 1467 2563 societate
1509 2502 1730 2605 armisque
1774 2459 1994 2582 conlisus,

534 2605 673 2744 pactis
716 2641 820 2702 cum
861 2603 1028 2704 Carolo
1068 2616 1251 2705 Caesare
1303 2639 1412 2706 state
1454 2604 1670 2725 nolebat,
1712 2643 1994 2748 posteaquam

535 2749 591 2846 de
626 2743 851 2847 Pontificis
904 2755 1274 2890 Venetorumque
1317 2744 1497 2852 foedere
1540 2751 1770 2871 constitit,
1807 2753 1994 2893 legatum

535 2889 592 2990 ad
637 2890 851 2992 Catulum
887 2890 1035 3012 misit,
1077 2929 1126 2994 ut
1169 2931 1273 2996 cum
1318 2894 1464 2994 code
1509 2893 1703 2996 filiorum
1739 2895 1993 2996 liberatione

534 3033 662 3136 novis
697 3034 1025 3138 conditionibus
1067 3035 1356 3182 transigeret,
1399 3039 1480 3179 qui
1521 3049 1798 3143 Venetorum
1851 3039 1991 3182 legato

537 3174 651 3298 sibi,
686 3215 738 3279 ut
772 3181 1064 3284 constitutum
1100 3217 1225 3302 etat,
1267 3184 1481 3315 adjuncto
1522 3225 1549 3282 a
1591 3182 1754 3284 Carolo
1799 3185 1993 3324 postula·-

536 3321 632 3442 vit,
659 3359 736 3443 ut,
763 3326 945 3466 quando
971 3337 1069 3430 Rex
1104 3325 1351 3429 Franciscus
1389 3329 1513 3468 quod
1540 3328 1598 3428 de
1625 3326 1877 3470 Burgundia
1908 3324 1996 3466 pol·
2133 3443 2134 3450 Ν

536 3464 682 3569 licitus
731 3461 910 3592 fixerat,
959 3470 1088 3573 omni
1141 3469 1281 3572 Gallia
1329 3506 1600 3616 repugnante
1650 3505 1860 3614 praestate
1907 3507 1996 3572 non
2133 3461 2134 3478 Ν

536 3647 744 3754 poterat,
789 3652 968 3757 accepta
1011 3616 1168 3757 grandi
1208 3614 1395 3759 pecunia
1452 3617 1593 3757 pueris
1635 3615 1792 3760 Regiis
1828 3611 1998 3717 liberta-

540 3792 633 3858 tem
669 3758 821 3860 daret.
857 3760 932 3862 Ad
966 3756 1073 3860 haec
1108 3761 1291 3862 Carolus
1326 3761 1388 3862 ita
1425 3760 1679 3904 respondit:
1717 3799 1857 3904 quam
1895 3760 1999 3903 quis
2133 3855 2134 3858 γ

539 3937 629 4040 que
683 3900 820 4004 fidem
874 3940 918 4004 et
966 3904 1270 4038 jusjurandum
1326 3904 1398 4007 vel
1451 3905 1728 4054 temporibus
1788 3907 1997 4008 adductus
2132 3987 2134 4018 .

541 4044 738 4164 dederit,
774 4045 885 4147 hanc
921 4049 979 4152 ab
1016 4089 1068 4150 eo
1104 4043 1309 4192 praestari
1341 4044 1407 4150 fas
1444 4093 1557 4175 esse,
1594 4088 1637 4156 et
1669 4062 1764 4187 jure
1801 4051 1998 4193 gentiunt

540 4188 863 4309 comtitutum‚
899 4232 1045 4334 eoque
1079 4196 1252 4339 magis,
1289 4192 1423 4336 siquis
1459 4237 1581 4300 casus
1617 4196 1896 4338 Principem,
1932 4227 1998 4295 aut
2133 4295 2134 4308 Ν

539 4343 746 4474 Regem,
773 4346 895 4470 qu'us
928 4337 1062 4441 etiarn
1092 4339 1183 4442 sine
1216 4339 1493 4444 solemnitate
1524 4377 1568 4445 et
1588 4341 1877 4480 jurejurando
1902 4337 1998 4481 pol-
2133 4437 2134 4474 ,

538 4470 661 4574 licita
707 4479 871 4582 soleant
914 4519 958 4582 et
1007 4485 1193 4590 debeant
1243 4525 1331 4588 esse
1384 4485 1557 4611 firma,
1607 4486 1694 4591 hue
1744 4481 1999 4590 necessitatis

538 4615 795 4763 impulerit:
841 4623 879 4725 si
911 4635 1008 4729 Rex
1043 4630 1287 4733 Franciscus
1327 4636 1663 4776 Burgundiam,
1707 4671 1842 4774 quam
1882 4631 2001 4757 inin-1

539 4799 604 4875 ste
653 4769 897 4905 retineret,
943 4773 1122 4882 reddere
1166 4779 1409 4925 nequiret,
1444 4774 1626 4921 faceret,
1667 4779 1794 4922 quod
1829 4805 2003 4917 posset,

1924 4954 2001 5060 P,
