4326 5986
606 447 854 534 cauom
889 449 942 532 V.
988 451 1112 531 ΠΒ.
1143 453 1234 533 x11.
1541 457 1627 555 379

280 615 359 710 XI
433 615 512 707 Pet
548 606 595 707 id
633 642 806 747 tempus
842 640 928 706 tres
964 605 1141 708 Hazeni
1175 602 1347 748 legati
1334 644 1381 706 tn
1411 643 1543 710 castra
1528 651 1668 772 pet-

205 789 440 872 venerunt,
479 751 726 853 nuntiantes
762 761 933 892 Regem
969 751 1118 891 ipsum
1154 754 1427 876 adventare,
1463 754 1543 894 qui
1585 796 1667 858 ve-

204 897 313 1000 ritus
356 895 533 997 insidias
589 894 830 997 Charadini
880 895 935 996 ad
978 896 1165 997 Budiam
1210 895 1413 1067 regulum
1469 897 1665 1002 amicum

203 1080 334 1143 suum
370 1078 461 1142 non
498 1039 630 1182 longe
664 1080 691 1139 a
725 1039 930 1182 Tripoli,
967 1077 1079 1181 quae
1116 1037 1267 1140 urbs
1252 1080 1344 1173 jam
1380 1040 1554 1183 pridem
1581 1043 1663 1146 sub

202 1184 394 1327 imperio
428 1184 564 1326 Regis
600 1184 789 1324 Hispani
824 1220 915 1284 erat
935 1179 1269 1346 ,confisgissee
1312 1193 1376 1283 Ex
1402 1182 1470 1284 his
1499 1189 1662 1329 cogni

203 1361 301 1431 turn
338 1364 402 1430 est
435 1338 636 1430 Poenum
671 1328 832 1449 illum,
863 1329 943 1470 qui
980 1369 1023 1428 se
1066 1367 1248 1428 missum
1290 1325 1347 1428 ab
1383 1369 1487 1470 rege
1534 1331 1661 1434 dixe-

201 1508 299 1595 rat,
334 1473 489 1575 dolo
477 1511 526 1574 ιιι
559 1509 695 1573 castra
730 1473 925 1591 venisse,
961 1472 1143 1572 missum
1177 1472 1381 1576 videlicet
1415 1471 1472 1574 ab
1518 1471 1661 1577 hosti-

201 1611 312 1738 bus,
349 1655 400 1718 ut
435 1619 585 1758 copias
621 1617 775 1717 Caroli
818 1615 1135 1758 specularetur.
1179 1626 1336 1783 quue
1371 1616 1519 1718 triduo
1563 1631 1661 1724 Rex

200 1757 291 1900 Ipse
341 1761 505 1880 affuit,
544 1760 616 1860 cui
665 1761 814 1860 castris
855 1761 1228 1903 appropinquanti
1282 1763 1466 1863 Carolus
1520 1757 1660 1870 officii

198 1905 339 2045 gratia
373 1905 645 2007 Fernandum
681 1904 894 2004 Toletum
936 1906 1160 2006 Albanum
1196 1919 1391 2024 Ducem,
1427 1941 1472 2004 et
1506 1910 1659 2009 Anto-

197 2047 327 2150 nium
362 2046 670 2148 Pimentellum
704 2046 940 2150 Beneventi
974 2049 1205 2150 Comitem
1242 2087 1346 2149 cum
1383 2087 1549 2217 magno
1577 2089 1657 2156 no·

199 2186 363 2293 bilium
409 2191 611 2292 virorum
658 2190 874 2293 comitatu
928 2191 1112 2294 obviam
1156 2192 1450 2335 procedere
1436 2191 1658 2322 jussit‚a

198 2333 363 2476 quibus
398 2331 642 2436 honorifice
679 2336 926 2455 deductus,
961 2335 1140 2476 supplex
1181 2333 1392 2435 Carolum
1427 2335 1657 2459 salutavit,

197 2515 490 2621 exceptusque
531 2475 588 2578 ab
631 2519 686 2578 eo
728 2517 791 2580 est
848 2515 954 2579 cum
1003 2479 1176 2622 egregia
1222 2478 1461 2579 comitate
1515 2481 1658 2583 Venit

197 2659 346 2725 autem
380 2662 484 2724 cum
517 2656 660 2722 turma
696 2622 922 2724 dumtaxat
957 2621 1450 2784 quadringentorum
1412 2655 1583 2723 crrcrter
1612 2666 1658 2724 e

198 2766 379 2906 quitum
416 2765 553 2907 patrio
591 2803 717 2866 more
753 2765 1019 2908 longissimis
1054 2763 1220 2887 hastis,
1264 2800 1309 2865 et
1351 2765 1459 2866 item
1501 2763 1656 2870 brevi-

197 2905 306 3028 bus,
343 2907 456 3010 binis
491 2907 682 3031 scilicet,
717 2945 1024 3019 armatorum3
1062 2909 1079 3010 i
1112 2951 1155 3010 se
1196 2908 1317 3010 cultu
1352 2946 1536 3048 patum,
1578 2947 1655 3014 aut

196 2987 310 3153 nihil
345 3051 579 3156 abhorrens
613 3095 640 3155 a
668 3054 925 3173 communi,
946 3090 992 3154 et
1020 2949 1221 3216 vulgari.
1259 3061 1362 3153 Hos
1387 3091 1540 3154 omnes
1567 3066 1655 3156 Ca

195 3196 343 3315 tolus,
389 3231 433 3298 et
467 3196 653 3361 quidam
694 3199 961 3360 principum
980 3197 1287 3340 Hispanorum
1321 3193 1467 3296 sericis
1509 3194 1656 3298 hone-

196 3273 491 3482 stiotiliusque
528 3342 669 3484 sagis,
709 3341 871 3486 quibus
907 3341 1020 3443 tritis
1056 3377 1098 3446 et
1134 3341 1282 3442 laceris
1317 3339 1536 3446 seminudi
1571 3383 1653 3444 ve

197 3519 383 3604 nerant,
420 3483 666 3589 vestiendos
702 3518 984 3588 curaverunt.
1027 3496 1124 3588 Rex
1159 3520 1309 3589 tamen
1344 3520 1527 3627 accepto
1554 3525 1653 3590 mu-

195 3664 296 3729 nere
331 3627 490 3730 adduci
524 3667 617 3729 non
654 3628 832 3771 potuit,
866 3663 917 3731 ut
950 3628 1199 3773 quidquam
1234 3671 1287 3734 ex
1321 3628 1504 3771 pristino
1536 3625 1654 3732 habi·

196 3806 248 3872 tu
285 3807 505 3894 mutaret,
540 3772 729 3894 scilicet,
748 3807 798 3876 ut
831 3776 1009 3877 doceret
1044 3775 1407 3877 vestimentorum
1432 3771 1636 3871 illam
1592 3811 1654 3874 vt

194 3913 363 4018 litatem
404 3948 496 4019 non
537 3917 654 4020 ab
643 3919 796 4060 inopia
837 3917 1094 4062 proficisci,
1137 3919 1211 4018 sed
1254 3957 1281 4016 a
1321 3909 1569 4058 frugalitate
1609 3952 1653 4018 et

192 4059 493 4225 parsimonia,
525 4092 616 4202 qua
651 4062 868 4206 singulari
895 4064 963 4165 uti
996 4096 1165 4164 constat
1200 4055 1415 4161 Afrorum
1448 4095 1653 4202 gentem,

192 4239 244 4305 ut
278 4204 324 4305 in
358 4204 514 4325 victu,
551 4205 636 4307 sic
646 4207 696 4308 in
731 4207 859 4309 omni
892 4205 1090 4348 corporis
1126 4203 1273 4307 cultu.

265 4354 362 4450 XII.
409 4359 538 4452 Post
501 4377 791 4452 scertamen
826 4350 1067 4515 superius
1060 4348 1205 4452 hostes
1246 4344 1474 4451 tormentis
1515 4344 1651 4450 amis-

192 4487 247 4595 sis
266 4488 341 4592 ab
375 4493 691 4638 impugnandis
724 4494 913 4639 quidem
948 4493 1133 4658 pristina
1166 4491 1338 4595 tatione
1371 4486 1518 4594 castris
1567 4491 1657 4594 de-¹

193 4636 445 4748 stiterunt3
472 4642 572 4740 ιιι
593 4641 987 4764 animadvertentes
1028 4637 1280 4744 turriculam
1315 4634 1614 4778 quamdam
1600 4675 1651 4738 m

194 4801 429 4971 conspeetu
463 4809 706 4890 castrorum
741 4784 935 4931 positam
970 4823 997 4886 a
1036 4779 1484 5032 paucigberistianis
1527 4779 1652 4884 mili·

981 4995 984 5003 *
1129 4937 1163 5032 B
1243 4967 1271 5029 ι
1597 4921 1652 5026 ti-
