4368 5984
565 399 725 476 rxvrn.
1010 375 1604 490 tonueritsarutvrnaa

541 523 682 636 pteris,
703 517 768 605 sed
785 516 1113 636 typographorum
1135 543 1200 602 seu
1216 512 1356 602 incuria
1372 543 1437 602 seu
1453 515 1684 634 ignorantia,
1706 540 1750 604 ur
1771 517 1903 607 mirari
1915 519 1995 635 ianr

541 665 622 723 non
639 639 799 742 subeat,
816 637 999 722 Huetium
1016 661 1131 751 arque
1148 633 1354 722 nonnullos
1372 634 1462 720 alios
1477 664 1559 722 non
1584 638 1742 723 omnino
1758 635 1809 723 de
1825 667 1877 724 ea
1892 640 1995 726 bene

540 755 862 851 sensisse.'Quare
879 752 1089 870 Sepulveda
1102 754 1179 868 ipse
1194 751 1390 838 Valdolito
1407 752 1494 837 Kal.
1514 759 1616 872 Aug.
1637 783 1726 840 ann.
1749 777 1866 867 1549
1895 757 1995 844 litte·

543 903 601 960 ras
620 890 635 932 ¹
658 873 762 961 dedit
786 875 836 960 ad
852 873 1109 958 Vascosanum
1123 929 1137 976 ,
1151 869 1190 953 in
1206 871 1341 984 quibus
1365 899 1454 954 eum
1479 873 1678 958 admonuit
1696 873 1865 978 menda,
1891 903 1996 989 quae

542 1018 624 1077 non
653 1019 772 1106 pauca
798 990 910 1076 libros
927 990 975 1075 de
991 988 1152 1099 Republ.
1170 989 1422 1102 percurrendo
1439 985 1673 1096 offenderat,
1689 1020 1829 1106 magna
1847 1022 1873 1076 a
1889 1021 1931 1076 se
1947 993 1996 1079 di

543 1106 566 1192 li
594 1111 693 1195 entia
706 1131 838 1196 notata
855 1170 867 1214 ,
883 1137 964 1223 quo
981 1132 1105 1222 posset
1119 1135 1216 1220 opus
1231 1106 1279 1189 ab
1296 1105 1335 1190 iis
1351 1108 1578 1224 perpurgari.
1610 1109 1733 1194 Nobis
1749 1138 1847 1194 vero
1864 1137 1996 1194 exent-

543 1139 622 1342 plar
652 1225 810 1313 nancisci
837 1225 996 1341 contigit
1023 1223 1193 1310 editionis
1221 1222 1423 1308 Parisiensis
1438 1226 1643 1311 Vascosani
1658 1225 1727 1332 ,in
1752 1254 1835 1340 qua
1869 1225 1997 1340 plures

543 1345 755 1458 conspicere
776 1343 860 1430 licet
882 1343 1162 1430 emendationes
1186 1340 1227 1425 in
1255 1371 1361 1426 suam
1391 1341 1625 1448 versionem,
1642 1368 1681 1428 et
1710 1344 1931 1430 additiones
1955 1346 1994 1431 in
2047 1397 2051 1404 ·

518 1464 713 1573 scholia,
745 1461 831 1547 alias
859 1461 966 1576 ipsius
988 1460 1148 1558 auctoris
1177 1487 1293 1544 manu
1318 1459 1509 1575 appictas,
1536 1460 1623 1546 alias
1645 1461 1791 1547 alterius
1822 1491 1873 1547 ex
1889 1463 1998 1578 scrip

544 1582 716 1686 roribus,
740 1579 877 1697 quibus
903 1609 990 1666 usus
1018 1602 1073 1666 est
1094 1576 1306 1692 Sepulveda
1334 1577 1373 1662 in
1399 1578 1644 1664 describendis
1659 1580 1786 1665 Caroli
1805 1581 1848 1664 V
1873 1579 1996 1667 histo-

545 1697 620 1784 riae
645 1697 866 1803 codicibus,
893 1697 961 1815 qui
985 1696 1194 1782 hodiedum
1223 1694 1262 1780 in
1278 1695 1508 1783 Academiae
1524 1719 1672 1782 nostrae
1687 1696 1923 1784 bibliotheca
1937 1728 1996 1785 as·

544 1842 750 1903 servantur.
781 1820 826 1900 ln
840 1809 967 1901 fronte
988 1813 1097 1929 hujus
1120 1811 1334 1928 exemplaris
1357 1813 1534 1927 scriptum
1556 1815 1757 1930 reperimus
1772 1845 1926 1922 manu,
1949 1837 1996 1904 ut

543 1935 653 2020 nobis
684 1931 838 2050 quidem
871 1932 1047 2037 videtur,
1073 1932 1249 2017 Andreae
1266 1931 1604 2017 GonzaliiBarciae
1622 1991 1637 2039 ,
1652 1934 1759 2051 Regii
1782 1935 1991 2050 quondam

544 2051 697 2136 Consilii
714 2047 927 2156 Senatoris,
943 2047 1011 2138 viri
1026 2048 1163 2164 scriptis
1179 2046 1384 2154 notissimi,
1401 2050 1583 2134 Paratum
1606 2053 1655 2134 ab
1669 2059 1753 2160 ipso
1767 2067 1928 2137 auctore
1943 2055 1999 2137 nd

544 2175 658 2254 aliam
672 2175 864 2254 editiorem
879 2172 1048 2252 videtur.
1083 2166 1157 2252 Sed
1174 2194 1261 2251 cunr
1278 2193 1402 2280 neque
1419 2165 1457 2250 in
1481 2167 1646 2254 editione
1658 2168 1910 2276 Coloniensi,
1928 2198 1992 2256 ne·

545 2313 622 2402 que
642 2285 900 2373 inMatritensi
915 2284 1130 2399 hujusmodi
1144 2283 1425 2370 emendationes
1441 2311 1484 2369 ac
1498 2284 1709 2373 additiones
1723 2287 1886 2376 insertae
1903 2287 1992 2394 sint,

427 2508 432 2518 .
546 2431 672 2520 neque
687 2435 711 2490 a
727 2407 946 2490 Vascosano
962 2463 976 2509 ,
990 2400 1099 2517 quod
1113 2401 1281 2507 sciamus,
1298 2403 1334 2486 in
1350 2400 1472 2488 lucem
1489 2402 1624 2508 editae,
1639 2433 1776 2519 operae
1792 2434 1867 2496 nos
1884 2434 1992 2522 prae·

544 2521 640 2610 rium
655 2521 817 2608 facturos
832 2519 1142 2625 existimavimus,
1159 2519 1188 2602 si
1203 2546 1265 2603 eas
1292 2547 1392 2604 nunc
1407 2547 1539 2606 omnes
1555 2545 1642 2636 post
1663 2523 1765 2607 hunc
1781 2553 1988 2611 commen·

544 2640 678 2723 tarium
701 2641 770 2725 sub
792 2666 912 2724 unum
942 2660 1184 2751 conspectum
1208 2634 1484 2742 exhiberemus,
1508 2637 1667 2755 digitum
1692 2641 1741 2727 ad
1758 2640 1845 2744 loca
1868 2645 1991 2728 inten-

421 2797 423 2802 ’
545 2756 676 2843 dentes
694 2819 705 2863 ,
723 2756 786 2842 ubi
802 2779 912 2843 erunt
927 2754 1171 2858 inserendae,
1195 2752 1381 2870 siquando
1399 2754 1632 2870 Sepulvedae
1657 2758 1870 2846 versionem
1891 2759 1990 2875 typis

545 2871 678 2961 iterum
706 2873 803 2960 tradi
828 2872 1037 2990 contigerit.
1076 2871 1134 2958 Ut
1157 2899 1251 2958 vero
1280 2901 1434 2957 omnem
1461 2872 1660 2959 lectoribus
1684 2875 1895 2962 molestiam
1918 2877 1990 2962 exi·

546 3019 720 3098 mamus,
750 2990 902 3109 paginas
933 3018 977 3075 ac
1006 2990 1119 3074 lineas
1147 2989 1339 3105 utriusque
1368 2989 1539 3077 editionis
1554 2991 1758 3080 Parisiensis
1786 3023 1836 3080 ac
1854 2994 1990 3084 Matri·
2019 3059 2028 3078 .

545 3109 655 3196 tensis
679 3106 944 3194 accuratissime
971 3107 1258 3224 designabimus.
1891 3173 1893 3176 -

632 3227 707 3312 Sed
723 3223 797 3338 jam
812 3251 959 3341 tempus
986 3251 1056 3310 nos
1080 3249 1194 3311 vocat
1208 3225 1257 3311 ad
1287 3223 1494 3313 enarranda
1511 3226 1671 3337 Dialogz'
1697 3231 1742 3312 de
1761 3230 1887 3338 justis
1902 3231 1990 3313 belli

544 3352 673 3427 causis
706 3339 783 3430 fata
807 3404 821 3449 ,
846 3372 961 3459 quem
989 3341 1116 3428 multis
1144 3371 1223 3428 non
1249 3343 1403 3429 arrisisse
1439 3369 1575 3430 notum
1612 3371 1668 3430 est
1698 3346 1802 3462 apud
1836 3375 1983 3434 omnes.

543 3465 644 3546 Inter
671 3489 737 3546 eos
769 3484 927 3567 autem,
950 3460 1017 3576 qui
1041 3459 1204 3546 libellum
1231 3460 1314 3546 stilo
1338 3457 1542 3547 confodere
1557 3463 1635 3547 ausi
1660 3490 1774 3567 sunt,
1788 3465 1988 3579 praecipue

543 3578 795 3665 nominandus
824 3577 927 3666 venir
970 3577 1175 3694 ‚Melchior
1196 3579 1326 3663 Canus
1359 3579 1630 3665 Dom'dricanae
1673 3578 1831 3666 familiae
1873 3585 1987 3668 decus

543 3693 754 3813 singulare,
783 3695 841 3782 vir
884 3724 954 3782 suo
987 3693 1135 3780 saeculo
1180 3694 1411 3782 doctissimus
1451 3725 1687 3813 magnaeque
1726 3698 1985 3802 auctoritatis,

544 3813 609 3899 sed
647 3813 714 3930 qui
759 3811 872 3897 nimia
908 3811 964 3898 sui
1001 3810 1246 3898 admiratione
1285 3837 1476 3929 correptus
1518 3814 1675 3900 aliorum
1702 3814 1829 3902 laudes
1867 3813 1986 3901 nomi·

543 3928 674 4044 nisque
716 3929 966 4017 celebritatem
1013 3927 1146 4017 invidis
1189 3926 1336 4036 oculis,
1380 3955 1494 4045 prout
1524 3931 1694 4018 nonnulli
1736 3933 1890 4048 quidem
1918 3930 1988 4016 exi·

542 4045 778 4154 stirnabant,
817 4071 995 4135 cerneret.
1038 4051 1169 4162 ltaque
1200 4045 1480 4158 Sepulvcdam,
1522 4049 1587 4164 qui
1628 4050 1665 4134 in
1699 4050 1804 4138 omni
1845 4051 1987 4136 littera-

542 4190 629 4250 rum
664 4191 800 4282 genere
824 4194 984 4280 regnum
1022 4189 1113 4281 tunc
1154 4163 1330 4277 temporis
1357 4165 1462 4279 apud
1492 4167 1680 4282 Hispanos
1705 4167 1874 4254 obtinere
1897 4163 1986 4281 qui·

544 4279 702 4370 busdam
720 4280 967 4389 censebatur,
989 4283 1093 4397 quasi
1118 4311 1183 4394 per
1199 4282 1366 4368 occultos
1389 4282 1577 4368 cuniculos
1600 4313 1822 4401 oppugnare
1837 4309 1985 4402 aggres-

543 4427 604 4484 sus
619 4425 686 4486 est.
717 4403 814 4485 Rem
831 4398 904 4485 late
928 4424 1054 4485 noster
1080 4398 1235 4511 explicat
1261 4401 1299 4485 in
1337 4398 1491 4515 epistola
1514 4403 1565 4486 ab
1580 4429 1628 4486 eo
1648 4431 1695 4487 ex
1723 4403 1794 4487 suis
1823 4399 1983 4486 hibernis

543 4517 851 4604 Cordubensibus
873 4516 924 4602 ad
938 4520 1087 4601 Canum
1114 4517 1321 4602 transmissa
1336 4517 1513 4631 postridie
1538 4520 1693 4605 brumae
1725 4521 1772 4622 (i.
1784 4549 1818 4604 e.
1833 4551 1879 4604 tn.
1895 4515 1980 4602 Kal.

542 4631 658 4752 Jan.)
696 4633 785 4720 anni
812 4633 872 4720 Μ.
882 4637 934 4719 D.
967 4636 1139 4721 XLVlll.
1180 4661 1279 4750 quae
1328 4634 1481 4750 quidem
1520 4636 1673 4770 epistola
1699 4637 1915 4727 adservatur
1910 4661 1981 4838 Rteq

558 4853 606 4968 'a
644 4889 876 4978 ursusxxv.
890 4892 960 4961 tut.
975 4855 1079 4958 cotia.
