<?xml version="1.0" encoding="UTF-8"?>
<!DOCTYPE html PUBLIC "-//W3C//DTD XHTML 1.0 Transitional//EN"
    "http://www.w3.org/TR/xhtml1/DTD/xhtml1-transitional.dtd">
<html xmlns="http://www.w3.org/1999/xhtml" xml:lang="en" lang="en">
 <head>
  <title>
</title>
<meta http-equiv="Content-Type" content="text/html;charset=utf-8" />
  <meta name='ocr-system' content='tesseract 3.04.00' />
  <meta name='ocr-capabilities' content='ocr_page ocr_carea ocr_par ocr_line ocrx_word'/>
</head>
<body>
  <div class='ocr_page' id='page_1' title='image "./joannisgenesiis02sepgoog_0583.png"; bbox 0 0 4294 5972; ppageno 0'>
   <div class='ocr_carea' id='block_1_1' title="bbox 582 473 1580 578">
    <p class='ocr_par' dir='ltr' id='par_1_1' title="bbox 582 473 1580 578">
     <span class='ocr_line' id='line_1_1' title="bbox 582 473 1580 578; baseline 0.018 -19"><span class='ocrx_word' id='word_1_1' title='bbox 582 473 822 560; x_wconf 81' lang='lat' dir='ltr'>CAROLI</span> <span class='ocrx_word' id='word_1_2' title='bbox 862 475 916 557; x_wconf 86' lang='lat' dir='ltr'><strong>V.</strong></span> <span class='ocrx_word' id='word_1_3' title='bbox 958 475 1068 556; x_wconf 79' lang='lat' dir='ltr'>LIII.</span> <span class='ocrx_word' id='word_1_4' title='bbox 1116 478 1188 558; x_wconf 83' lang='lat' dir='ltr'><strong>XI.</strong></span> <span class='ocrx_word' id='word_1_5' title='bbox 1495 485 1580 578; x_wconf 83' lang='lat'><strong>339</strong></span> 
     </span>
    </p>
   </div>
   <div class='ocr_carea' id='block_1_2' title="bbox 140 630 1709 4943">
    <p class='ocr_par' dir='ltr' id='par_1_2' title="bbox 140 630 1645 3465">
     <span class='ocr_line' id='line_1_2' title="bbox 174 630 1621 774; baseline -0.003 -29"><span class='ocrx_word' id='word_1_6' title='bbox 174 637 336 760; x_wconf 87' lang='lat' dir='ltr'><strong>causis,</strong></span> <span class='ocrx_word' id='word_1_7' title='bbox 372 671 475 738; x_wconf 92' lang='lat' dir='ltr'><strong>cum</strong></span> <span class='ocrx_word' id='word_1_8' title='bbox 510 635 671 774; x_wconf 83' lang='lat' dir='ltr'><strong>ma&#39;gna</strong></span> <span class='ocrx_word' id='word_1_9' title='bbox 711 630 978 770; x_wconf 88' lang='lat' dir='ltr'><strong>reipublicae</strong></span> <span class='ocrx_word' id='word_1_10' title='bbox 1023 639 1215 761; x_wconf 85' lang='lat' dir='ltr'><strong>jactura,</strong></span> <span class='ocrx_word' id='word_1_11' title='bbox 1255 631 1447 734; x_wconf 88' lang='lat' dir='ltr'><strong>secedere</strong></span> <span class='ocrx_word' id='word_1_12' title='bbox 1481 637 1621 740; x_wconf 90' lang='lat' dir='ltr'><strong>vidit.</strong></span> 
     </span>
     <span class='ocr_line' id='line_1_3' title="bbox 173 774 1623 919; baseline -0.003 -31"><span class='ocrx_word' id='word_1_13' title='bbox 173 788 249 889; x_wconf 86' lang='lat' dir='ltr'><strong>Ad</strong></span> <span class='ocrx_word' id='word_1_14' title='bbox 289 783 403 884; x_wconf 88' lang='lat' dir='ltr'><strong>hanc</strong></span> <span class='ocrx_word' id='word_1_15' title='bbox 447 776 727 880; x_wconf 86' lang='lat' dir='ltr'><strong>secessionem</strong></span> <span class='ocrx_word' id='word_1_16' title='bbox 771 774 1180 918; x_wconf 84' lang='lat' dir='ltr'>comprimendam,</span> <span class='ocrx_word' id='word_1_17' title='bbox 1216 775 1513 919; x_wconf 87' lang='lat' dir='ltr'>sedandosque</span> <span class='ocrx_word' id='word_1_18' title='bbox 1538 783 1623 890; x_wconf 89' lang='lat' dir='ltr'><strong>mi-</strong></span> 
     </span>
     <span class='ocr_line' id='line_1_4' title="bbox 173 917 1624 1056; baseline -0.001 -26"><span class='ocrx_word' id='word_1_19' title='bbox 173 930 305 1031; x_wconf 91' lang='lat' dir='ltr'><strong>litum</strong></span> <span class='ocrx_word' id='word_1_20' title='bbox 339 923 510 1026; x_wconf 86' lang='lat' dir='ltr'><strong>animos</strong></span> <span class='ocrx_word' id='word_1_21' title='bbox 559 920 864 1056; x_wconf 86' lang='lat' dir='ltr'>Hieronymus</span> <span class='ocrx_word' id='word_1_22' title='bbox 914 917 1137 1020; x_wconf 87' lang='lat' dir='ltr'><strong>Tutavilla</strong></span> <span class='ocrx_word' id='word_1_23' title='bbox 1171 918 1292 1020; x_wconf 89' lang='lat' dir='ltr'><strong>Sarni</strong></span> <span class='ocrx_word' id='word_1_24' title='bbox 1327 931 1520 1044; x_wconf 89' lang='lat' dir='ltr'><strong>Comes,</strong></span> <span class='ocrx_word' id='word_1_25' title='bbox 1555 925 1624 1028; x_wconf 86' lang='lat' dir='ltr'><strong>vir</strong></span> 
     </span>
     <span class='ocr_line' id='line_1_5' title="bbox 173 1061 1624 1212; baseline -0.002 -40"><span class='ocrx_word' id='word_1_26' title='bbox 173 1109 361 1212; x_wconf 87' lang='lat' dir='ltr'><strong>magnac</strong></span> <span class='ocrx_word' id='word_1_27' title='bbox 395 1068 510 1168; x_wconf 90' lang='lat' dir='ltr'><strong>inter</strong></span> <span class='ocrx_word' id='word_1_28' title='bbox 545 1063 662 1205; x_wconf 91' lang='lat' dir='ltr'><strong>ipsos</strong></span> <span class='ocrx_word' id='word_1_29' title='bbox 698 1062 965 1168; x_wconf 85' lang='lat' dir='ltr'>auctoritatis</span> <span class='ocrx_word' id='word_1_30' title='bbox 1001 1061 1185 1171; x_wconf 69' lang='lat' dir='ltr'><strong>missust</strong></span> <span class='ocrx_word' id='word_1_31' title='bbox 1221 1064 1294 1163; x_wconf 89' lang='lat' dir='ltr'><strong>sed</strong></span> <span class='ocrx_word' id='word_1_32' title='bbox 1321 1062 1509 1166; x_wconf 86' lang='lat' dir='ltr'><strong>clamore</strong></span> <span class='ocrx_word' id='word_1_33' title='bbox 1534 1070 1624 1169; x_wconf 87' lang='lat' dir='ltr'><strong>mi-</strong></span> 
     </span>
     <span class='ocr_line' id='line_1_6' title="bbox 173 1201 1624 1347; baseline -0.001 -32"><span class='ocrx_word' id='word_1_34' title='bbox 173 1215 305 1316; x_wconf 85' lang='lat' dir='ltr'><strong>litum</strong></span> <span class='ocrx_word' id='word_1_35' title='bbox 341 1213 482 1313; x_wconf 82' lang='lat' dir='ltr'>dicere</span> <span class='ocrx_word' id='word_1_36' title='bbox 516 1207 729 1347; x_wconf 86' lang='lat' dir='ltr'><strong>incipiens</strong></span> <span class='ocrx_word' id='word_1_37' title='bbox 766 1247 869 1308; x_wconf 91' lang='lat' dir='ltr'><strong>cum</strong></span> <span class='ocrx_word' id='word_1_38' title='bbox 903 1201 1052 1306; x_wconf 74' lang='lat' dir='ltr'><strong>luisset</strong></span> <span class='ocrx_word' id='word_1_39' title='bbox 1088 1215 1306 1340; x_wconf 89' lang='lat' dir='ltr'><strong>rejectus,</strong></span> <span class='ocrx_word' id='word_1_40' title='bbox 1350 1209 1519 1310; x_wconf 87' lang='lat' dir='ltr'><strong>transiit</strong></span> <span class='ocrx_word' id='word_1_41' title='bbox 1566 1214 1624 1314; x_wconf 83' lang='lat' dir='ltr'><strong>ad</strong></span> 
     </span>
     <span class='ocr_line' id='line_1_7' title="bbox 173 1349 1622 1499; baseline -0.001 -41"><span class='ocrx_word' id='word_1_42' title='bbox 173 1358 428 1497; x_wconf 89' lang='lat' dir='ltr'><strong>Hispanos,</strong></span> <span class='ocrx_word' id='word_1_43' title='bbox 462 1354 543 1499; x_wconf 92' lang='lat' dir='ltr'><strong>qui</strong></span> <span class='ocrx_word' id='word_1_44' title='bbox 577 1352 704 1494; x_wconf 90' lang='lat' dir='ltr'><strong>pauci</strong></span> <span class='ocrx_word' id='word_1_45' title='bbox 750 1350 961 1490; x_wconf 89' lang='lat' dir='ltr'><strong>imposito</strong></span> <span class='ocrx_word' id='word_1_46' title='bbox 996 1361 1177 1451; x_wconf 92' lang='lat' dir='ltr'><strong>Corone</strong></span> <span class='ocrx_word' id='word_1_47' title='bbox 1220 1349 1432 1489; x_wconf 88' lang='lat' dir='ltr'><strong>praesidio</strong></span> <span class='ocrx_word' id='word_1_48' title='bbox 1469 1393 1622 1495; x_wconf 88' lang='lat' dir='ltr'><strong>super-</strong></span> 
     </span>
     <span class='ocr_line' id='line_1_8' title="bbox 173 1491 1623 1636; baseline 0 -36"><span class='ocrx_word' id='word_1_49' title='bbox 173 1496 344 1602; x_wconf 75' lang='lat' dir='ltr'><strong>lucrant</strong></span> <span class='ocrx_word' id='word_1_50' title='bbox 356 1579 372 1622; x_wconf 90' lang='lat'><strong>,</strong></span> <span class='ocrx_word' id='word_1_51' title='bbox 408 1535 452 1601; x_wconf 93' lang='lat' dir='ltr'><strong>et</strong></span> <span class='ocrx_word' id='word_1_52' title='bbox 487 1535 537 1600; x_wconf 92' lang='lat' dir='ltr'><strong>ut</strong></span> <span class='ocrx_word' id='word_1_53' title='bbox 574 1532 694 1599; x_wconf 86' lang='lat' dir='ltr'><strong>erant</strong></span> <span class='ocrx_word' id='word_1_54' title='bbox 737 1493 784 1596; x_wconf 93' lang='lat' dir='ltr'><strong>in</strong></span> <span class='ocrx_word' id='word_1_55' title='bbox 821 1491 1119 1636; x_wconf 88' lang='lat' dir='ltr'><strong>prioreparte</strong></span> <span class='ocrx_word' id='word_1_56' title='bbox 1160 1493 1345 1636; x_wconf 84' lang='lat' dir='ltr'><strong>agminis</strong></span> <span class='ocrx_word' id='word_1_57' title='bbox 1387 1495 1623 1621; x_wconf 90' lang='lat' dir='ltr'><strong>collocati,</strong></span> 
     </span>
     <span class='ocr_line' id='line_1_9' title="bbox 171 1638 1623 1785; baseline 0 -40"><span class='ocrx_word' id='word_1_58' title='bbox 171 1644 348 1747; x_wconf 87' lang='lat' dir='ltr'><strong>ulterius</strong></span> <span class='ocrx_word' id='word_1_59' title='bbox 383 1643 515 1785; x_wconf 87' lang='lat' dir='ltr'><strong>paulo</strong></span> <span class='ocrx_word' id='word_1_60' title='bbox 549 1672 870 1783; x_wconf 88' lang='lat' dir='ltr'><strong>processerant,</strong></span> <span class='ocrx_word' id='word_1_61' title='bbox 906 1638 1170 1780; x_wconf 90' lang='lat' dir='ltr'><strong>eosdemque</strong></span> <span class='ocrx_word' id='word_1_62' title='bbox 1205 1677 1293 1738; x_wconf 88' lang='lat' dir='ltr'><strong>sese</strong></span> <span class='ocrx_word' id='word_1_63' title='bbox 1330 1640 1531 1777; x_wconf 90' lang='lat' dir='ltr'><strong>protinus</strong></span> <span class='ocrx_word' id='word_1_64' title='bbox 1566 1645 1623 1745; x_wconf 92' lang='lat' dir='ltr'><strong>ad</strong></span> 
     </span>
     <span class='ocr_line' id='line_1_10' title="bbox 174 1777 1626 1929; baseline 0.001 -43"><span class='ocrx_word' id='word_1_65' title='bbox 174 1825 304 1890; x_wconf 88' lang='lat' dir='ltr'><strong>naves</strong></span> <span class='ocrx_word' id='word_1_66' title='bbox 337 1790 525 1929; x_wconf 91' lang='lat' dir='ltr'><strong>recipere</strong></span> <span class='ocrx_word' id='word_1_67' title='bbox 559 1781 714 1917; x_wconf 79' lang='lat' dir='ltr'><strong>jubet3</strong></span> <span class='ocrx_word' id='word_1_68' title='bbox 749 1782 825 1884; x_wconf 91' lang='lat' dir='ltr'><strong>sed</strong></span> <span class='ocrx_word' id='word_1_69' title='bbox 861 1777 927 1881; x_wconf 91' lang='lat' dir='ltr'><strong>his</strong></span> <span class='ocrx_word' id='word_1_70' title='bbox 964 1783 1111 1922; x_wconf 81' lang='lat' dir='ltr'><strong>paucis</strong></span> <span class='ocrx_word' id='word_1_71' title='bbox 1152 1780 1432 1882; x_wconf 82' lang='lat' dir='ltr'><strong>redeuntibus</strong></span> <span class='ocrx_word' id='word_1_72' title='bbox 1478 1779 1626 1888; x_wconf 80' lang='lat' dir='ltr'><strong>futen·</strong></span> 
     </span>
     <span class='ocr_line' id='line_1_11' title="bbox 173 1924 1645 2041; baseline 0.001 -10"><span class='ocrx_word' id='word_1_73' title='bbox 173 1967 235 2031; x_wconf 86' lang='lat' dir='ltr'><strong>tes</strong></span> <span class='ocrx_word' id='word_1_74' title='bbox 267 1931 402 2031; x_wconf 88' lang='lat' dir='ltr'><strong>Italici</strong></span> <span class='ocrx_word' id='word_1_75' title='bbox 438 1927 740 2032; x_wconf 87' lang='lat' dir='ltr'><strong>denuntiatum</strong></span> <span class='ocrx_word' id='word_1_76' title='bbox 774 1925 986 2041; x_wconf 92' lang='lat' dir='ltr'><strong>mittunt,</strong></span> <span class='ocrx_word' id='word_1_77' title='bbox 1022 1962 1073 2025; x_wconf 89' lang='lat' dir='ltr'><strong>ut</strong></span> <span class='ocrx_word' id='word_1_78' title='bbox 1108 1924 1193 2024; x_wconf 89' lang='lat' dir='ltr'><strong>nisi</strong></span> <span class='ocrx_word' id='word_1_79' title='bbox 1226 1925 1380 2026; x_wconf 85' lang='lat' dir='ltr'><strong>malint</strong></span> <span class='ocrx_word' id='word_1_80' title='bbox 1425 1926 1537 2029; x_wconf 89' lang='lat' dir='ltr'><strong>vires</strong></span> <span class='ocrx_word' id='word_1_81' title='bbox 1579 1951 1645 2032; x_wconf 79' lang='lat' dir='ltr'><strong>et&#39;</strong></span> 
     </span>
     <span class='ocr_line' id='line_1_12' title="bbox 173 2066 1624 2212; baseline 0.001 -39"><span class='ocrx_word' id='word_1_82' title='bbox 173 2074 282 2173; x_wconf 88' lang='lat' dir='ltr'><strong>iram</strong></span> <span class='ocrx_word' id='word_1_83' title='bbox 316 2074 515 2212; x_wconf 89' lang='lat' dir='ltr'><strong>ipsorum</strong></span> <span class='ocrx_word' id='word_1_84' title='bbox 551 2068 779 2211; x_wconf 87' lang='lat' dir='ltr'><strong>experiri,</strong></span> <span class='ocrx_word' id='word_1_85' title='bbox 821 2104 950 2168; x_wconf 92' lang='lat' dir='ltr'><strong>suum</strong></span> <span class='ocrx_word' id='word_1_86' title='bbox 992 2066 1226 2167; x_wconf 90' lang='lat' dir='ltr'><strong>consilium</strong></span> <span class='ocrx_word' id='word_1_87' title='bbox 1285 2067 1534 2173; x_wconf 89' lang='lat' dir='ltr'><strong>institutum</strong></span> <span class='ocrx_word' id='word_1_88' title='bbox 1569 2115 1624 2175; x_wconf 88' lang='lat' dir='ltr'><strong>ue</strong></span> 
     </span>
     <span class='ocr_line' id='line_1_13' title="bbox 175 2115 1624 2358; baseline 0 -42"><span class='ocrx_word' id='word_1_89' title='bbox 175 2252 484 2358; x_wconf 85' lang='lat' dir='ltr'><strong>sequerentur.</strong></span> <span class='ocrx_word' id='word_1_90' title='bbox 521 2225 584 2314; x_wconf 89' lang='lat' dir='ltr'><strong>Ita</strong></span> <span class='ocrx_word' id='word_1_91' title='bbox 618 2251 727 2354; x_wconf 91' lang='lat' dir='ltr'><strong>cum</strong></span> <span class='ocrx_word' id='word_1_92' title='bbox 758 2209 886 2353; x_wconf 88' lang='lat' dir='ltr'><strong>pauci</strong></span> <span class='ocrx_word' id='word_1_93' title='bbox 919 2209 1163 2326; x_wconf 86' lang='lat' dir='ltr'><strong>multorum</strong></span> <span class='ocrx_word' id='word_1_94' title='bbox 1198 2210 1344 2311; x_wconf 89' lang='lat' dir='ltr'><strong>studio</strong></span> <span class='ocrx_word' id='word_1_95' title='bbox 1381 2248 1515 2353; x_wconf 87' lang='lat' dir='ltr'><strong>atque</strong></span> <span class='ocrx_word' id='word_1_96' title='bbox 1536 2115 1624 2318; x_wconf 72' lang='lat' dir='ltr'><strong>lu-</strong></span> 
     </span>
     <span class='ocr_line' id='line_1_14' title="bbox 174 2353 1621 2496; baseline -0.001 -34"><span class='ocrx_word' id='word_1_97' title='bbox 174 2361 266 2462; x_wconf 91' lang='lat' dir='ltr'><strong>rori</strong></span> <span class='ocrx_word' id='word_1_98' title='bbox 302 2359 489 2460; x_wconf 89' lang='lat' dir='ltr'><strong>resistere</strong></span> <span class='ocrx_word' id='word_1_99' title='bbox 530 2356 791 2496; x_wconf 85' lang='lat' dir='ltr'><strong>nequirent,</strong></span> <span class='ocrx_word' id='word_1_100' title='bbox 836 2393 989 2456; x_wconf 91' lang='lat' dir='ltr'><strong>omnes</strong></span> <span class='ocrx_word' id='word_1_101' title='bbox 1024 2353 1073 2455; x_wconf 92' lang='lat' dir='ltr'><strong>in</strong></span> <span class='ocrx_word' id='word_1_102' title='bbox 1114 2393 1256 2454; x_wconf 92' lang='lat' dir='ltr'><strong>unum</strong></span> <span class='ocrx_word' id='word_1_103' title='bbox 1297 2394 1621 2461; x_wconf 89' lang='lat' dir='ltr'><strong>convenerunt.</strong></span> 
     </span>
     <span class='ocr_line' id='line_1_15' title="bbox 173 2498 1625 2640; baseline -0.002 -34"><span class='ocrx_word' id='word_1_104' title='bbox 173 2505 257 2606; x_wconf 86' lang='lat' dir='ltr'><strong>Sed</strong></span> <span class='ocrx_word' id='word_1_105' title='bbox 291 2505 399 2604; x_wconf 92' lang='lat' dir='ltr'><strong>dum</strong></span> <span class='ocrx_word' id='word_1_106' title='bbox 435 2501 553 2600; x_wconf 89' lang='lat' dir='ltr'><strong>varia</strong></span> <span class='ocrx_word' id='word_1_107' title='bbox 587 2534 632 2599; x_wconf 90' lang='lat' dir='ltr'><strong>et</strong></span> <span class='ocrx_word' id='word_1_108' title='bbox 665 2499 870 2640; x_wconf 82' lang='lat' dir='ltr'><strong>pleraque</strong></span> <span class='ocrx_word' id='word_1_109' title='bbox 903 2499 1034 2600; x_wconf 90' lang='lat' dir='ltr'><strong>stulta</strong></span> <span class='ocrx_word' id='word_1_110' title='bbox 1069 2498 1386 2639; x_wconf 86' lang='lat' dir='ltr'><strong>temerariaque</strong></span> <span class='ocrx_word' id='word_1_111' title='bbox 1422 2501 1625 2624; x_wconf 86' lang='lat' dir='ltr'><strong>consilia,</strong></span> 
     </span>
     <span class='ocr_line' id='line_1_16' title="bbox 174 2642 1625 2788; baseline -0.001 -42"><span class='ocrx_word' id='word_1_112' title='bbox 174 2681 226 2747; x_wconf 91' lang='lat' dir='ltr'><strong>ut</strong></span> <span class='ocrx_word' id='word_1_113' title='bbox 260 2645 371 2746; x_wconf 87' lang='lat' dir='ltr'><strong>inter</strong></span> <span class='ocrx_word' id='word_1_114' title='bbox 405 2646 533 2744; x_wconf 89' lang='lat' dir='ltr'><strong>iratos</strong></span> <span class='ocrx_word' id='word_1_115' title='bbox 568 2642 642 2742; x_wconf 87' lang='lat' dir='ltr'><strong>tali</strong></span> <span class='ocrx_word' id='word_1_116' title='bbox 676 2679 872 2784; x_wconf 87' lang='lat' dir='ltr'><strong>tempore</strong></span> <span class='ocrx_word' id='word_1_117' title='bbox 906 2643 1039 2761; x_wconf 92' lang='lat' dir='ltr'><strong>solet,</strong></span> <span class='ocrx_word' id='word_1_118' title='bbox 1075 2643 1316 2785; x_wconf 79' lang='lat' dir='ltr'><strong>agitarent,</strong></span> <span class='ocrx_word' id='word_1_119' title='bbox 1353 2679 1445 2743; x_wconf 87' lang='lat' dir='ltr'><strong>tam</strong></span> <span class='ocrx_word' id='word_1_120' title='bbox 1480 2645 1625 2788; x_wconf 85' lang='lat' dir='ltr'><strong>largus</strong></span> 
     </span>
     <span class='ocr_line' id='line_1_17' title="bbox 176 2783 1625 2928; baseline 0.001 -39"><span class='ocrx_word' id='word_1_121' title='bbox 176 2789 319 2889; x_wconf 92' lang='lat' dir='ltr'><strong>imber</strong></span> <span class='ocrx_word' id='word_1_122' title='bbox 363 2824 527 2928; x_wconf 85' lang='lat' dir='ltr'><strong>septem</strong></span> <span class='ocrx_word' id='word_1_123' title='bbox 574 2785 895 2888; x_wconf 88' lang='lat' dir='ltr'><strong>continentibus</strong></span> <span class='ocrx_word' id='word_1_124' title='bbox 939 2783 1091 2888; x_wconf 88' lang='lat' dir='ltr'><strong>diebus</strong></span> <span class='ocrx_word' id='word_1_125' title='bbox 1134 2823 1389 2889; x_wconf 91' lang='lat' dir='ltr'><strong>consecutus</strong></span> <span class='ocrx_word' id='word_1_126' title='bbox 1431 2822 1532 2909; x_wconf 89' lang='lat' dir='ltr'><strong>est,</strong></span> <span class='ocrx_word' id='word_1_127' title='bbox 1574 2825 1625 2891; x_wconf 92' lang='lat' dir='ltr'><strong>ut</strong></span> 
     </span>
     <span class='ocr_line' id='line_1_18' title="bbox 140 2926 1626 3071; baseline 0 -36"><span class='ocrx_word' id='word_1_128' title='bbox 140 2972 257 3035; x_wconf 92' lang='lat' dir='ltr'><strong>·nec</strong></span> <span class='ocrx_word' id='word_1_129' title='bbox 304 2926 560 3032; x_wconf 85' lang='lat' dir='ltr'><strong>frumentari</strong></span> <span class='ocrx_word' id='word_1_130' title='bbox 595 2969 668 3029; x_wconf 88' lang='lat' dir='ltr'><strong>eos</strong></span> <span class='ocrx_word' id='word_1_131' title='bbox 682 3007 697 3051; x_wconf 91' lang='lat'><strong>,</strong></span> <span class='ocrx_word' id='word_1_132' title='bbox 739 2972 818 3032; x_wconf 90' lang='lat' dir='ltr'><strong>nec</strong></span> <span class='ocrx_word' id='word_1_133' title='bbox 859 2931 961 3033; x_wconf 93' lang='lat' dir='ltr'><strong>loco</strong></span> <span class='ocrx_word' id='word_1_134' title='bbox 1005 2929 1177 3033; x_wconf 87' lang='lat' dir='ltr'><strong>moveri</strong></span> <span class='ocrx_word' id='word_1_135' title='bbox 1222 2929 1518 3071; x_wconf 86' lang='lat' dir='ltr'><strong>permitteret.</strong></span> <span class='ocrx_word' id='word_1_136' title='bbox 1561 2944 1626 3035; x_wconf 87' lang='lat' dir='ltr'><strong>Ita</strong></span> 
     </span>
     <span class='ocr_line' id='line_1_19' title="bbox 176 3072 1625 3217; baseline 0 -40"><span class='ocrx_word' id='word_1_137' title='bbox 176 3072 479 3177; x_wconf 85' lang='lat' dir='ltr'><strong>deficientibus</strong></span> <span class='ocrx_word' id='word_1_138' title='bbox 525 3073 888 3197; x_wconf 89' lang='lat' dir='ltr'><strong>commeatibus,</strong></span> <span class='ocrx_word' id='word_1_139' title='bbox 937 3075 1146 3216; x_wconf 85' lang='lat' dir='ltr'><strong>paulatim</strong></span> <span class='ocrx_word' id='word_1_140' title='bbox 1195 3075 1413 3174; x_wconf 90' lang='lat' dir='ltr'><strong>discedere</strong></span> <span class='ocrx_word' id='word_1_141' title='bbox 1463 3112 1625 3217; x_wconf 87' lang='lat' dir='ltr'><strong>coepe·</strong></span> 
     </span>
     <span class='ocr_line' id='line_1_20' title="bbox 175 3219 1626 3362; baseline 0.001 -42"><span class='ocrx_word' id='word_1_142' title='bbox 175 3257 312 3341; x_wconf 94' lang='lat' dir='ltr'><strong>runt,</strong></span> <span class='ocrx_word' id='word_1_143' title='bbox 362 3223 623 3362; x_wconf 81' lang='lat' dir='ltr'><strong>receptaque</strong></span> <span class='ocrx_word' id='word_1_144' title='bbox 679 3219 859 3322; x_wconf 85' lang='lat' dir='ltr'><strong>sanitate</strong></span> <span class='ocrx_word' id='word_1_145' title='bbox 916 3219 1127 3360; x_wconf 89' lang='lat' dir='ltr'><strong>supplices</strong></span> <span class='ocrx_word' id='word_1_146' title='bbox 1180 3257 1334 3320; x_wconf 85' lang='lat' dir='ltr'><strong>omnes</strong></span> <span class='ocrx_word' id='word_1_147' title='bbox 1385 3219 1442 3321; x_wconf 88' lang='lat' dir='ltr'><strong>ad</strong></span> <span class='ocrx_word' id='word_1_148' title='bbox 1492 3259 1626 3325; x_wconf 85' lang='lat' dir='ltr'><strong>naves</strong></span> 
     </span>
     <span class='ocr_line' id='line_1_21' title="bbox 177 3365 425 3465; baseline -0.008 -1"><span class='ocrx_word' id='word_1_149' title='bbox 177 3365 425 3465; x_wconf 88' lang='lat' dir='ltr'><strong>redierunt.</strong></span> 
     </span>
    </p>

    <p class='ocr_par' dir='ltr' id='par_1_3' title="bbox 175 3502 1709 4943">
     <span class='ocr_line' id='line_1_22' title="bbox 254 3502 1625 3624; baseline 0.001 -16"><span class='ocrx_word' id='word_1_150' title='bbox 254 3516 506 3612; x_wconf 82' lang='lat' dir='ltr'>XXXVIII.</span> <span class='ocrx_word' id='word_1_151' title='bbox 588 3514 711 3609; x_wconf 91' lang='lat' dir='ltr'><strong>Tum</strong></span> <span class='ocrx_word' id='word_1_152' title='bbox 746 3503 909 3608; x_wconf 44' lang='lat' dir='ltr'><strong>&#39;Doria</strong></span> <span class='ocrx_word' id='word_1_153' title='bbox 954 3503 1098 3610; x_wconf 87' lang='lat' dir='ltr'><strong>fauces</strong></span> <span class='ocrx_word' id='word_1_154' title='bbox 1145 3505 1265 3611; x_wconf 86' lang='lat' dir='ltr'><strong>Sinus</strong></span> <span class='ocrx_word' id='word_1_155' title='bbox 1316 3502 1625 3624; x_wconf 84' lang='lat' dir='ltr'><strong>Corinthiaci,</strong></span> 
     </span>
     <span class='ocr_line' id='line_1_23' title="bbox 176 3647 1625 3793; baseline 0.004 -45"><span class='ocrx_word' id='word_1_156' title='bbox 176 3687 289 3789; x_wconf 88' lang='lat' dir='ltr'><strong>quae</strong></span> <span class='ocrx_word' id='word_1_157' title='bbox 339 3650 484 3751; x_wconf 90' lang='lat' dir='ltr'><strong>minus</strong></span> <span class='ocrx_word' id='word_1_158' title='bbox 533 3649 654 3753; x_wconf 90' lang='lat' dir='ltr'><strong>mille</strong></span> <span class='ocrx_word' id='word_1_159' title='bbox 706 3647 898 3792; x_wconf 88' lang='lat' dir='ltr'><strong>passibus</strong></span> <span class='ocrx_word' id='word_1_160' title='bbox 939 3650 984 3752; x_wconf 74' lang='lat' dir='ltr'><strong>ln</strong></span> <span class='ocrx_word' id='word_1_161' title='bbox 1033 3652 1311 3754; x_wconf 90' lang='lat' dir='ltr'><strong>latitudinem</strong></span> <span class='ocrx_word' id='word_1_162' title='bbox 1354 3687 1534 3793; x_wconf 83' lang='lat' dir='ltr'><strong>patent,</strong></span> <span class='ocrx_word' id='word_1_163' title='bbox 1575 3651 1625 3754; x_wconf 90' lang='lat' dir='ltr'><strong>in</strong></span> 
     </span>
     <span class='ocr_line' id='line_1_24' title="bbox 175 3791 1625 3937; baseline 0.002 -45"><span class='ocrx_word' id='word_1_164' title='bbox 175 3791 393 3893; x_wconf 85' lang='lat' dir='ltr'><strong>Aetoliam</strong></span> <span class='ocrx_word' id='word_1_165' title='bbox 428 3796 613 3926; x_wconf 87' lang='lat' dir='ltr'><strong>trajectis</strong></span> <span class='ocrx_word' id='word_1_166' title='bbox 663 3830 707 3894; x_wconf 90' lang='lat' dir='ltr'><strong>et</strong></span> <span class='ocrx_word' id='word_1_167' title='bbox 743 3836 795 3896; x_wconf 86' lang='lat' dir='ltr'><strong>ex</strong></span> <span class='ocrx_word' id='word_1_168' title='bbox 827 3794 946 3897; x_wconf 83' lang='lat' dir='ltr'><strong>osiris</strong></span> <span class='ocrx_word' id='word_1_169' title='bbox 982 3797 1149 3937; x_wconf 90' lang='lat' dir='ltr'><strong>copiis,</strong></span> <span class='ocrx_word' id='word_1_170' title='bbox 1183 3796 1231 3894; x_wconf 95' lang='lat' dir='ltr'><strong>in</strong></span> <span class='ocrx_word' id='word_1_171' title='bbox 1265 3796 1486 3894; x_wconf 86' lang='lat' dir='ltr'><strong>castellum</strong></span> <span class='ocrx_word' id='word_1_172' title='bbox 1522 3834 1625 3895; x_wconf 92' lang='lat' dir='ltr'><strong>mo·</strong></span> 
     </span>
     <span class='ocr_line' id='line_1_25' title="bbox 175 3836 1626 4078; baseline 0.003 -43"><span class='ocrx_word' id='word_1_173' title='bbox 175 3968 279 4055; x_wconf 79' lang='lat' dir='ltr'><strong>vet,</strong></span> <span class='ocrx_word' id='word_1_174' title='bbox 314 3938 438 4078; x_wconf 90' lang='lat' dir='ltr'><strong>quod</strong></span> <span class='ocrx_word' id='word_1_175' title='bbox 472 3935 646 4038; x_wconf 91' lang='lat' dir='ltr'><strong>duobus</strong></span> <span class='ocrx_word' id='word_1_176' title='bbox 681 3836 873 4040; x_wconf 75' lang='lat' dir='ltr'><strong>millibus</strong></span> <span class='ocrx_word' id='word_1_177' title='bbox 910 3976 1115 4078; x_wconf 88' lang='lat' dir='ltr'><strong>passuum</strong></span> <span class='ocrx_word' id='word_1_178' title='bbox 1150 3978 1176 4037; x_wconf 87' lang='lat' dir='ltr'><strong>a</strong></span> <span class='ocrx_word' id='word_1_179' title='bbox 1211 3935 1324 4036; x_wconf 90' lang='lat' dir='ltr'><strong>mari</strong></span> <span class='ocrx_word' id='word_1_180' title='bbox 1350 3934 1530 4060; x_wconf 84' lang='lat' dir='ltr'><strong>aberat,</strong></span> <span class='ocrx_word' id='word_1_181' title='bbox 1565 3936 1626 4039; x_wconf 87' lang='lat' dir='ltr'><strong>vi-</strong></span> 
     </span>
     <span class='ocr_line' id='line_1_26' title="bbox 176 4077 1623 4224; baseline 0.002 -46"><span class='ocrx_word' id='word_1_182' title='bbox 176 4077 309 4178; x_wconf 88' lang='lat' dir='ltr'><strong>riser</strong></span> <span class='ocrx_word' id='word_1_183' title='bbox 344 4080 468 4181; x_wconf 90' lang='lat' dir='ltr'><strong>armis</strong></span> <span class='ocrx_word' id='word_1_184' title='bbox 504 4083 822 4223; x_wconf 90' lang='lat' dir='ltr'><strong>tormentisque</strong></span> <span class='ocrx_word' id='word_1_185' title='bbox 850 4080 1178 4224; x_wconf 89' lang='lat' dir='ltr'><strong>permunitum.</strong></span> <span class='ocrx_word' id='word_1_186' title='bbox 1221 4089 1375 4222; x_wconf 89' lang='lat' dir='ltr'><strong>Itaque</strong></span> <span class='ocrx_word' id='word_1_187' title='bbox 1407 4078 1623 4185; x_wconf 87' lang='lat' dir='ltr'><strong>castellani</strong></span> 
     </span>
     <span class='ocr_line' id='line_1_27' title="bbox 177 4222 1709 4366; baseline 0.004 -47"><span class='ocrx_word' id='word_1_188' title='bbox 177 4257 345 4322; x_wconf 91' lang='lat' dir='ltr'><strong>nostros</strong></span> <span class='ocrx_word' id='word_1_189' title='bbox 381 4223 629 4323; x_wconf 90' lang='lat' dir='ltr'><strong>accedentes</strong></span> <span class='ocrx_word' id='word_1_190' title='bbox 666 4227 892 4326; x_wconf 90' lang='lat' dir='ltr'><strong>tormentis</strong></span> <span class='ocrx_word' id='word_1_191' title='bbox 929 4262 973 4325; x_wconf 91' lang='lat' dir='ltr'><strong>et</strong></span> <span class='ocrx_word' id='word_1_192' title='bbox 1009 4223 1176 4366; x_wconf 87' lang='lat' dir='ltr'><strong>sagittis</strong></span> <span class='ocrx_word' id='word_1_193' title='bbox 1217 4222 1477 4327; x_wconf 89' lang='lat' dir='ltr'><strong>submovere</strong></span> <span class='ocrx_word' id='word_1_194' title='bbox 1518 4225 1624 4327; x_wconf 89' lang='lat' dir='ltr'><strong>nite·</strong></span> <span class='ocrx_word' id='word_1_195' title='bbox 1704 4269 1709 4278; x_wconf 80' lang='grc'>’</span> 
     </span>
     <span class='ocr_line' id='line_1_28' title="bbox 177 4361 1625 4507; baseline 0.003 -41"><span class='ocrx_word' id='word_1_196' title='bbox 177 4361 362 4471; x_wconf 73' lang='lat' dir='ltr'><strong>banturs</strong></span> <span class='ocrx_word' id='word_1_197' title='bbox 397 4368 471 4464; x_wconf 93' lang='lat' dir='ltr'><strong>sed</strong></span> <span class='ocrx_word' id='word_1_198' title='bbox 513 4369 716 4507; x_wconf 88' lang='lat' dir='ltr'><strong>proxima</strong></span> <span class='ocrx_word' id='word_1_199' title='bbox 759 4404 890 4468; x_wconf 88' lang='lat' dir='ltr'><strong>nocte</strong></span> <span class='ocrx_word' id='word_1_200' title='bbox 933 4403 1151 4472; x_wconf 89' lang='lat' dir='ltr'><strong>tormenta</strong></span> <span class='ocrx_word' id='word_1_201' title='bbox 1193 4369 1330 4468; x_wconf 89' lang='lat' dir='ltr'><strong>nostri</strong></span> <span class='ocrx_word' id='word_1_202' title='bbox 1375 4368 1483 4470; x_wconf 90' lang='lat' dir='ltr'><strong>locis</strong></span> <span class='ocrx_word' id='word_1_203' title='bbox 1519 4369 1625 4470; x_wconf 89' lang='lat' dir='ltr'><strong>ido-</strong></span> 
     </span>
     <span class='ocr_line' id='line_1_29' title="bbox 176 4507 1625 4654; baseline 0.003 -46"><span class='ocrx_word' id='word_1_204' title='bbox 176 4510 269 4610; x_wconf 91' lang='lat' dir='ltr'><strong>neis</strong></span> <span class='ocrx_word' id='word_1_205' title='bbox 320 4508 558 4649; x_wconf 86' lang='lat' dir='ltr'><strong>disponunt</strong></span> <span class='ocrx_word' id='word_1_206' title='bbox 596 4549 642 4613; x_wconf 90' lang='lat' dir='ltr'><strong>et</strong></span> <span class='ocrx_word' id='word_1_207' title='bbox 683 4545 850 4631; x_wconf 84' lang='lat' dir='ltr'><strong>cetera,</strong></span> <span class='ocrx_word' id='word_1_208' title='bbox 888 4549 1002 4652; x_wconf 89' lang='lat' dir='ltr'><strong>quae</strong></span> <span class='ocrx_word' id='word_1_209' title='bbox 1037 4551 1145 4613; x_wconf 87' lang='lat' dir='ltr'><strong>mox</strong></span> <span class='ocrx_word' id='word_1_210' title='bbox 1172 4511 1269 4612; x_wconf 91' lang='lat' dir='ltr'><strong>usui</strong></span> <span class='ocrx_word' id='word_1_211' title='bbox 1298 4507 1625 4654; x_wconf 87' lang='lat' dir='ltr'><strong>oppugnationi</strong></span> 
     </span>
     <span class='ocr_line' id='line_1_30' title="bbox 177 4649 1623 4795; baseline 0.003 -45"><span class='ocrx_word' id='word_1_212' title='bbox 177 4649 353 4773; x_wconf 89' lang='lat' dir='ltr'><strong>forent,</strong></span> <span class='ocrx_word' id='word_1_213' title='bbox 390 4655 656 4795; x_wconf 85' lang='lat' dir='ltr'><strong>expediunt,</strong></span> <span class='ocrx_word' id='word_1_214' title='bbox 692 4692 912 4757; x_wconf 89' lang='lat' dir='ltr'><strong>nocturno</strong></span> <span class='ocrx_word' id='word_1_215' title='bbox 953 4653 1100 4790; x_wconf 88' lang='lat' dir='ltr'><strong>labore</strong></span> <span class='ocrx_word' id='word_1_216' title='bbox 1142 4699 1168 4758; x_wconf 85' lang='lat' dir='ltr'><strong>a</strong></span> <span class='ocrx_word' id='word_1_217' title='bbox 1212 4656 1369 4757; x_wconf 91' lang='lat' dir='ltr'><strong>nostris</strong></span> <span class='ocrx_word' id='word_1_218' title='bbox 1412 4652 1623 4757; x_wconf 89' lang='lat' dir='ltr'><strong>militibus</strong></span> 
     </span>
     <span class='ocr_line' id='line_1_31' title="bbox 181 4797 1624 4943; baseline 0.001 -50"><span class='ocrx_word' id='word_1_219' title='bbox 181 4829 273 4894; x_wconf 91' lang='lat' dir='ltr'><strong>non</strong></span> <span class='ocrx_word' id='word_1_220' title='bbox 301 4797 542 4902; x_wconf 90' lang='lat' dir='ltr'><strong>intermisso</strong></span> <span class='ocrx_word' id='word_1_221' title='bbox 570 4839 583 4908; x_wconf 81' lang='lat' dir='ltr'><strong>s</strong></span> <span class='ocrx_word' id='word_1_222' title='bbox 624 4800 832 4941; x_wconf 87' lang='lat' dir='ltr'><strong>postridie</strong></span> <span class='ocrx_word' id='word_1_223' title='bbox 864 4840 889 4900; x_wconf 91' lang='lat' dir='ltr'><strong>a</strong></span> <span class='ocrx_word' id='word_1_224' title='bbox 922 4799 1065 4943; x_wconf 89' lang='lat' dir='ltr'><strong>prima</strong></span> <span class='ocrx_word' id='word_1_225' title='bbox 1092 4798 1187 4898; x_wconf 90' lang='lat' dir='ltr'><strong>luce</strong></span> <span class='ocrx_word' id='word_1_226' title='bbox 1213 4798 1261 4902; x_wconf 92' lang='lat' dir='ltr'><strong>in</strong></span> <span class='ocrx_word' id='word_1_227' title='bbox 1290 4797 1481 4904; x_wconf 90' lang='lat' dir='ltr'><strong>multum</strong></span> <span class='ocrx_word' id='word_1_228' title='bbox 1503 4798 1624 4902; x_wconf 90' lang='lat' dir='ltr'><strong>diem</strong></span> 
     </span>
    </p>
   </div>
   <div class='ocr_carea' id='block_1_3' title="bbox 1093 4951 1624 5086">
    <p class='ocr_par' dir='ltr' id='par_1_4' title="bbox 1093 4951 1624 5086">
     <span class='ocr_line' id='line_1_32' title="bbox 1093 4951 1624 5086; baseline -0.006 -39"><span class='ocrx_word' id='word_1_229' title='bbox 1093 4951 1205 5047; x_wconf 82' lang='lat' dir='ltr'><strong>Vva</strong></span> <span class='ocrx_word' id='word_1_230' title='bbox 1515 4981 1624 5086; x_wconf 83' lang='lat' dir='ltr'><strong>pro-</strong></span> 
     </span>
    </p>
   </div>
   <div class='ocr_carea' id='block_1_4' title="bbox 0 0 2157 5972">
    <p class='ocr_par' dir='ltr' id='par_1_5' title="bbox 0 0 2157 5972">
     <span class='ocr_line' id='line_1_33' title="bbox 0 0 2157 5972; baseline 0 0"><span class='ocrx_word' id='word_1_231' title='bbox 0 0 2157 5972; x_wconf 95' lang='lat' dir='ltr'><strong> </strong></span> 
     </span>
    </p>
   </div>
  </div>
 </body>
</html>
