<?xml version="1.0" encoding="UTF-8"?>
<!DOCTYPE html PUBLIC "-//W3C//DTD XHTML 1.0 Transitional//EN"
    "http://www.w3.org/TR/xhtml1/DTD/xhtml1-transitional.dtd">
<html xmlns="http://www.w3.org/1999/xhtml" xml:lang="en" lang="en">
 <head>
  <title>
</title>
<meta http-equiv="Content-Type" content="text/html;charset=utf-8" />
  <meta name='ocr-system' content='tesseract 3.04.00' />
  <meta name='ocr-capabilities' content='ocr_page ocr_carea ocr_par ocr_line ocrx_word'/>
</head>
<body>
  <div class='ocr_page' id='page_1' title='image "./joannisgenesiis02sepgoog_0274.png"; bbox 0 0 4292 5984; ppageno 0'>
   <div class='ocr_carea' id='block_1_1' title="bbox 566 473 1619 596">
    <p class='ocr_par' dir='ltr' id='par_1_1' title="bbox 566 473 1619 596">
     <span class='ocr_line' id='line_1_1' title="bbox 566 473 1619 596; baseline -0.002 -36"><span class='ocrx_word' id='word_1_1' title='bbox 566 501 621 586; x_wconf 84' lang='lat'>30</span> <span class='ocrx_word' id='word_1_2' title='bbox 971 481 1054 563; x_wconf 92' lang='lat' dir='ltr'>DE</span> <span class='ocrx_word' id='word_1_3' title='bbox 1097 476 1304 560; x_wconf 88' lang='lat' dir='ltr'>REBUS</span> <span class='ocrx_word' id='word_1_4' title='bbox 1346 473 1572 558; x_wconf 81' lang='lat' dir='ltr'><strong>GESTIS</strong></span> <span class='ocrx_word' id='word_1_5' title='bbox 1614 585 1619 596; x_wconf 20' lang='lat'>⁸</span> 
     </span>
    </p>
   </div>
   <div class='ocr_carea' id='block_1_2' title="bbox 381 632 2135 5092">
    <p class='ocr_par' dir='ltr' id='par_1_2' title="bbox 520 632 1990 2368">
     <span class='ocr_line' id='line_1_2' title="bbox 522 632 1990 786; baseline -0.007 -38"><span class='ocrx_word' id='word_1_6' title='bbox 522 651 793 748; x_wconf 88' lang='lat' dir='ltr'>Herculeum</span> <span class='ocrx_word' id='word_1_7' title='bbox 832 640 1030 786; x_wconf 80' lang='lat' dir='ltr'><strong>ingentes</strong></span> <span class='ocrx_word' id='word_1_8' title='bbox 1067 678 1168 737; x_wconf 89' lang='lat' dir='ltr'>suae</span> <span class='ocrx_word' id='word_1_9' title='bbox 1210 633 1398 737; x_wconf 85' lang='lat' dir='ltr'>nationis</span> <span class='ocrx_word' id='word_1_10' title='bbox 1441 640 1799 773; x_wconf 83' lang='lat' dir='ltr'>Maurorumque</span> <span class='ocrx_word' id='word_1_11' title='bbox 1842 632 1990 775; x_wconf 89' lang='lat' dir='ltr'>copias</span> 
     </span>
     <span class='ocr_line' id='line_1_3' title="bbox 522 777 1988 924; baseline -0.008 -32"><span class='ocrx_word' id='word_1_12' title='bbox 522 801 817 924; x_wconf 72' lang='lat' dir='ltr'>trajecerunts</span> <span class='ocrx_word' id='word_1_13' title='bbox 855 825 898 888; x_wconf 91' lang='lat' dir='ltr'>et</span> <span class='ocrx_word' id='word_1_14' title='bbox 940 782 1200 900; x_wconf 89' lang='lat' dir='ltr'>Roderico,</span> <span class='ocrx_word' id='word_1_15' title='bbox 1248 778 1468 918; x_wconf 90' lang='lat' dir='ltr'>quicum</span> <span class='ocrx_word' id='word_1_16' title='bbox 1504 814 1707 917; x_wconf 89' lang='lat' dir='ltr'>magno,</span> <span class='ocrx_word' id='word_1_17' title='bbox 1743 777 1818 876; x_wconf 94' lang='lat' dir='ltr'>sed</span> <span class='ocrx_word' id='word_1_18' title='bbox 1855 781 1988 881; x_wconf 86' lang='lat' dir='ltr'>colle-</span> 
     </span>
     <span class='ocr_line' id='line_1_4' title="bbox 522 920 1988 1065; baseline -0.005 -28"><span class='ocrx_word' id='word_1_19' title='bbox 522 936 652 1040; x_wconf 91' lang='lat' dir='ltr'>ctitio</span> <span class='ocrx_word' id='word_1_20' title='bbox 695 932 885 1033; x_wconf 88' lang='lat' dir='ltr'>exercitu</span> <span class='ocrx_word' id='word_1_21' title='bbox 929 969 972 1029; x_wconf 90' lang='lat' dir='ltr'>se</span> <span class='ocrx_word' id='word_1_22' title='bbox 1018 920 1293 1030; x_wconf 88' lang='lat' dir='ltr'>venientibus</span> <span class='ocrx_word' id='word_1_23' title='bbox 1336 921 1581 1065; x_wconf 90' lang='lat' dir='ltr'>opposuit,</span> <span class='ocrx_word' id='word_1_24' title='bbox 1623 959 1775 1063; x_wconf 90' lang='lat' dir='ltr'>pugna</span> <span class='ocrx_word' id='word_1_25' title='bbox 1817 924 1988 1029; x_wconf 85' lang='lat' dir='ltr'>devicto</span> 
     </span>
     <span class='ocr_line' id='line_1_5' title="bbox 521 1072 1989 1223; baseline -0.006 -40"><span class='ocrx_word' id='word_1_26' title='bbox 521 1119 655 1223; x_wconf 89' lang='lat' dir='ltr'>atque</span> <span class='ocrx_word' id='word_1_27' title='bbox 691 1076 891 1196; x_wconf 88' lang='lat' dir='ltr'>sublato,</span> <span class='ocrx_word' id='word_1_28' title='bbox 926 1072 1193 1216; x_wconf 75' lang='lat' dir='ltr'>Hispaniam</span> <span class='ocrx_word' id='word_1_29' title='bbox 1227 1105 1534 1209; x_wconf 85' lang='lat' dir='ltr'>occuparunt,</span> <span class='ocrx_word' id='word_1_30' title='bbox 1575 1100 1742 1206; x_wconf 90' lang='lat' dir='ltr'>praeter</span> <span class='ocrx_word' id='word_1_31' title='bbox 1778 1072 1989 1174; x_wconf 89' lang='lat' dir='ltr'>Asturum</span> 
     </span>
     <span class='ocr_line' id='line_1_6' title="bbox 521 1209 1988 1354; baseline -0.004 -32"><span class='ocrx_word' id='word_1_32' title='bbox 521 1258 565 1323; x_wconf 91' lang='lat' dir='ltr'>et</span> <span class='ocrx_word' id='word_1_33' title='bbox 599 1219 924 1324; x_wconf 84' lang='lat' dir='ltr'>Cantabrorum</span> <span class='ocrx_word' id='word_1_34' title='bbox 960 1255 1190 1320; x_wconf 84' lang='lat' dir='ltr'>montanas</span> <span class='ocrx_word' id='word_1_35' title='bbox 1225 1252 1272 1314; x_wconf 89' lang='lat' dir='ltr'>et</span> <span class='ocrx_word' id='word_1_36' title='bbox 1312 1211 1555 1313; x_wconf 86' lang='lat' dir='ltr'>maritimas</span> <span class='ocrx_word' id='word_1_37' title='bbox 1597 1209 1831 1352; x_wconf 81' lang='lat' dir='ltr'>regiones:</span> <span class='ocrx_word' id='word_1_38' title='bbox 1886 1253 1988 1354; x_wconf 57' lang='lat' dir='ltr'>qua-¹</span> 
     </span>
     <span class='ocr_line' id='line_1_7' title="bbox 521 1351 1986 1510; baseline -0.005 -41"><span class='ocrx_word' id='word_1_39' title='bbox 521 1405 623 1469; x_wconf 90' lang='lat' dir='ltr'>rum</span> <span class='ocrx_word' id='word_1_40' title='bbox 659 1366 862 1510; x_wconf 90' lang='lat' dir='ltr'>gentium</span> <span class='ocrx_word' id='word_1_41' title='bbox 902 1365 1072 1464; x_wconf 83' lang='lat' dir='ltr'>virtute</span> <span class='ocrx_word' id='word_1_42' title='bbox 1107 1359 1261 1462; x_wconf 84' lang='lat' dir='ltr'>ceteris</span> <span class='ocrx_word' id='word_1_43' title='bbox 1291 1354 1529 1500; x_wconf 85' lang='lat' dir='ltr'>Hispanis,</span> <span class='ocrx_word' id='word_1_44' title='bbox 1556 1354 1640 1495; x_wconf 85' lang='lat' dir='ltr'>qui</span> <span class='ocrx_word' id='word_1_45' title='bbox 1675 1351 1761 1454; x_wconf 92' lang='lat' dir='ltr'>huc</span> <span class='ocrx_word' id='word_1_46' title='bbox 1792 1356 1986 1499; x_wconf 88' lang='lat' dir='ltr'>undique</span> 
     </span>
     <span class='ocr_line' id='line_1_8' title="bbox 521 1499 1986 1652; baseline -0.003 -42"><span class='ocrx_word' id='word_1_47' title='bbox 521 1506 826 1652; x_wconf 81' lang='lat' dir='ltr'>confugerant,</span> <span class='ocrx_word' id='word_1_48' title='bbox 864 1503 1178 1640; x_wconf 85' lang='lat' dir='ltr'>adjuvantibus</span> <span class='ocrx_word' id='word_1_49' title='bbox 1220 1501 1367 1601; x_wconf 89' lang='lat' dir='ltr'>hostes</span> <span class='ocrx_word' id='word_1_50' title='bbox 1409 1499 1607 1641; x_wconf 91' lang='lat' dir='ltr'>primum</span> <span class='ocrx_word' id='word_1_51' title='bbox 1648 1500 1828 1641; x_wconf 83' lang='lat' dir='ltr'><strong>repressi</strong></span> <span class='ocrx_word' id='word_1_52' title='bbox 1874 1538 1986 1626; x_wconf 85' lang='lat' dir='ltr'>sunt,</span> 
     </span>
     <span class='ocr_line' id='line_1_9' title="bbox 523 1642 1988 1794; baseline -0.005 -40"><span class='ocrx_word' id='word_1_53' title='bbox 523 1655 681 1755; x_wconf 89' lang='lat' dir='ltr'>deinde</span> <span class='ocrx_word' id='word_1_54' title='bbox 711 1653 890 1794; x_wconf 84' lang='lat' dir='ltr'>Pelagio</span> <span class='ocrx_word' id='word_1_55' title='bbox 919 1653 1066 1768; x_wconf 92' lang='lat' dir='ltr'>duce,</span> <span class='ocrx_word' id='word_1_56' title='bbox 1104 1685 1241 1788; x_wconf 89' lang='lat' dir='ltr'>quem</span> <span class='ocrx_word' id='word_1_57' title='bbox 1273 1642 1357 1745; x_wconf 87' lang='lat' dir='ltr'>sibi</span> <span class='ocrx_word' id='word_1_58' title='bbox 1384 1653 1561 1786; x_wconf 86' lang='lat' dir='ltr'>Regem</span> <span class='ocrx_word' id='word_1_59' title='bbox 1593 1642 1885 1786; x_wconf 87' lang='lat' dir='ltr'>delegerunt,</span> <span class='ocrx_word' id='word_1_60' title='bbox 1922 1688 1988 1790; x_wconf 89' lang='lat' dir='ltr'>op·</span> 
     </span>
     <span class='ocr_line' id='line_1_10' title="bbox 520 1787 1986 1938; baseline -0.001 -42"><span class='ocrx_word' id='word_1_61' title='bbox 520 1798 628 1938; x_wconf 90' lang='lat' dir='ltr'>pida</span> <span class='ocrx_word' id='word_1_62' title='bbox 675 1798 810 1896; x_wconf 93' lang='lat' dir='ltr'>etiam</span> <span class='ocrx_word' id='word_1_63' title='bbox 857 1796 1005 1934; x_wconf 88' lang='lat' dir='ltr'>aliqua</span> <span class='ocrx_word' id='word_1_64' title='bbox 1050 1824 1260 1931; x_wconf 89' lang='lat' dir='ltr'>recepta,</span> <span class='ocrx_word' id='word_1_65' title='bbox 1303 1824 1348 1888; x_wconf 87' lang='lat' dir='ltr'>et</span> <span class='ocrx_word' id='word_1_66' title='bbox 1397 1787 1445 1890; x_wconf 90' lang='lat' dir='ltr'>in</span> <span class='ocrx_word' id='word_1_67' title='bbox 1496 1787 1562 1886; x_wconf 90' lang='lat' dir='ltr'>his</span> <span class='ocrx_word' id='word_1_68' title='bbox 1614 1788 1757 1930; x_wconf 86' lang='lat' dir='ltr'>Legio</span> <span class='ocrx_word' id='word_1_69' title='bbox 1804 1790 1986 1894; x_wconf 87' lang='lat' dir='ltr'>Gemina</span> 
     </span>
     <span class='ocr_line' id='line_1_11' title="bbox 521 1930 1981 2082; baseline -0.003 -44"><span class='ocrx_word' id='word_1_70' title='bbox 521 1941 658 2082; x_wconf 87' lang='lat' dir='ltr'>paulo</span> <span class='ocrx_word' id='word_1_71' title='bbox 689 1941 796 2038; x_wconf 85' lang='lat' dir='ltr'>citra</span> <span class='ocrx_word' id='word_1_72' title='bbox 827 1975 999 2039; x_wconf 90' lang='lat' dir='ltr'>montes</span> <span class='ocrx_word' id='word_1_73' title='bbox 1033 1935 1233 2035; x_wconf 87' lang='lat' dir='ltr'>Asturiae</span> <span class='ocrx_word' id='word_1_74' title='bbox 1264 1931 1312 2033; x_wconf 91' lang='lat' dir='ltr'>in</span> <span class='ocrx_word' id='word_1_75' title='bbox 1343 1934 1499 2031; x_wconf 88' lang='lat' dir='ltr'>eadem</span> <span class='ocrx_word' id='word_1_76' title='bbox 1528 1930 1739 2073; x_wconf 91' lang='lat' dir='ltr'>regione,</span> <span class='ocrx_word' id='word_1_77' title='bbox 1775 1972 1894 2073; x_wconf 91' lang='lat' dir='ltr'>quae</span> <span class='ocrx_word' id='word_1_78' title='bbox 1919 1943 1981 2034; x_wconf 89' lang='lat' dir='ltr'>Pe·</span> 
     </span>
     <span class='ocr_line' id='line_1_12' title="bbox 520 2071 1985 2225; baseline -0.002 -43"><span class='ocrx_word' id='word_1_79' title='bbox 520 2083 644 2225; x_wconf 88' lang='lat' dir='ltr'>lagio</span> <span class='ocrx_word' id='word_1_80' title='bbox 682 2119 726 2183; x_wconf 93' lang='lat' dir='ltr'>et</span> <span class='ocrx_word' id='word_1_81' title='bbox 760 2078 1075 2183; x_wconf 88' lang='lat' dir='ltr'>successoribus</span> <span class='ocrx_word' id='word_1_82' title='bbox 1110 2075 1254 2219; x_wconf 88' lang='lat' dir='ltr'>Regia</span> <span class='ocrx_word' id='word_1_83' title='bbox 1288 2071 1412 2196; x_wconf 88' lang='lat' dir='ltr'>fuit,</span> <span class='ocrx_word' id='word_1_84' title='bbox 1447 2074 1568 2179; x_wconf 88' lang='lat' dir='ltr'>unde</span> <span class='ocrx_word' id='word_1_85' title='bbox 1601 2085 1863 2216; x_wconf 82' lang='lat' dir='ltr'>Legionemes</span> <span class='ocrx_word' id='word_1_86' title='bbox 1899 2091 1985 2183; x_wconf 90' lang='lat' dir='ltr'>Re-</span> 
     </span>
     <span class='ocr_line' id='line_1_13' title="bbox 520 2226 860 2368; baseline 0.012 -44"><span class='ocrx_word' id='word_1_87' title='bbox 520 2265 597 2368; x_wconf 87' lang='lat' dir='ltr'>ges</span> <span class='ocrx_word' id='word_1_88' title='bbox 640 2226 860 2366; x_wconf 86' lang='lat' dir='ltr'>appellati.</span> 
     </span>
    </p>

    <p class='ocr_par' dir='ltr' id='par_1_3' title="bbox 381 2361 2135 4234">
     <span class='ocr_line' id='line_1_14' title="bbox 592 2361 1987 2508; baseline 0.001 -39"><span class='ocrx_word' id='word_1_89' title='bbox 592 2380 762 2472; x_wconf 90' lang='lat' dir='ltr'><strong>XXXI.</strong></span> <span class='ocrx_word' id='word_1_90' title='bbox 836 2372 912 2467; x_wconf 86' lang='lat' dir='ltr'>Ab</span> <span class='ocrx_word' id='word_1_91' title='bbox 952 2364 1041 2468; x_wconf 90' lang='lat' dir='ltr'>hoe</span> <span class='ocrx_word' id='word_1_92' title='bbox 1083 2405 1279 2508; x_wconf 90' lang='lat' dir='ltr'>tempore</span> <span class='ocrx_word' id='word_1_93' title='bbox 1324 2361 1490 2465; x_wconf 87' lang='lat' dir='ltr'>Arabes</span> <span class='ocrx_word' id='word_1_94' title='bbox 1540 2363 1782 2508; x_wconf 84' lang='lat' dir='ltr'>Maurique</span> <span class='ocrx_word' id='word_1_95' title='bbox 1821 2363 1987 2470; x_wconf 84' lang='lat' dir='ltr'>Malru-</span> 
     </span>
     <span class='ocr_line' id='line_1_15' title="bbox 520 2509 1988 2649; baseline -0.001 -35"><span class='ocrx_word' id='word_1_96' title='bbox 520 2512 688 2614; x_wconf 91' lang='lat' dir='ltr'>metani</span> <span class='ocrx_word' id='word_1_97' title='bbox 733 2513 978 2649; x_wconf 88' lang='lat' dir='ltr'>Imperium</span> <span class='ocrx_word' id='word_1_98' title='bbox 1024 2510 1269 2649; x_wconf 86' lang='lat' dir='ltr'>Hispaniae</span> <span class='ocrx_word' id='word_1_99' title='bbox 1315 2543 1587 2628; x_wconf 89' lang='lat' dir='ltr'>tenuerunt,</span> <span class='ocrx_word' id='word_1_100' title='bbox 1628 2549 1730 2612; x_wconf 93' lang='lat' dir='ltr'>non.</span> <span class='ocrx_word' id='word_1_101' title='bbox 1762 2509 1871 2630; x_wconf 91' lang='lat' dir='ltr'>uni,</span> <span class='ocrx_word' id='word_1_102' title='bbox 1916 2513 1988 2614; x_wconf 89' lang='lat' dir='ltr'>sed</span> 
     </span>
     <span class='ocr_line' id='line_1_16' title="bbox 520 2652 1988 2795; baseline 0.002 -42"><span class='ocrx_word' id='word_1_103' title='bbox 520 2655 671 2753; x_wconf 89' lang='lat' dir='ltr'>multis</span> <span class='ocrx_word' id='word_1_104' title='bbox 706 2652 906 2794; x_wconf 87' lang='lat' dir='ltr'>Regibus</span> <span class='ocrx_word' id='word_1_105' title='bbox 943 2689 1022 2790; x_wconf 92' lang='lat' dir='ltr'>per</span> <span class='ocrx_word' id='word_1_106' title='bbox 1057 2653 1255 2753; x_wconf 89' lang='lat' dir='ltr'>civitates</span> <span class='ocrx_word' id='word_1_107' title='bbox 1291 2689 1516 2792; x_wconf 88' lang='lat' dir='ltr'>parentes,</span> <span class='ocrx_word' id='word_1_108' title='bbox 1554 2692 1750 2793; x_wconf 92' lang='lat' dir='ltr'>quotum</span> <span class='ocrx_word' id='word_1_109' title='bbox 1781 2655 1988 2795; x_wconf 85' lang='lat' dir='ltr'>potentis·</span> 
     </span>
     <span class='ocr_line' id='line_1_17' title="bbox 521 2790 1988 2940; baseline 0.003 -46"><span class='ocrx_word' id='word_1_110' title='bbox 521 2797 657 2896; x_wconf 90' lang='lat' dir='ltr'>simus</span> <span class='ocrx_word' id='word_1_111' title='bbox 693 2790 781 2894; x_wconf 88' lang='lat' dir='ltr'>fuit</span> <span class='ocrx_word' id='word_1_112' title='bbox 816 2792 1143 2896; x_wconf 86' lang='lat' dir='ltr'>Cordubensis:</span> <span class='ocrx_word' id='word_1_113' title='bbox 1182 2794 1261 2935; x_wconf 90' lang='lat' dir='ltr'>qui</span> <span class='ocrx_word' id='word_1_114' title='bbox 1298 2795 1399 2897; x_wconf 88' lang='lat' dir='ltr'>lieet</span> <span class='ocrx_word' id='word_1_115' title='bbox 1436 2793 1652 2937; x_wconf 86' lang='lat' dir='ltr'>paulatim</span> <span class='ocrx_word' id='word_1_116' title='bbox 1689 2796 1851 2940; x_wconf 90' lang='lat' dir='ltr'>repulsi</span> <span class='ocrx_word' id='word_1_117' title='bbox 1894 2794 1988 2899; x_wconf 82' lang='lat' dir='ltr'>fue-¹</span> 
     </span>
     <span class='ocr_line' id='line_1_18' title="bbox 522 2936 1986 3083; baseline 0.004 -45"><span class='ocrx_word' id='word_1_118' title='bbox 522 2939 637 3057; x_wconf 90' lang='lat' dir='ltr'>rint,</span> <span class='ocrx_word' id='word_1_119' title='bbox 680 2973 723 3038; x_wconf 91' lang='lat' dir='ltr'>et</span> <span class='ocrx_word' id='word_1_120' title='bbox 761 2936 889 3038; x_wconf 86' lang='lat' dir='ltr'>urbes</span> <span class='ocrx_word' id='word_1_121' title='bbox 932 2939 1135 3080; x_wconf 88' lang='lat' dir='ltr'>deinceps</span> <span class='ocrx_word' id='word_1_122' title='bbox 1178 2937 1533 3043; x_wconf 87' lang='lat' dir='ltr'>Chsistianorum</span> <span class='ocrx_word' id='word_1_123' title='bbox 1581 2939 1712 3041; x_wconf 90' lang='lat' dir='ltr'>armis</span> <span class='ocrx_word' id='word_1_124' title='bbox 1755 2978 1986 3083; x_wconf 85' lang='lat' dir='ltr'>receptae,</span> 
     </span>
     <span class='ocr_line' id='line_1_19' title="bbox 519 3081 1987 3225; baseline 0.006 -45"><span class='ocrx_word' id='word_1_125' title='bbox 519 3081 719 3222; x_wconf 87' lang='lat' dir='ltr'>pervinei</span> <span class='ocrx_word' id='word_1_126' title='bbox 753 3118 901 3184; x_wconf 90' lang='lat' dir='ltr'>tamen</span> <span class='ocrx_word' id='word_1_127' title='bbox 937 3083 1270 3224; x_wconf 89' lang='lat' dir='ltr'>Hispaniaeque</span> <span class='ocrx_word' id='word_1_128' title='bbox 1304 3084 1496 3225; x_wconf 89' lang='lat' dir='ltr'>Imperio</span> <span class='ocrx_word' id='word_1_129' title='bbox 1532 3086 1706 3225; x_wconf 90' lang='lat' dir='ltr'>penitus</span> <span class='ocrx_word' id='word_1_130' title='bbox 1744 3087 1876 3215; x_wconf 84' lang='lat' dir='ltr'>dejici</span> <span class='ocrx_word' id='word_1_131' title='bbox 1911 3129 1987 3191; x_wconf 88' lang='lat' dir='ltr'>an-</span> 
     </span>
     <span class='ocr_line' id='line_1_20' title="bbox 520 3225 1986 3367; baseline 0.005 -44"><span class='ocrx_word' id='word_1_132' title='bbox 520 3259 565 3324; x_wconf 88' lang='lat' dir='ltr'>te</span> <span class='ocrx_word' id='word_1_133' title='bbox 601 3265 738 3327; x_wconf 87' lang='lat' dir='ltr'>annos</span> <span class='ocrx_word' id='word_1_134' title='bbox 774 3228 1052 3367; x_wconf 89' lang='lat' dir='ltr'>octingentos</span> <span class='ocrx_word' id='word_1_135' title='bbox 1088 3229 1275 3367; x_wconf 89' lang='lat' dir='ltr'>amplius</span> <span class='ocrx_word' id='word_1_136' title='bbox 1314 3263 1357 3326; x_wconf 92' lang='lat' dir='ltr'>et</span> <span class='ocrx_word' id='word_1_137' title='bbox 1394 3227 1608 3328; x_wconf 88' lang='lat' dir='ltr'>Femandi</span> <span class='ocrx_word' id='word_1_138' title='bbox 1644 3225 1871 3329; x_wconf 84' lang='lat' dir='ltr'>Catholici</span> <span class='ocrx_word' id='word_1_139' title='bbox 1904 3241 1986 3332; x_wconf 75' lang='lat' dir='ltr'>Re-</span> 
     </span>
     <span class='ocr_line' id='line_1_21' title="bbox 519 3370 1988 3514; baseline 0.005 -47"><span class='ocrx_word' id='word_1_140' title='bbox 519 3407 662 3510; x_wconf 89' lang='lat' dir='ltr'>gnum</span> <span class='ocrx_word' id='word_1_141' title='bbox 691 3408 783 3469; x_wconf 93' lang='lat' dir='ltr'>non</span> <span class='ocrx_word' id='word_1_142' title='bbox 816 3406 1056 3510; x_wconf 91' lang='lat' dir='ltr'>potuerunt</span> <span class='ocrx_word' id='word_1_143' title='bbox 1086 3410 1257 3471; x_wconf 87' lang='lat' dir='ltr'>summa</span> <span class='ocrx_word' id='word_1_144' title='bbox 1283 3370 1448 3470; x_wconf 89' lang='lat' dir='ltr'>virtute</span> <span class='ocrx_word' id='word_1_145' title='bbox 1480 3371 1648 3514; x_wconf 87' lang='lat' dir='ltr'>Regis,</span> <span class='ocrx_word' id='word_1_146' title='bbox 1686 3407 1732 3472; x_wconf 90' lang='lat' dir='ltr'>et</span> <span class='ocrx_word' id='word_1_147' title='bbox 1767 3373 1854 3473; x_wconf 85' lang='lat' dir='ltr'>alta</span> <span class='ocrx_word' id='word_1_148' title='bbox 1893 3414 1988 3514; x_wconf 85' lang='lat' dir='ltr'>qua·</span> 
     </span>
     <span class='ocr_line' id='line_1_22' title="bbox 518 3513 2135 3659; baseline 0 -47"><span class='ocrx_word' id='word_1_149' title='bbox 518 3514 626 3612; x_wconf 83' lang='lat' dir='ltr'>dam</span> <span class='ocrx_word' id='word_1_150' title='bbox 669 3548 818 3612; x_wconf 90' lang='lat' dir='ltr'>mente</span> <span class='ocrx_word' id='word_1_151' title='bbox 856 3513 1036 3616; x_wconf 92' lang='lat' dir='ltr'>etitem</span> <span class='ocrx_word' id='word_1_152' title='bbox 1070 3515 1277 3658; x_wconf 88' lang='lat' dir='ltr'>singulari</span> <span class='ocrx_word' id='word_1_153' title='bbox 1314 3514 1526 3657; x_wconf 90' lang='lat' dir='ltr'>religione</span> <span class='ocrx_word' id='word_1_154' title='bbox 1563 3513 1775 3656; x_wconf 87' lang='lat' dir='ltr'>praediti,</span> <span class='ocrx_word' id='word_1_155' title='bbox 1809 3515 1886 3618; x_wconf 91' lang='lat' dir='ltr'>cui</span> <span class='ocrx_word' id='word_1_156' title='bbox 1915 3555 1988 3659; x_wconf 88' lang='lat' dir='ltr'>par</span> <span class='ocrx_word' id='word_1_157' title='bbox 2134 3591 2135 3612; x_wconf 43' lang='lat' dir='ltr'>r</span> 
     </span>
     <span class='ocr_line' id='line_1_23' title="bbox 517 3653 1988 3799; baseline 0.007 -44"><span class='ocrx_word' id='word_1_158' title='bbox 517 3653 760 3798; x_wconf 88' lang='lat' dir='ltr'>similisque</span> <span class='ocrx_word' id='word_1_159' title='bbox 801 3656 1038 3759; x_wconf 88' lang='lat' dir='ltr'>virtutibus</span> <span class='ocrx_word' id='word_1_160' title='bbox 1079 3697 1191 3760; x_wconf 89' lang='lat' dir='ltr'>uxor</span> <span class='ocrx_word' id='word_1_161' title='bbox 1239 3654 1415 3760; x_wconf 85' lang='lat' dir='ltr'>Isabella</span> <span class='ocrx_word' id='word_1_162' title='bbox 1462 3660 1677 3799; x_wconf 88' lang='lat' dir='ltr'>contigit.</span> <span class='ocrx_word' id='word_1_163' title='bbox 1728 3658 1820 3760; x_wconf 91' lang='lat' dir='ltr'>Hic</span> <span class='ocrx_word' id='word_1_164' title='bbox 1870 3661 1988 3764; x_wconf 88' lang='lat' dir='ltr'>enim</span> 
     </span>
     <span class='ocr_line' id='line_1_24' title="bbox 520 3799 1988 3944; baseline 0.008 -48"><span class='ocrx_word' id='word_1_165' title='bbox 520 3835 676 3938; x_wconf 89' lang='lat' dir='ltr'>sponte</span> <span class='ocrx_word' id='word_1_166' title='bbox 719 3799 906 3942; x_wconf 92' lang='lat' dir='ltr'>quidem</span> <span class='ocrx_word' id='word_1_167' title='bbox 948 3840 1026 3902; x_wconf 87' lang='lat' dir='ltr'>sua</span> <span class='ocrx_word' id='word_1_168' title='bbox 1078 3802 1323 3924; x_wconf 86' lang='lat' dir='ltr'>incitatus,</span> <span class='ocrx_word' id='word_1_169' title='bbox 1362 3804 1435 3902; x_wconf 89' lang='lat' dir='ltr'>sed</span> <span class='ocrx_word' id='word_1_170' title='bbox 1478 3841 1615 3902; x_wconf 91' lang='lat' dir='ltr'>uxore</span> <span class='ocrx_word' id='word_1_171' title='bbox 1649 3841 1831 3944; x_wconf 91' lang='lat' dir='ltr'>quoque</span> <span class='ocrx_word' id='word_1_172' title='bbox 1876 3815 1988 3909; x_wconf 91' lang='lat' dir='ltr'>mul·</span> 
     </span>
     <span class='ocr_line' id='line_1_25' title="bbox 520 3942 1989 4087; baseline 0.004 -47"><span class='ocrx_word' id='word_1_173' title='bbox 520 3975 618 4041; x_wconf 91' lang='lat' dir='ltr'>tum</span> <span class='ocrx_word' id='word_1_174' title='bbox 656 3942 918 4049; x_wconf 87' lang='lat' dir='ltr'>adhortante</span> <span class='ocrx_word' id='word_1_175' title='bbox 953 3981 998 4045; x_wconf 88' lang='lat' dir='ltr'>et</span> <span class='ocrx_word' id='word_1_176' title='bbox 1034 3947 1302 4080; x_wconf 87' lang='lat' dir='ltr'>adjuvante,</span> <span class='ocrx_word' id='word_1_177' title='bbox 1339 3945 1457 4046; x_wconf 91' lang='lat' dir='ltr'>bello</span> <span class='ocrx_word' id='word_1_178' title='bbox 1495 3983 1738 4087; x_wconf 90' lang='lat' dir='ltr'>persecutus</span> <span class='ocrx_word' id='word_1_179' title='bbox 1776 3981 1839 4046; x_wconf 88' lang='lat' dir='ltr'>est</span> <span class='ocrx_word' id='word_1_180' title='bbox 1879 3958 1989 4048; x_wconf 85' lang='lat' dir='ltr'>Gra·</span> 
     </span>
     <span class='ocr_line' id='line_1_26' title="bbox 381 4089 1986 4234; baseline 0 -44"><span class='ocrx_word' id='word_1_181' title='bbox 381 4099 383 4104; x_wconf 72' lang='grc'><strong>’</strong></span> <span class='ocrx_word' id='word_1_182' title='bbox 516 4122 744 4205; x_wconf 87' lang='lat' dir='ltr'>natenses,</span> <span class='ocrx_word' id='word_1_183' title='bbox 789 4091 914 4230; x_wconf 91' lang='lat' dir='ltr'>quod</span> <span class='ocrx_word' id='word_1_184' title='bbox 955 4103 1165 4234; x_wconf 88' lang='lat' dir='ltr'>Regnum</span> <span class='ocrx_word' id='word_1_185' title='bbox 1205 4129 1417 4234; x_wconf 89' lang='lat' dir='ltr'>magnam</span> <span class='ocrx_word' id='word_1_186' title='bbox 1459 4089 1655 4192; x_wconf 87' lang='lat' dir='ltr'>Baeticae</span> <span class='ocrx_word' id='word_1_187' title='bbox 1697 4127 1871 4232; x_wconf 86' lang='lat' dir='ltr'>patrem</span> <span class='ocrx_word' id='word_1_188' title='bbox 1917 4129 1986 4190; x_wconf 70' lang='lat' dir='ltr'>oe⁴</span> 
     </span>
    </p>

    <p class='ocr_par' dir='ltr' id='par_1_4' title="bbox 480 4229 1984 4522">
     <span class='ocr_line' id='line_1_27' title="bbox 480 4229 1984 4377; baseline 0.003 -50"><span class='ocrx_word' id='word_1_189' title='bbox 480 4339 483 4344; x_wconf 11' lang='grc' dir='ltr'><strong>Δ</strong></span> <span class='ocrx_word' id='word_1_190' title='bbox 516 4229 741 4368; x_wconf 74' lang='lat' dir='ltr'>cupabats</span> <span class='ocrx_word' id='word_1_191' title='bbox 778 4267 821 4332; x_wconf 87' lang='lat' dir='ltr'>et</span> <span class='ocrx_word' id='word_1_192' title='bbox 853 4231 919 4333; x_wconf 91' lang='lat' dir='ltr'>his</span> <span class='ocrx_word' id='word_1_193' title='bbox 949 4235 1125 4336; x_wconf 89' lang='lat' dir='ltr'>decimo</span> <span class='ocrx_word' id='word_1_194' title='bbox 1169 4236 1351 4336; x_wconf 85' lang='lat' dir='ltr'>tandem</span> <span class='ocrx_word' id='word_1_195' title='bbox 1388 4273 1507 4338; x_wconf 91' lang='lat' dir='ltr'>anno</span> <span class='ocrx_word' id='word_1_196' title='bbox 1538 4235 1772 4377; x_wconf 88' lang='lat' dir='ltr'>superatis,</span> <span class='ocrx_word' id='word_1_197' title='bbox 1803 4269 1984 4338; x_wconf 88' lang='lat' dir='ltr'>omnem</span> 
     </span>
     <span class='ocr_line' id='line_1_28' title="bbox 517 4373 1731 4522; baseline 0.007 -49"><span class='ocrx_word' id='word_1_198' title='bbox 517 4373 782 4511; x_wconf 85' lang='lat' dir='ltr'>Hispaniam</span> <span class='ocrx_word' id='word_1_199' title='bbox 818 4376 1239 4482; x_wconf 87' lang='lat' dir='ltr'>Mahumetanorum</span> <span class='ocrx_word' id='word_1_200' title='bbox 1275 4379 1466 4522; x_wconf 90' lang='lat' dir='ltr'>Imperio</span> <span class='ocrx_word' id='word_1_201' title='bbox 1503 4375 1731 4482; x_wconf 87' lang='lat' dir='ltr'>liberavit.</span> 
     </span>
    </p>

    <p class='ocr_par' dir='ltr' id='par_1_5' title="bbox 518 4517 1990 4952">
     <span class='ocr_line' id='line_1_29' title="bbox 591 4517 1989 4665; baseline 0.004 -51"><span class='ocrx_word' id='word_1_202' title='bbox 591 4525 779 4617; x_wconf 87' lang='lat' dir='ltr'><strong>XXXII.</strong></span> <span class='ocrx_word' id='word_1_203' title='bbox 853 4533 1031 4660; x_wconf 87' lang='lat' dir='ltr'>Regum</span> <span class='ocrx_word' id='word_1_204' title='bbox 1067 4563 1215 4622; x_wconf 89' lang='lat' dir='ltr'>autem</span> <span class='ocrx_word' id='word_1_205' title='bbox 1251 4526 1609 4626; x_wconf 86' lang='lat' dir='ltr'>Christianorum</span> <span class='ocrx_word' id='word_1_206' title='bbox 1647 4559 1750 4665; x_wconf 91' lang='lat' dir='ltr'>post</span> <span class='ocrx_word' id='word_1_207' title='bbox 1784 4517 1895 4624; x_wconf 85' lang='lat' dir='ltr'>hanc</span> <span class='ocrx_word' id='word_1_208' title='bbox 1929 4518 1989 4620; x_wconf 90' lang='lat' dir='ltr'>ul·</span> 
     </span>
     <span class='ocr_line' id='line_1_30' title="bbox 518 4655 1990 4768; baseline 0.005 -10"><span class='ocrx_word' id='word_1_209' title='bbox 518 4655 677 4758; x_wconf 90' lang='lat' dir='ltr'>rimam</span> <span class='ocrx_word' id='word_1_210' title='bbox 713 4695 757 4761; x_wconf 88' lang='lat' dir='ltr'>et</span> <span class='ocrx_word' id='word_1_211' title='bbox 793 4662 1000 4764; x_wconf 90' lang='lat' dir='ltr'>omnium</span> <span class='ocrx_word' id='word_1_212' title='bbox 1036 4663 1329 4765; x_wconf 89' lang='lat' dir='ltr'>miserrimam</span> <span class='ocrx_word' id='word_1_213' title='bbox 1368 4667 1538 4766; x_wconf 87' lang='lat' dir='ltr'>cladem</span> <span class='ocrx_word' id='word_1_214' title='bbox 1575 4665 1684 4768; x_wconf 89' lang='lat' dir='ltr'>haee</span> <span class='ocrx_word' id='word_1_215' title='bbox 1720 4663 1807 4766; x_wconf 88' lang='lat' dir='ltr'>fuit</span> <span class='ocrx_word' id='word_1_216' title='bbox 1842 4667 1990 4766; x_wconf 82' lang='lat' dir='ltr'>ratio:</span> 
     </span>
     <span class='ocr_line' id='line_1_31' title="bbox 518 4801 1990 4952; baseline 0.002 -48"><span class='ocrx_word' id='word_1_217' title='bbox 518 4801 728 4948; x_wconf 87' lang='lat' dir='ltr'>Pelagio,</span> <span class='ocrx_word' id='word_1_218' title='bbox 760 4806 842 4950; x_wconf 89' lang='lat' dir='ltr'>qui</span> <span class='ocrx_word' id='word_1_219' title='bbox 872 4819 971 4914; x_wconf 84' lang='lat' dir='ltr'>Rex</span> <span class='ocrx_word' id='word_1_220' title='bbox 1000 4807 1242 4952; x_wconf 84' lang='lat' dir='ltr'>Hispaniae</span> <span class='ocrx_word' id='word_1_221' title='bbox 1272 4851 1298 4915; x_wconf 87' lang='lat' dir='ltr'>a</span> <span class='ocrx_word' id='word_1_222' title='bbox 1328 4810 1414 4917; x_wconf 84' lang='lat' dir='ltr'>suis</span> <span class='ocrx_word' id='word_1_223' title='bbox 1451 4810 1727 4942; x_wconf 80' lang='lat' dir='ltr'>¹vocabatur,</span> <span class='ocrx_word' id='word_1_224' title='bbox 1758 4845 1845 4912; x_wconf 90' lang='lat' dir='ltr'>tres</span> <span class='ocrx_word' id='word_1_225' title='bbox 1871 4809 1990 4940; x_wconf 84' lang='lat' dir='ltr'>dein·</span> 
     </span>
    </p>

    <p class='ocr_par' dir='ltr' id='par_1_6' title="bbox 1886 4987 1990 5092">
     <span class='ocr_line' id='line_1_32' title="bbox 1886 4987 1990 5092; baseline -0.058 -40"><span class='ocrx_word' id='word_1_226' title='bbox 1886 4987 1990 5092; x_wconf 86' lang='lat' dir='ltr'>ceps</span> 
     </span>
    </p>
   </div>
   <div class='ocr_carea' id='block_1_3' title="bbox 0 0 2150 5984">
    <p class='ocr_par' dir='ltr' id='par_1_7' title="bbox 0 0 2150 5984">
     <span class='ocr_line' id='line_1_33' title="bbox 0 0 2150 5984; baseline 0 1"><span class='ocrx_word' id='word_1_227' title='bbox 0 0 2150 5984; x_wconf 95' lang='lat' dir='ltr'> </span> 
     </span>
    </p>
   </div>
  </div>
 </body>
</html>
