4294 5984
588 415 671 504 162
960 437 1044 518 DE
1090 434 1297 520 REBUS
1338 434 1561 519 GESTIS

540 673 571 718 „
586 591 793 737 peratoris
833 589 1069 740 imperium
1097 630 1141 694 et
1174 595 1437 738 dignitatem
1467 595 1556 697 hoc
1589 587 1854 698 difficillimo
1881 632 2004 704 tern-

539 813 570 862 „
584 779 717 882 pote,
754 742 790 840 si
826 739 1023 883 unquam
1058 739 1181 861 alias,
1211 735 1415 843 officium
1450 778 1641 844 vestrum
1676 743 1922 885 postulare,
1950 784 2001 852 ut

537 889 964 1027 „quemadmodum
995 895 1085 1019 jam
1109 886 1188 987 diu
1215 886 1489 1009 necessario,
1515 888 1577 988 sic
1603 889 1660 988 ad
1691 927 1850 1032 paucos
1873 933 1997 1036 prae..

538 1107 569 1151 „
584 1066 696 1130 terea
731 1028 821 1129 dies
858 1032 1054 1172 inopiam
1091 1071 1236 1174 aequo
1272 1033 1423 1135 animo
1459 1028 1705 1175 perferatis,
1742 1035 1885 1136 donec
1924 1079 1993 1181 pe-

535 1175 711 1296 „cunia
754 1175 809 1273 ad
851 1176 1116 1316 stipendium
1159 1175 1348 1278 militare
1390 1218 1443 1278 ex
1489 1178 1706 1320 Hispania
1748 1178 1908 1302 missa,
1950 1219 1991 1284 et

534 1393 567 1440 „
583 1319 872 1460 propediem,
920 1358 970 1422 ut
1016 1320 1284 1447 nuntiatur,
1326 1318 1515 1423 affutura
1536 1443 1539 1450 ι
1558 1321 1814 1464 perveniat,
1856 1329 1990 1430 etad

499 1495 503 1504 '
534 1464 706 1606 „signa
740 1465 891 1564 sumtis
925 1467 1055 1568 armis
1090 1467 1390 1587 conveniatis,
1423 1503 1473 1568 ut
1507 1468 1641 1568 cereri
1675 1467 1877 1609 exemplo
1915 1511 1990 1573 ve..

535 1644 671 1729 „stro
709 1603 848 1709 officii
885 1610 951 1710 sui
987 1613 1339 1728 admoneantur,
1378 1649 1459 1712 nec
1501 1613 1739 1756 quisquam
1779 1609 1867 1714 sibi
1906 1654 1988 1756 pu-

531 1760 564 1873 „
580 1787 644 1854 tet
677 1754 724 1854 in
759 1753 980 1895 stipendio
1017 1755 1267 1857 necessitate
1303 1755 1439 1858 dilato
1484 1757 1584 1858 satis
1627 1797 1715 1860 esse
1750 1796 1900 1861 causae
1933 1761 1988 1862 ad

533 1973 563 2016 „
583 1893 747 1998 bellum
775 1898 967 2040 ‘turpiter
1003 1935 1046 1999 et
1080 1900 1262 2041 ignave,
1290 1902 1406 2002 addo
1443 1900 1578 2002 eriam
1615 1900 1885 2018 stultissime,
1920 1941 1984 2005 ta-

530 2117 563 2162 „
580 2040 613 2138 li
661 2077 861 2181 tempore
898 2120 913 2162 ,
962 2079 1005 2144 et
1058 2079 1277 2145 tantarum
1324 2084 1472 2148 rerum
1525 2085 1612 2149 sese
1660 2043 1985 2151 ostendentibus

531 2261 561 2306 ,‚
576 2185 903 2306 occasionibus,
941 2189 1297 2290 detrectandum.
1335 2197 1436 2291 Nec
1478 2191 1628 2310 enim,
1669 2225 1720 2291 ut
1761 2188 1983 2314 arbitror,

528 2363 736 2450 „statum
768 2369 937 2451 rerum,
965 2369 1008 2432 et
1032 2339 1248 2436 rationem
1271 2331 1376 2436 belli
1401 2334 1530 2466 hujus
1555 2334 1762 2454 nescitis,
1795 2369 1875 2437 aut
1909 2376 1985 2479 pu·

526 2548 557 2595 „
573 2475 741 2616 gnandi
770 2475 972 2574 conditio
1009 2515 1147 2614 quam
1182 2477 1324 2620 impar
1367 2517 1410 2580 et
1451 2479 1670 2581 dissimilis
1705 2478 1866 2600 nobis,
1903 2479 1985 2582 ho-

525 2695 557 2738 „
572 2615 828 2756 stibusque,
854 2653 897 2715 et
932 2657 1068 2756 quam
1104 2621 1288 2761 disparia
1324 2625 1515 2764 praemia
1549 2622 1785 2726 victoribus
1823 2661 1907 2762 pro
1940 2665 1985 2734 o

524 2761 651 2884 „sita
687 2759 801 2878 sint,
827 2761 1066 2904 ignoratis.
1096 2763 1163 2866 Illi
1198 2766 1317 2867 enim
1353 2768 1518 2871 bellum
1553 2806 1713 2912 gerunt
1748 2806 1851 2868 cum
1886 2663 1981 2868 gr-

523 2982 555 3027 „
574 2903 747 3004 tissimis
771 2908 984 3046 quidem,
1011 2908 1086 3008 sed
1121 2912 1270 3053 egenis
1297 2909 1590 3037 hominibus,
1623 2948 1667 3013 et
1698 2947 1867 3055 praeter
1895 2912 1981 3012 vit-

522 3083 711 3170 „tutem
747 3084 791 3149 et
826 3089 946 3151 arma
981 3050 1070 3152 hoc
1111 3055 1296 3194 quidem
1337 3091 1537 3200 tempore
1578 3098 1604 3156 a
1648 3057 1774 3160 rebus
1816 3057 1978 3158 cunctis

521 3268 555 3314 „
570 3189 811 3334 inopibus,
848 3195 1008 3335 quibus
1043 3235 1221 3300 cruenta
1254 3201 1442 3304 victoria
1478 3201 1717 3342 superatis,
1759 3200 1796 3300 si
1830 3195 1975 3320 forte,

521 3339 696 3479 „quod
739 3336 1004 3460 abominor,
1048 3381 1371 3484 superaremur,
1424 3344 1613 3445 victores
1658 3385 1739 3445 nec
1782 3343 1979 3488 praeda,

519 3557 551 3603 „
570 3520 737 3623 praeter
773 3523 911 3625 equos
948 3519 990 3583 et
1023 3523 1163 3608 arma,
1200 3526 1394 3592 secutura
1421 3489 1476 3590 sit
1488 3567 1504 3610 ,
1531 3529 1613 3591 nec
1642 3491 1698 3590 de
1728 3522 1859 3632 capto
1891 3525 1979 3587 ma·

518 3663 657 3768 „gno
693 3627 844 3769 aliquo
880 3628 1080 3771 Principe
1116 3631 1396 3776 triumphus,
1438 3675 1553 3777 quae
1594 3633 1839 3776 cogitatio,
1878 3626 1978 3732 for-

517 3847 549 3891 „
565 3769 834 3872 tissimorum
870 3774 1002 3874 ctiam
1037 3774 1209 3878 animos
1244 3777 1521 3898 obtundere,
1557 3815 1602 3879 et
1641 3777 1786 3878 minus
1820 3774 1975 3876 alacres

516 3915 741 4034 „reddere
784 3915 894 4016 solet
937 3920 994 4017 ad
1035 3920 1200 4062 praelio
1242 3924 1577 4025 decertandum.
1626 3919 1775 4027 Nobis
1822 3955 1978 4020 contra

516 4133 547 4180 „
564 4097 628 4160 res
671 4097 732 4160 est
776 4098 880 4164 cum
919 4073 1044 4206 Rege
1086 4065 1346 4187 Gallorum,
1391 4067 1772 4210 opulentissimum
1813 4064 1977 4166 exerci·

513 4277 546 4326 ‚,
562 4236 658 4306 tum
695 4206 904 4326 ducente,
940 4248 992 4308 ex
1028 4206 1095 4310 his
1130 4210 1402 4334 nationibuS,
1439 4252 1545 4354 quas
1581 4251 1704 4353 saepe
1739 4208 1976 4328 devicistis,

512 4423 545 4468 „
564 4343 848 4473 confectum,
885 4385 928 4453 et
963 4391 1100 4497 quem
1142 4357 1348 4500 pleraque
1391 4356 1555 4462 Gallica
1596 4355 1802 4483 nobilitas
1848 4389 1976 4473 auro,

511 4527 833 4633 „argentoque
868 4492 1041 4637 fulgens
1086 4539 1340 4624 assectatur,
1386 4543 1499 4646 quos
1540 4504 1577 4605 si
1616 4500 1776 4622 armis,
1815 4534 1971 4640 quem·¹

509 4635 802 4757 „admodum
818 4655 819 4659 '
835 4675 994 4780 spero,
1020 4676 1064 4742 et
1097 4642 1226 4744 vobis
1260 4649 1441 4750 solitum
1477 4685 1566 4771 est,
1602 4643 1873 4760 deviceritis,
1895 4639 1970 4739 in-·

508 4855 543 4924 a,
559 4783 683 4926 genti
708 4784 867 4926 praeda
894 4826 997 4894 cum
1029 4788 1379 4940 locupletissimis
1409 4795 1593 4938 captivis
1623 4785 1910 4947 potiemini,
1923 4818 1974 4884 et

1849 4963 1971 5068 »1¹¹⁴
