4294 5984
533 403 616 519 146
884 419 969 500 DE
1012 415 1212 498 REBUS
1255 409 1488 498 GESTIS

209 625 469 678 mannam
484 579 651 686 Christi
678 572 929 709 millesimus
955 565 1332 716 quingentesimus
1357 565 1592 708 vigesimus
1624 601 1833 709 quartus,
1864 587 1957 678 Co·

484 724 721 833 mestabilis
745 719 1044 824 Fonterabiam
1069 711 1305 815 obsidione
1334 709 1500 834 cinxit,
1533 713 1835 860 postridieque
1860 754 1954 824 tor-

484 873 642 980 mentis
677 906 869 970 murum.
894 900 1074 1007 quatere
1108 896 1332 1004 aggressus
1368 893 1465 966 ests
1501 868 1621 995 cujus
1665 859 1785 962 bona
1826 903 1948 1007 parte

481 1055 715 1135 concussa,
753 1047 897 1112 tantae
934 1007 1108 1151 pluviae
1146 1043 1189 1105 et
1225 1003 1491 1145 procellosae
1527 1040 1803 1149 tempestates
1840 1051 1943 1113 con-

479 1199 648 1266 secutae
691 1191 823 1278 sunt,
864 1192 914 1257 ut
955 1151 1194 1256 necessario
1230 1148 1295 1250 ¹ab
1345 1150 1676 1296 oppugnatione
1717 1153 1947 1261 desistere-

483 1346 580 1428 mr,
607 1305 805 1450 gnaviter
843 1302 978 1404 etiam
1013 1292 1313 1400 defensoribus
1350 1297 1443 1400 telis
1480 1298 1801 1442 tormentisque
1836 1341 1949 1446 pro-

480 1441 809 1597 pugnantibuss
852 1448 913 1550 ita
953 1484 1058 1548 cum
1104 1481 1271 1586 magno
1319 1479 1573 1546 nostrorum
1613 1444 1943 1578 incommodo,

480 1597 716 1699 durissimo
757 1594 862 1696 anni
898 1629 1123 1735 tempore,
1159 1586 1352 1690 obsessio
1389 1623 1539 1692 tracta.
1577 1598 1703 1692 Nam
1744 1631 1790 1693 re
1831 1589 1948 1700 infe-

482 1779 549 1843 tta
596 1742 852 1859 discedere,
894 1775 993 1840 tum
1035 1729 1325 1840 Comestabili
1367 1768 1495 1877 turpe
1536 1731 1808 1859 videbatur,
1847 1771 1947 1844 tum

485 1888 618 1988 etiam
656 1884 822 1986 Carolo
859 1881 1068 1990 Caesaris
1105 1879 1185 2022 qui
1219 1913 1269 1977 ut
1303 1876 1451 1999 citius,
1487 1917 1603 2019 quae
1637 1919 1663 1980 a
1698 1881 1784 1981 suis
1817 1917 1942 2024 gere-

481 2065 644 2150 rentur,
673 2060 985 2172 cognoscetet,
1008 2062 1052 2126 et
1079 2063 1195 2167 quae
1217 2022 1310 2121 visa
1340 2057 1497 2143 essent,
1524 2024 1808 2126 commodius
1843 2062 1946 2170 pto-

481 2173 677 2294 videret,
715 2214 766 2272 ex
802 2170 1073 2312 Pompelone
1111 2160 1365 2311 profectus,
1399 2168 1644 2269 Victoriam
1679 2166 1837 2271 urbem
1871 2209 1944 2322 cas

478 2352 560 2460 put
595 2317 761 2419 Alavae
786 2314 1047 2417 Cantabriae
1082 2310 1272 2455 regionis
1306 2309 1453 2409 Nonis
1482 2312 1685 2447 Januarii
1721 2312 1942 2453 pervenit.

548 2470 630 2563 IX.
709 2470 843 2559 Erant
878 2459 926 2556 in
962 2455 1179 2598 praesidio
1221 2451 1502 2555 Fonterabiae
1544 2456 1731 2557 Navatri
1771 2456 1946 2556 circiter

478 2603 694 2721 trecenti,
725 2641 776 2701 ex
810 2599 864 2700 iis
901 2599 981 2740 qui
1012 2596 1241 2698 Gallorum
1277 2629 1419 2735 partes
1455 2599 1592 2699 secuti
1626 2593 1817 2719 fuerant,
1847 2637 1945 2738 quo

477 2783 681 2887 tempore
717 2744 783 2845 illi
818 2777 1080 2886 occupatam
1116 2782 1143 2840 a
1177 2740 1334 2840 nostris
1371 2747 1615 2844 Navarram
1655 2739 1773 2841 bello
1816 2780 1946 2883 repe-

477 2886 656 3009 tebant,
687 2886 908 3029 Gallisque
943 2881 1122 3026 repulsis
1141 2919 1292 3026 ,atque
1328 2883 1512 2986 devictis
1554 2886 1603 2985 in
1652 2885 1844 2987 Galliam
1880 2925 1946 2985 se·

479 3071 525 3132 se
562 3068 829 3173 receperant.
873 3029 960 3132 His
1001 3065 1195 3172 praeerat
1237 3035 1417 3148 Petrus,
1458 3027 1729 3131 Mariscbalis
1770 3037 1944 3130 Navar-

476 3215 550 3278 rae
586 3175 722 3296 filius,
758 3175 973 3278 maximae
1007 3173 1053 3275 in
1090 3173 1216 3276 omni
1250 3171 1464 3313 praesidio
1499 3172 1789 3274 auctoritatis.
1825 3183 1943 3288 Cum

476 3317 567 3422 hoe
610 3318 667 3422 ab
709 3319 837 3421 initio
879 3315 1186 3422 Comestabilis
1234 3353 1313 3456 per
1359 3315 1556 3418 occultos
1599 3318 1774 3420 nuntios
1815 3354 1945 3457 agere

475 3498 707 3607 coeperat,
742 3496 794 3563 ut
830 3499 983 3566 auctor
1019 3460 1141 3563 fieret
1175 3457 1335 3603 oppidi
1371 3459 1587 3585 dedendi,
1623 3465 1748 3604 quod
1789 3496 1947 3562 contra

476 3641 618 3710 tantas
654 3607 805 3708 Caroli
840 3604 1035 3708 Caesaris
1069 3605 1181 3708 vires
1217 3603 1332 3707 tueri
1367 3645 1460 3706 non
1503 3644 1681 3749 posset,
1727 3603 1947 3748 quodque

478 3789 558 3893 per
594 3751 804 3886 injuriam
839 3792 865 3851 a
901 3749 1034 3852 Gallis
1071 3786 1270 3892 ereptum
1314 3759 1409 3882 jure
1450 3751 1636 3892 antiquo
1676 3751 1735 3854 ad
1776 3748 1945 3850 Castel-

477 3893 599 4014 lam,
642 3896 758 3996 unde
802 3894 885 4037 ipsi
924 3928 1066 3995 mater
1141 3932 1332 4038 eousque
1380 3929 1630 3998 maternum
1672 3926 1804 4013 esset,
1845 3929 1948 4033 per·

479 4036 670 4200 fineret,
713 4046 1016 4144 Navarrorum
1057 3933 1235 4141 coloni
1275 4036 1621 4180 impunitatem,
1663 4037 1948 4178 reditumque

479 4217 530 4282 tn
565 4181 782 4328 patriam,
816 4183 903 4326 ipsi
936 4223 1045 4289 vero
1080 4224 1243 4330 magna
1278 4183 1414 4285 etiam
1449 4184 1680 4326 praemia,
1715 4220 1822 4283 cum
1861 4219 1948 4320 pa·-

477 4355 608 4428 temo
646 4327 948 4470 patrimonio,
984 4329 1205 4475 tituloque
1239 4327 1499 4474 dignitatis,
1534 4325 1779 4473 proponit.
1811 4333 1944 4426 Hanc

477 4471 778 4576 conditionem
821 4481 1000 4595 Petrus,
1048 4477 1270 4618 ceterique
1317 4475 1542 4596 Navarri,
1582 4472 1717 4576 initio
1760 4466 1944 4612 quidem

476 4619 811 4757 repudiaverant
823 4693 840 4740 ,
876 4654 922 4720 et
956 4613 1044 4720 sibi
1074 4614 1243 4721 famam
1277 4615 1503 4766 fidemque
1538 4619 1668 4724 Gallo
1703 4612 1821 4758 Regi
1854 4609 1947 4710 da·-

474 4783 574 4866 tam
615 4763 781 4874 eunctis
822 4761 1069 4877 rationibus
1101 4760 1403 4915 antiquiorem
1452 4805 1541 4876 esse
1588 4760 1948 5010 responderupp(i
