4368 5984
492 561 569 671 Ta
600 591 850 712 regnante,
876 556 1177 710 praemittere
1194 597 1222 687 ‚·
1237 555 1354 708 quid
1379 559 1506 671 aliud
1523 561 1725 676 demum
1743 582 1813 674 est
1848 564 1939 680 nisi

492 747 627 856 viam
643 747 777 892 quasi
791 779 997 858 sternere
1012 834 1025 874 ,
1039 775 1094 852 ut
1106 740 1419 854 consiliorum
1435 784 1643 854 ruonuru
1658 778 1732 876 ,et
1747 749 1938 899 egregie

493 920 736 1048 factorum
762 918 1061 1048 narrationi,
1090 955 1243 1066 quam
1276 917 1548 1066 incorrupte
1563 921 1779 1069 'quidem
1808 930 1940 1034 Aca⁴

492 1101 651 1210 demia
680 1099 850 1209 officio
876 1139 966 1208 suo
1001 1097 1165 1204 functa
1202 1095 1499 1244 aliquand0,
1533 1130 1584 1206 et
1609 1101 1796 1211 utinam
1830 1141 1939 1212 sero

492 1281 654 1430 (quod
684 1279 992 1392 vehementer
1008 1275 1289 1428 optamus),
1316 1308 1648 1425 persequetur,
1679 1279 1797 1390 fides
1814 1320 1841 1390 a
1858 1321 1939 1429 po

492 1458 655 1588 stetis,
690 1457 773 1606 qui
788 1455 1003 1604 alioquin
1036 1453 1106 1562 ob
1132 1491 1299 1562 earum
1330 1451 1715 1602 magnitudinem
1739 1456 1940 1573 fortasse

493 1643 555 1751 de
571 1678 675 1746 rurs
692 1637 948 1746 verissimis
977 1635 1196 1747 laudibus
1233 1631 1542 1764 dubitarent,
1578 1665 1768 1746 remota
1800 1640 1942 1754 omni

493 1857 646 1930 vanae
660 1805 946 1928 credulitatis
974 1815 1239 1963 suspicione
1272 1815 1455 1963 planius
1472 1845 1520 1924 et
1538 1814 1727 1926 uberius
1762 1817 1938 1929 habea-⁴

497 2006 608 2108 tur?
643 2005 778 2110 Deus
795 1999 937 2152 igitur
952 2087 965 2130 ,
981 1998 1116 2149 quod
1133 2000 1372 2148 reliquum
1382 2030 1489 2128 est,
1508 2029 1556 2107 et
1572 1998 1766 2108 assiduis
1792 1995 1854 2110 ab
1878 2037 1942 2108 eo

496 2179 623 2288 totis
639 2218 1032 2324 comprecamur,
1059 2217 1120 2284 rr
1138 2180 1367 2325 sospitem
1399 2207 1581 2307 servet,
1604 2215 1942 2287 cnnnnnrrssre

495 2399 841 2492 manniscam,
875 2394 929 2472 ut
944 2360 1239 2470 Academiae
1257 2407 1284 2490 ⁴,
1315 2360 1514 2469 laudum
1541 2398 1752 2468 runnuru
1788 2362 1942 2507 impe-

493 2537 646 2685 riique
676 2576 967 2665 MnJasrnrrs
984 2535 1379 2663 studiosissimae,
1408 2533 1536 2644 hisce
1558 2573 1664 2644 rurs
1681 2532 1943 2644 virtutibus

494 2714 711 2856 amplam
735 2714 1090 2862 jucundamque
1114 2709 1363 2819 scribendi.
1377 2712 1628 2822 materiem
1643 2711 1704 2820 ad
1733 2710 1941 2820 immor*t

495 2891 645 2997 talem
674 2895 915 3000 Eonnorur
946 2888 1160 2998 nominis
1187 2889 1542 3024 celebritatem,
1570 2892 1630 3002 ad
1657 2885 1945 3046 posteritatis

497 3045 773 3216 exemplum
790 3111 939 3219 quam
967 3071 1233 3180 diutissime
1249 3072 1484 3220 praebere
1497 3110 1679 3222 pergas.
1713 3087 1734 3132 ⁷
1935 3217 1943 3228 Ι

612 3250 843 3357 Mantuae
874 3251 926 3361 in
956 3249 1279 3398 Carpetania,
1314 3251 1464 3402 pridie
1510 3251 1624 3365 Idus
1655 3245 1946 3363 Decembris

500 3431 824 3542 moecaxxrr.
