4294 5972
592 466 833 549 canoas
876 468 928 549 v.
979 469 1206 552 ttn.1x.
1539 467 1656 571 291'

188 622 379 766 „Regni
416 623 708 762 Neapolitani
747 625 980 725 discrimen
1017 626 1178 727 invitus
1215 619 1473 729 adducatis.
1498 643 1530 692 “

259 779 336 869 IX.
414 780 546 869 Hanc
583 769 833 872 orationem
869 770 1087 893 Carolus,
1124 772 1203 873 etsi
1239 812 1316 872 nec
1347 811 1510 872 vanam
1537 812 1654 894 esse,

183 951 267 1017 nec
317 916 689 1015 contemnendam
737 913 1052 1058 intelligebat,
1104 950 1254 1018 tamen
1298 916 1404 1057 quia
1446 953 1652 1018 statuerat

181 1054 411 1196 publicam
446 1055 797 1162 Christianorum
840 1059 1035 1200 quietem
1076 1061 1241 1162 cunctis
1285 1059 1530 1161 rationibus
1573 1101 1652 1161 an-

180 1195 342 1303 teferre
354 1281 370 1323 ,
408 1203 588 1303 tandem
625 1203 898 1344 aequissimis
935 1203 1267 1309 conditionibus
1292 1240 1336 1306 et
1361 1243 1518 1346 pacem
1548 1244 1650 1308 cum

183 1347 367 1449 Venetis
403 1343 538 1466 fecit,
579 1382 623 1447 et
659 1348 937 1449 Franciscum
972 1344 1181 1452 Sfottiam
1218 1351 1275 1450 ad
1311 1387 1434 1453 suam
1465 1348 1650 1494 dignita-

139 1604 142 1611 ,
180 1523 277 1622 tem
327 1489 717 1633 Principatumque
761 1491 952 1593 restituit
1001 1534 1052 1594 ea
1087 1496 1217 1638 lege,
1264 1530 1313 1596 ut
1355 1532 1647 1597 nummorum

177 1671 416 1736 aureorum
466 1669 720 1740 coronatorum
768 1673 994 1778 nongenta
1034 1640 1174 1741 millia
1223 1640 1338 1740 intra
1378 1638 1643 1740 decennium

178 1775 433 1888 tribuerets
481 1782 555 1883 sed
599 1782 661 1881 ita
704 1817 755 1882 ut
806 1819 942 1882 unam
989 1781 1223 1884 dimidiam
1274 1818 1445 1925 partem
1495 1783 1645 1924 primo

177 1959 297 2022 anno
311 2000 327 2043 ,
364 1925 543 2026 alteram
580 1963 748 2026 novem
783 1926 907 2025 annis
944 1925 1094 2066 aequis
1131 1924 1416 2068 pensionibus
1442 1927 1645 2047 solveret,

176 2067 356 2166 retentis
392 2068 542 2170 Caroli
586 2067 807 2208 praesidio
841 2068 1167 2170 Mediolanensi
1216 2071 1644 2212 Novocomensique

177 2207 376 2332 arcibus,
414 2213 558 2314 donec
594 2251 792 2314 summae
828 2210 1068 2313 dimidium
1109 2212 1257 2352 primo
1294 2253 1409 2314 anno
1453 2253 1505 2314 ex
1547 2215 1644 2354 lege

175 2355 521 2494 persolveretur.
560 2367 611 2458 In
646 2395 783 2497 quarn
818 2353 1129 2456 conditionem
1164 2356 1349 2460 Carolus
1385 2355 1472 2456 hoc
1498 2357 1644 2457 minus

175 2533 357 2638 gravate
393 2502 616 2603 descendit
633 2578 647 2621 ,
685 2502 823 2642 quod
845 2508 939 2633 jam
974 2539 1080 2601 cum
1120 2512 1246 2643 Rege
1283 2501 1512 2600 Gallorum
1556 2538 1642 2640 pax

174 2677 480 2766 convenerat,
513 2645 685 2746 Aloisia
728 2642 942 2747 Francisci
982 2655 1050 2746 Re
1083 2641 1119 2742 is
1156 2678 1322 2764 matre,
1372 2680 1415 2744 et
1457 2652 1642 2784 Marga-

175 2784 262 2884 rita
292 2789 432 2889 amita
466 2789 620 2891 Caroli
655 2789 851 2926 Caesaris
888 2683 1140 2889 auctoribus
1168 2825 1211 2890 et
1237 2785 1489 2932 agentibus,
1527 2826 1640 2928 quae

174 2967 283 3031 cum
326 2972 369 3031 se
416 2933 464 3033 in
509 2931 867 3075 pacificationem
908 2931 1301 3074 interposuissent,
1349 2945 1640 3034 Cameracum

173 3074 405 3218 Belgicam
441 3078 662 3221 oppidum
698 3088 790 3211 ejus
826 3077 890 3178 rei
918 3079 1058 3219 gratia
1094 3111 1424 3196 convenerunt,
1462 3110 1506 3175 et
1533 3075 1639 3178 mul·

172 3215 230 3315 tis
274 3218 525 3361 proceribus
578 3221 954 3363 prudentibusque
1004 3220 1110 3322 vitis
1152 3218 1362 3322 adhibitis
1420 3219 1474 3319 de
1524 3260 1640 3322 con·-

172 3359 363 3465 cilianda
403 3404 511 3508 pace
557 3366 634 3487 diu
676 3403 780 3466 cum
823 3360 972 3466 fuisset
1015 3366 1346 3507 disceptatum,
1392 3357 1548 3465 foedus
1585 3405 1638 3464 ex

172 3504 369 3646 ipsarum
406 3510 619 3610 sententia
632 3585 647 3628 ,
689 3509 853 3613 Carolo
890 3546 934 3610 et
975 3511 1196 3613 Francisco
1232 3507 1637 3630 consentientibus,

171 3646 239 3753 his
274 3653 557 3794 potissimum
593 3653 926 3756 conditionibus
962 3645 1254 3756 factumest:
1291 3691 1342 3756 ut
1376 3665 1472 3754 Rex
1507 3665 1637 3751 Fran-

171 3795 323 3896 ciscus.
342 3797 563 3900 Flandtiae
598 3796 793 3901 civitates
828 3792 1057 3919 liberaret,
1094 3839 1209 3940 quae
1253 3833 1376 3898 erant
1412 3835 1466 3920 eo
1507 3804 1633 3925 jure,

173 3967 225 4034 ut
259 3935 316 4036 ab
352 3941 411 4042 eis
452 3981 604 4042 causae
640 3944 697 4044 ad
742 3941 907 4044 Galliae
954 3945 1153 4081 Regium
1196 3940 1388 4042 tribunal
1432 3979 1483 4036 ex
1534 3976 1636 4079 pro-

170 4081 407 4184 ¹vocatione
442 4086 746 4216 rejicerentur:
783 4123 834 4186 ut
869 4087 924 4186 ad
962 4082 1157 4203 bellum,
1203 4123 1298 4225 quo
1342 4078 1526 4184 Carolus
1563 4090 1637 4215 ju*

172 4224 327 4347 sisset,
368 4229 577 4330 tredecim
628 4229 827 4331 triremes
875 4223 1002 4328 rebus
1052 4225 1260 4329 omnibus
1309 4227 1535 4328 instructas
1588 4225 1638 4326 in

174 4409 343 4471 annum
380 4372 692 4493 submitteret,
742 4373 916 4514 suisque
952 4369 1167 4473 sumtibus
1215 4372 1378 4474 aleret:
1424 4407 1474 4472 ut
1516 4366 1637 4470 idem

171 4526 270 4617 Rex
314 4516 462 4618 Gallus
510 4554 690 4640 rursus,
733 4519 858 4660 quod
902 4554 1028 4659 saepe
1072 4511 1269 4640 fecerat,
1305 4527 1400 4653 jure
1435 4515 1637 4637 cederet,

174 4661 300 4796 quod
334 4661 391 4762 ad
424 4671 635 4805 Regnum
659 4670 932 4765 Navarrense
969 4699 1011 4764 et
1037 4663 1418 4804 Neapolitanum,
1458 4658 1638 4758 Medio-

175 4797 482 4950 lanensemque
519 4805 855 4952 Principatum,
890 4807 1017 4952 quod
1041 4847 1127 4910 sese
1153 4804 1313 4907 habere
1340 4799 1638 4950 praedicabat,

1151 4959 1265 5054 Ooa
1601 4977 1644 5043 et
