4284 5982
572 467 574 478 ·
671 445 791 522 VITA
815 443 881 520 ET
901 437 1142 538 SCRIPTA?¹
1477 457 1570 534 cix.

147 571 303 688 plurium
328 569 613 688 itexpositione
623 573 860 659 Graecorum
891 595 1150 659 enarraturum
1167 605 1186 678 ,·
1210 569 1523 690 priio’subje'cios
1539 611 1595 668 as·

148 716 293 790 severa
321 690 461 777 Parisiis
490 689 592 804 apud
610 691 672 803 Jo.
689 695 853 780 Parvum
882 718 987 775 anno
1006 707 1020 748 ¹
1044 694 1103 776 Μ.
1122 693 1176 775 D.
1192 695 1356 778 XXXII.
1370 693 1439 781 fol.
1468 699 1592 792 Quod

144 837 232 895 sane
265 809 408 896 indicat
436 836 553 922 opera
566 807 734 913 isthaec,
764 833 830 896 aur
857 808 985 894 saltim·
1004 806 1295 924 aliqua-lucens.
1312 837 1422 898 antea
1445 814 1590 902 vidisse.

142 927 357 1041 Sepulueda
373 927 450 1040 ipse
479 923 600 1012 verbis
616 919 785 1040 proxime
811 925 981 1011 adductis
1010 927 1100 1012 citat
1132 923 1402 1041 praefationem
1434 933 1514 1016 libri
1543 931 1593 1018 de'

142 1051 292 1128 incessu
309 1049 552 1148 animalium,
582 1043 765 1157 quemad
791 1043 968 1130 eumdem
984 1045 1183 1131 Albestum
1200 1046 1307 1130 Pium
1339 1075 1590 1159 converterat,

142 1162 357 1278 additque,
387 1191 426 1248 se
454 1161 588 1248 Latine
613 1161 838 1247 transtulisse
862 1161 978 1248 libros
1005 1165 1051 1248 de
1072 1171 1313 1272 generatione
1333 1181 1370 1247 et
1401 1176 1592 1276 interitu,

141 1277 361 1395 habereque
387 1280 426 1366 in
443 1279 616 1366 manibus
631 1279 744 1364 libros
776 1281 1157 1388 Meteorologicorurn

231 1397 489 1484 etudovicus
518 1395 617 1480 Elias
634 1395 822 1510 Dupinius
847 1420 886 1483 et
908 1412 925 1471 ³
947 1398 1170 1484 Niceronius
1201 1407 1384 1486 testantur
1415 1405 1591 1519 Sepulve·

139 1510 232 1600 'eiam
248 1514 426 1630 scripsisse
455 1513 621 1604 libellum
638 1514 707 1600 sub
724 1513 797 1602 nae
811 1515 1076 1630 inscriptione:
1107 1519 1259 1601 Erratn
1283 1528 1391 1604 Petri
1406 1524 1587 1634 Alcyonii

142 1639 507 1743 ininterpretntione
524 1633 780 1736 Aristotelis,
804 1633 871 1748 qui
896 1661 1083 1747 nusquam
1111 1635 1159 1720 ad
1185 1663 1318 1722 manus
1346 1665 1489 1726 nostras
1505 1671 1589 1755 pes-

141 1750 257 1836 venit.
287 1753 381 1834 Fuit
400 1751 537 1832 Petrus
556 1752 763 1864 Alcyonius
790 1747 936 1863 (verba
952 1757 1039 1836 sunt
1057 1752 1122 1864 Jo.
1134 1753 1347 1841 Burchardi
1371 1753 1591 1848 Menckenii

142 1867 181 1958 io
199 1865 432 1982 praefatione
444 1867 494 1954 ad
512 1867 702 1952 Analecta
718 1876 910 1984 litterario
942 1869 1043 1956 edita
1066 1869 1165 1982 Lips.
1191 1883 1344 1974 1707..)
1374 1881 1588 1963 litterarum

140 1987 372 2072 Latinarum
394 1993 437 2069 in
468 1985 584 2072 ltalia
599 1991 716 2068 lunen
736 1984 1088 2096 fulgentissimum,
1112 2013 1182 2093 qua
1201 2003 1363 2098 tempore
1379 2003 1591 2105 complures

142 2110 212 2188 alii
238 2123 362 2214 purae
373 2109 554 2192 dictionis
586 2109 807 2212 elegantiam
832 2113 1006 2190 certatim
1036 2114 1145 2212 quusi
1166 2109 1435 2196 sectabantur:
1461 2113 1590 2198 Grae-

140 2248 208 2306 cas
222 2239 423 2330 praeterea
440 2223 577 2304 Musas
600 2223 676 2304 sibi
692 2223 859 2306 reddidit
885 2225 975 2306 adeo
990 2207 1242 2331 fhnrilia‘res,
1269 2240 1311 2308 ut
1336 2253 1404 2314 non
1419 2237 1591 2316 inutilem

140 2347 183 2424 in
200 2338 457 2446 naurserendn
482 2341 692 2424 Aristotele
722 2361 872 2450 operm
900 2344 1152 2424 collocaverit.
1189 2341 1283 2449 Qua
1294 2349 1335 2425 in
1361 2373 1405 2432 re
1420 2355 1494 2429 etsi
1517 2349 1587 2432 Se·

133 2463 347 2567 puivedam
368 2466 589 2542 murrinum
616 2484 798 2544 sensnm
815 2473 947 2546 nactus
960 2455 1090 2563 fuerit
1110 2516 1124 2564 ‚
1146 2483 1216 2542 eron
1231 2461 1362 2544 desunt
1376 2476 1498 2548 tamen
1521 2475 1591 2576 qui

142 2581 334 2684 versionis
355 2581 579 2686 elegantiam
593 2582 782 2662 extollunt.

229 2692 409 2780 Expavit
424 2693 537 2782 etiarn
554 2692 764 2809 Sepuiveda
782 2697 1054 2782 Enarrutiones
1069 2702 1108 2776 in
1125 2696 1243 2780 libros
1259 2695 1525 2783 Aristotelicas
1540 2705 1588 2784 cle

139 2808 318 2898 Moribus
337 2815 390 2898 ad
404 2811 700 2918 illiconacdun,
731 2841 896 2936 quarum
927 2813 1004 2930 ipse
1028 2812 1259 2902 mentionem
1275 2813 1387 2928 injicit
1412 2815 1451 2900 in
1481 2817 1591 2902 scho-

185 3067 201 3107 ι
243 3046 325 3108 citat
346 3049 422 3109 irene
442 3049 531 3110 etiani
557 3049 715 3110 editionem
730 3049 926 3109 Pstisiensem
938 3047 1088 3110 Fabricius
1100 3052 1120 3110 1.
1134 3067 1164 3110 e.
1532 2935 1593 3023 hm

182 3172 201 3216 u
241 3155 389 3216 Bibliotd.
404 3157 527 3218 Eccles.
553 3158 764 3218 seecu1.XV1.

139 3281 223 3400 ni,
236 3263 1461 3425 litt'titlttt‘lttttiii·atttritilitterifitirir
1478 3269 1587 3410 ,itt

138 3432 202 3480 tous
218 3421 267 3481 les
284 3423 499 3498 exmpleum,
516 3423 560 3500 qu'
574 3423 600 3480 il
614 3423 667 3498 pdt
686 3436 807 3486 trouver
818 3466 828 3499 ,
838 3438 868 3486 et
883 3426 928 3486 les
950 3427 1028 3497 jetta
1042 3443 1078 3482 au
1091 3422 1151 3500 feu
1166 3442 1173 3483 ε
1190 3443 1224 3484 ce
1237 3428 1287 3500 qui
1304 3443 1321 3482 a
1338 3430 1426 3486 rendu
1445 3447 1478 3488 ce
1501 3431 1590 3494 livre

139 3513 343 3562 execestrensem
365 3520 446 3562 rare.
463 3503 632 3578 christoph.
648 3506 808 3580 Longolius
822 3507 955 3564 meminit
971 3505 1053 3579 hujus
1066 3509 1200 3579 opellae,
1220 3523 1287 3562 nam
1302 3508 1355 3566 lib.
1368 3509 1423 3568 111.
1439 3511 1523 3584 epist.
1538 3507 1587 3587 η’.

139 3580 224 3640 Illud
241 3583 379 3658 quidem,
400 3585 518 3657 inquit,
541 3599 626 3642 meurn
636 3624 648 3656 ,
666 3601 733 3644 esse
750 3585 894 3644 &neniae
913 3584 1076 3658 Hispanum
1098 3586 1235 3642 hominem
1255 3588 1424 3661 quemdam,
1446 3591 1534 3664 quin
1554 3606 1586 3648 se

138 3664 231 3728 asima
245 3663 282 3721 Ρ.
300 3661 447 3739 Alcyonii
466 3666 497 3720 in
509 3661 654 3738 faciendo
674 3661 846 3724 Aristotele
866 3667 971 3724 Latina
991 3674 1094 3721 errata
1115 3662 1241 3722 collecta
1260 3683 1343 3739 esse,
1364 3685 1400 3724 ac
1418 3670 1588 3742 propediem

137 3742 246 3800 editum
266 3743 312 3800 iri
331 3743 387 3801 buc
407 3745 590 3817 scripserit:
612 3745 648 3802 dc
667 3761 721 3819 quo
741 3747 804 3817 ipso
823 3783 835 3816 ,
856 3747 885 3803 si
906 3743 965 3802 tibi
984 3743 1162 3816 videbitur,
1183 3743 1359 3820 Alcyoniurn
1386 3759 1511 3804 nostrum
1521 3745 1586 3821 fa·

138 3822 199 3880 cies
226 3823 391 3880 certiorem.
422 3824 558 3898 Epistola
577 3841 646 3880 vero
668 3841 716 3902 37.
738 3825 820 3883 Misi
838 3827 878 3882 ud
895 3835 925 3882 te
945 3837 1034 3898 reaper
1053 3824 1149 3881 nescio
1169 3825 1293 3897 quidde
1314 3827 1430 3899 quodam
1450 3826 1586 3898 Hispano

138 3900 277 3976 domine,
294 3903 345 3977 qui
364 3903 401 3961 P.
422 3901 571 3981 Alcyonii
589 3904 621 3960 in
642 3899 788 3978 faciendo
804 3902 976 3964 Aristotele
993 3904 1102 3964 Latino
1121 3914 1225 3962 errata
1245 3905 1389 3962 Bononiae
1416 3904 1589 3986 colligeret.

137 3981 228 4044 Nunc
251 3980 331 4038 illud
350 3983 460 4053 adjicio
482 4001 517 4046 ea
534 3983 596 4052 ,ian
621 3984 702 4044 edita
723 4000 810 4056 esse,
830 3995 860 4042 et
886 3987 940 4044 buc
963 3983 1178 4057 (Patavium)
1200 3985 1289 4042 missa
1315 3999 1377 4040 cum
1399 3983 1453 4040 bae
1473 3987 1590 4044 inscri-

132 4063 256 4133 ptione:
280 4061 387 4120 Errata
410 4061 491 4126 Petri
516 4061 656 4140 Alcyonii
685 4065 715 4118 in
738 4064 978 4136 interpretatione
1002 4063 1170 4122 Aristotelis
1191 4077 1208 4116 a
1231 4063 1346 4136 Joanne
1369 4061 1497 4123 Genesio
1528 4065 1591 4125 Sei·

137 4143 265 4213 pulneda
278 4138 459 4202 Cordubensi
486 4146 616 4200 collecta.
645 4141 713 4204 Hoc
732 4183 747 4216 ,
764 4145 794 4200 si
814 4143 872 4205 tibi
890 4142 1063 4214 uidebitur,
1076 4133 1224 4216 Alcyonia
1242 4139 1447 4220 significabit,
1467 4155 1515 4202 aut
1529 4160 1586 4220 per

137 4219 217 4277 ulios
237 4231 317 4279 certe
333 4219 549 4279 denuntiandum
569 4223 598 4279 ei
619 4221 744 4280 curubis.
774 4221 862 4294 Sed,
884 4224 914 4278 si
935 4221 1003 4278 bene
1022 4235 1052 4276 re
1071 4220 1164 4291 noui,
1189 4219 1253 4292 ipse
1271 4231 1303 4277 tu
1321 4221 1527 4296 denuntiabis,
1553 4235 1587 4281 ut

136 4297 260 4358 luminis
282 4302 321 4356 nd
342 4310 441 4360 tantae
463 4299 652 4360 contumeliae
684 4301 809 4358 nuntium
831 4339 848 4374 ,
871 4299 982 4357 nultum
1002 4299 1105 4358 uideas
1127 4336 1139 4372 ,
1165 4300 1240 4374 quod
1260 4317 1343 4360 unurn
1366 4319 1435 4360 sune
1457 4315 1581 4376 suctu·

136 4379 231 4436 culum
258 4378 317 4437 tibi
342 4381 647 4460 niagnopere,‚inoideu
663 4397 672 4442 t
690 4395 836 4454 numquam
858 4380 932 4436 enirn
957 4380 986 4436 is
1007 4396 1044 4436 etr
1070 4376 1162 4436 oculis
1180 4377 1356 4450 laborauit,
1376 4382 1428 4456 qui
1448 4391 1507 4442 tum
1522 4386 1584 4454 ejus

129 4455 266 4533 flentem
288 4461 447 4533 spectarit„
472 4459 579 4520 Paulus
603 4459 706 4540 Jovius
730 4461 764 4520 iu
786 4457 912 4538 Elogiis
935 4457 1017 4517 clar,
1039 4459 1100 4520 uir.
1123 4462 1242 4532 loquens
1269 4461 1305 4519 de
1336 4461 1486 4535 Alcyonio
1512 4465 1591 4520 scri-

131 4537 217 4610 'prum
227 4539 362 4612 reliquit:
384 4538 451 4597 Cum
465 4537 564 4613 aliqua
582 4557 620 4597 esc
633 4537 806 4598 Aristotele
822 4552 977 4613 perperam
996 4535 1206 4613 insolenterque
1224 4541 1366 4597 vertisset
1374 4579 1387 4611 ,
1405 4541 1436 4597 in
1452 4561 1511 4600 eurn
1523 4543 1590 4604 Se-

134 4617 260 4689 puluedn
275 4657 291 4690 ,
316 4619 369 4676 uir
382 4619 535 4691 Hispanus.
553 4620 676 4700 egregie
694 4619 741 4690 lde
756 4618 877 4676 litteris
897 4620 1043 4689 aceritus,
1063 4618 1142 4675 edito
1164 4615 1307 4677 volumine
1328 4631 1467 4692 peracuta
1483 4623 1597 4692 jacula>

137 4699 303 4769 emtorsit,
324 4715 376 4754 non
396 4696 496 4756 hercle
511 4699 637 4776 indigna
658 4700 735 4758 tanti
755 4697 921 4772 philosophi
942 4695 1110 4756 admetus
1121 4735 1134 4771 ,
1155 4698 1185 4754 si
1203 4698 1352 4756 vindictae
1372 4701 1480 4758 nomine
1497 4705 1590 4760 meri·

137 4784 170 4836 ta,
189 4789 277 4850 paena
292 4775 467 4836 multaretur
482 4817 493 4850 ,
506 4786 589 4834 tanto
606 4779 717 4850 quidem
734 4779 910 4838 eruditorum
926 4775 1092 4852 applausu,
1108 4785 1139 4832 ut
1162 4775 1329 4852 Alcyonius
1349 4779 1522 4855 ignominiae
1535 4782 1591 4839 do*
1663 4829 1666 4834 .

137 4851 199 4918 lure
219 4859 322 4916 misere
348 4866 565 4928 conternntur,
583 4857 714 4932 Hispani
735 4857 858 4925 lerninis.
877 4855 972 4922 libros
998 4857 1032 4918 in
1049 4853 1201 4933 tabunt„
1214 4866 1245 4916 ut
1264 4868 1487 4935 condenatur,
1504 4877 1591 4941 gras·

137 4935 172 4997 ui
184 4937 285 5014 pretio
308 4953 440 4999 euenere
457 4945 633 5022 cogeretur,
