4294 5972
575 469 664 564 334
970 453 1051 534 DE
1080 451 1282 531 REBUS
1328 445 1545 528 GESTIS

531 637 714 729 nerunt,
750 644 794 709 et
831 605 1035 750 quamvis
1072 603 1283 704 custodias
1321 605 1567 701 accedentes
1603 639 1696 700 non
1737 597 1989 736 latuissent,

532 793 679 856 tamen
715 753 805 853 sine
842 749 1128 852 contentione
1154 747 1321 847 idoneo
1349 747 1450 846 loco
1486 745 1605 844 mille
1642 745 1862 848 circitera
1894 767 1985 856 Co-

530 937 640 1000 rone
678 895 869 1038 passibus
906 892 1094 1032 expositi
1128 928 1252 992 sunt.
1291 897 1412 989 Turn
1442 889 1633 1031 Hispani
1668 928 1712 989 et
1746 891 1839 991 Itali
1872 935 1978 1036 sepa·

529 1041 662 1142 ratim
700 1040 915 1180 progressi
933 1027 1360 1135 ‘circumfunduntur
1396 1034 1544 1132 omnia
1580 1033 1803 1171 diligenter
1840 1041 1982 1141 consi-

532 1186 759 1299 derantes,
801 1218 996 1320 quotum
1032 1177 1241 1280 nonnulli
1284 1177 1393 1275 dum
1430 1176 1686 1316 explorandi
1731 1180 1880 1280 studio
1918 1217 1984 1282 te·

530 1365 649 1428 mere
698 1325 873 1465 propius
919 1359 1094 1422 murum
1144 1321 1452 1437 succederent,
1491 1317 1687 1418 hostium
1731 1322 1864 1442 taliS,
1906 1325 1985 1464 qui

530 1470 765 1608 diligenter
803 1503 976 1566 nostros
1014 1461 1271 1563 bombardis
1306 1495 1349 1563 et
1384 1463 1613 1601 scloppctis
1648 1459 1984 1590 submonebant,

530 1613 791 1712 concidere.
837 1620 962 1709 Dum
1006 1604 1113 1706 haec
1148 1607 1195 1704 in
1232 1640 1343 1704 terta
1387 1640 1630 1746 geruntur,
1667 1605 1861 1727 milites,
1905 1609 1983 1749 qui
2123 1619 2124 1666 ³

531 1752 779 1862 triremibus
833 1750 1051 1890 praesidio
1097 1747 1238 1848 relicti
1277 1742 1486 1866 fuerant,
1533 1785 1690 1848 navem
1739 1751 1984 1852 onerariam

532 1895 646 1996 intra
683 1928 864 2031 portum
901 1889 1170 2031 conspicati,
1205 1887 1317 1989 hanc
1341 1889 1543 1990 invadere
1581 1929 1631 1990 ac
1668 1890 1847 2030 diripere
1878 1933 1984 1994 con·

528 2036 742 2154 stituunt,
777 2035 1066 2174 eamdemque
1100 2033 1247 2131 multis
1298 2067 1623 2132 tormentorum
1659 2029 1751 2133 telis
1785 2074 1837 2134 ex
1874 2035 1982 2176 qui-

526 2173 717 2278 busdam
754 2174 1028 2296 triremibus,
1064 2215 1179 2316 quae
1215 2169 1388 2274 fuerant
1422 2176 1657 2294 admotae,
1701 2215 1980 2298 concussam,

531 2319 697 2460 scaphis
738 2319 911 2419 advecti
967 2356 1018 2416 ac
1068 2353 1248 2457 portum
1290 2316 1469 2458 ingressi
1509 2318 1810 2441 adoriuntur,
1853 2359 1979 2460 prae-

531 2463 730 2602 liumque
764 2500 900 2600 grave
933 2461 1257 2562 committitur.
1295 2471 1420 2560 Dum
1453 2462 1693 2602 navigium¹
1718 2461 1981 2604 pugnacissi-

529 2645 604 2704 me
646 2603 784 2702 nostri
824 2644 876 2700 ex
919 2601 1165 2702 triremibus
1208 2636 1251 2702 et
1293 2600 1458 2744 scaphis
1500 2640 1796 2746 oppugnant,
1838 2605 1975 2704 hostes
2124 2697 2125 2736 p

531 2782 629 2845 tum
664 2785 714 2846 ex
750 2747 910 2844 eodem
945 2745 1158 2886 navigio,
1194 2781 1292 2845 tum
1328 2784 1380 2844 ex
1415 2747 1552 2846 muris
1587 2741 1851 2856 defendunt3
1885 2781 1978 2846 tan-
2124 2781 2125 2810 ¹

510 2889 633 3018 *dem
668 2887 803 2987 nostri
835 2924 1079 3030 expugnata
1117 2889 1372 3028 direptaque
1402 2887 1507 2988 navi
1548 2891 1603 2991 ad
1638 2889 1834 2992 triremes
1877 2927 1978 2991 cum

530 3032 688 3171 praeda
724 3031 871 3168 paucis
908 3031 1148 3130 desideratis
1184 3071 1273 3130 sese
1307 3067 1585 3172 receperunt.

611 3182 799 3274 XXXII.
885 3173 969 3272 His
1017 3170 1143 3272 rebus
1184 3174 1333 3315 primo
1376 3174 1447 3277 die
1504 3175 1741 3316 primoque
1798 3175 1976 3316 appulsu

528 3315 659 3454 gestis
711 3316 909 3455 quinque
957 3353 1172 3454 praeterea
1218 3317 1309 3417 dies
1353 3317 1646 3456 expediendae
1696 3316 1976 3418 muniendae·

529 3495 616 3596 que
653 3461 748 3557 viae
784 3458 874 3557 dati
916 3463 1107 3561 suntad
1153 3493 1370 3558 tormento.
1413 3456 1623 3560 vehiculis
1670 3458 1978 3599 importando,

529 3598 711 3738 aliisque
746 3596 903 3718 rebus,
943 3640 1056 3740 quae
1091 3600 1419 3744 oppugnationi
1455 3603 1553 3702 usui
1586 3596 1733 3701 forent
1748 3677 1763 3720 ,
1800 3639 1982 3744 compa·

529 3742 702 3842 randis.
745 3743 918 3842 Deinde
958 3743 1107 3843 ceteris
1149 3745 1288 3885 copiis
1350 3778 1516 3883 praeter
1563 3783 1718 3884 paucas
1763 3746 1983 3848 centurias
2125 3739 2126 3784 ³

530 3884 744 4022 praesidio
786 3885 967 3987 navibus
1014 3888 1183 3987 relictas
1217 3887 1419 4028 expositis
1460 3921 1675 3987 tormenta
1718 3887 1893 3990 invecta
1940 3921 1984 3989 ct

531 4025 703 4126 idoneis
738 4027 786 4126 in
822 4029 933 4129 sicco
967 4028 1074 4129 locis
1109 4031 1350 4138 collocatas
1386 4029 1434 4130 in
1468 4031 1655 4132 navibus
1689 4067 1839 4130 autem
1870 4071 1984 4174 qua-

531 4203 632 4269 tuor
672 4203 827 4310 pontes
872 4169 955 4270 hac
998 4174 1167 4274 ratione
1212 4168 1444 4284 fabricati:
1477 4211 1706 4275 ontennas
1744 4174 1983 4316 longatum

531 4313 714 4412 navium
763 4311 886 4416 binas
934 4313 1165 4417 intervallo
1201 4353 1390 4458 quatuor
1441 4353 1516 4418 aut
1561 4317 1762 4461 quinque
1810 4320 1978 4458 pedum

430 4511 433 4518 ,
530 4447 645 4549 inter
701 4493 743 4551 se
788 4453 1075 4595 jungebant,
1119 4462 1380 4601 easdemque
1422 4461 1552 4603 lignis
1595 4461 1797 4561 disclusas
1846 4495 1978 4598 atque

527 4591 743 4694 'revinctas
788 4600 1035 4697 transversis
1079 4601 1233 4700 tabulis
1267 4605 1512 4742 injectaque
1549 4604 1733 4704 materia
1769 4601 1831 4703 sic
1867 4635 1978 4699 con-

532 4734 763 4859 texebant,
802 4773 853 4840 ut
886 4774 1023 4848 essent
1056 4743 1209 4848 omnia
1243 4744 1355 4848 inter
1390 4785 1433 4848 se
1468 4745 1636 4849 confixa
1660 4746 1791 4849 clavis
1816 4780 1858 4845 ct
1880 4740 1981 4843 col·

1924 4885 1980 4986 h-
