4298 5980
554 407 644 468 m
946 397 1039 482 ‚Du
1081 399 1291 480 REBUS
1330 395 1560 481 GESTIS

382 644 384 652 ,
507 553 771 665 aMartino
809 553 1029 658 mandatis
1066 554 1304 697 expositis,
1348 551 1600 658 Caesariani
1648 557 1826 680 duces,
1858 600 1998 707 quo-

509 745 609 809 rum
661 704 861 849 primum
903 703 1056 804 locum
1114 699 1379 804 Philibcrnrs
1426 700 1620 804 Uraniae
1668 703 1868 848 Princeps
1944 743 1994 812 et
2125 735 2126 776 ³

510 861 710 992 Joannes
732 848 907 952 Urbina
944 843 1178 968 tenebant,
1206 847 1555 990 responderunt:
1587 846 1647 948 ita
1685 848 1872 951 demum
1911 892 1992 994 pa·

507 1037 607 1100 cem
644 992 701 1095 ab
739 994 931 1097 exercitu
966 993 1190 1137 impetrari
1226 1033 1385 1135 posse,
1430 993 1466 1094 si
1508 987 1712 1096 Pontifex
1766 999 1991 1100 Romani·-
2125 1109 2126 1112 Ν

506 1181 594 1282 que
638 1141 901 1242 ducatorum
946 1176 1133 1244 trecenta
1177 1137 1318 1240 millia
1367 1177 1450 1281 pro
1495 1138 1719 1281 stipendio
1768 1140 1986 1246 militibus
2125 1223 2126 1280 ἦ

504 1287 782 1388 numerando
825 1284 1193 1407 contribuerent,
1238 1319 1282 1385 et
1335 1281 1499 1384 interea
1545 1283 1759 1385 exercitus
1795 1285 1846 1386 in
1889 1329 1985 1394 eam
2125 1281 2126 1374 3

503 1465 678 1573 partem
707 1428 871 1552 Urbis,
900 1473 1013 1573 quae
1048 1467 1164 1533 trans
1199 1425 1403 1530 Tiberim
1441 1463 1531 1547 est,
1569 1429 1862 1569 reciperetur,
1901 1433 1984 1533 do·
2125 1501 2126 1516 ι

504 1615 585 1679 nec
628 1575 814 1718 pecunia
856 1577 1073 1717 persoluta
1115 1568 1298 1676 fuisset.
1346 1585 1450 1692 Qua
1492 1575 1548 1674 de
1585 1614 1631 1674 re
1668 1575 1755 1714 ipsi
1796 1616 1985 1720 quoque

448 1737 453 1746 '
504 1721 635 1824 duces
681 1722 738 1822 ad
779 1719 969 1822 civitatis
1008 1759 1233 1860 supremos
1283 1721 1566 1859 Magistratus
1612 1719 1806 1860 legatum
1842 1721 1985 1822 mise·⁴

504 1902 638 1967 runt.
684 1865 765 1964 Sed
809 1865 919 1966 dum
965 1862 1184 1964 Pontifice
1228 1863 1284 1960 de
1328 1862 1541 2001 pecuniae
1577 1863 1880 2003 magnitudine
1918 1903 1987 1964 re-
2125 1869 2126 1950 l

506 2040 682 2110 curante
719 2045 833 2126 nec,
880 2007 1005 2146 quod
1050 2004 1239 2106 ducibus
1277 2001 1580 2146 probaretur,
1619 2002 1828 2108 offerente
1864 2039 1984 2107 tem-

505 2189 586 2294 pus
622 2149 808 2269 teritur,
847 2149 1100 2252 Ludovicus
1138 2160 1355 2290 Gonzaga
1393 2187 1499 2250 cum
1535 2148 1716 2270 Italica,
1750 2149 1824 2251 cui
1865 2189 1982 2292 prae·

508 2333 620 2415 erat,
648 2333 818 2413 manu,
846 2294 993 2434 paucis
1017 2290 1287 2435 quibusdam
1319 2291 1528 2436 Hispanis
1549 2293 1796 2428 adjunctis,
1823 2300 1981 2396 Trans'

509 2437 751 2558 tiberinam
786 2437 922 2540 Urbis
959 2475 1129 2576 partem
1165 2436 1398 2538 circumire
1434 2439 1616 2578 coepit,
1656 2447 1796 2570 jussus
1831 2439 1978 2542 locum

515 2580 846 2726 oppugnationi
881 2615 1036 2721 aptum
1063 2581 1336 2682 considerare
1369 2616 1439 2701 ct,
1469 2582 1505 2682 si
1526 2583 1591 2682 rei
1626 2579 1737 2683 bene
1771 2587 1979 2726 gerendae

508 2728 635 2830 detur
672 2724 878 2845 occasi0,
913 2721 1026 2826 hanc
1062 2763 1156 2826 non
1194 2727 1455 2866 praeterire.

579 2881 675 2972 XII.
749 2881 787 2972 Is
830 2911 880 2969 ea
922 2907 1042 3012 parte
1063 2949 1079 2992 ,
1104 2910 1236 3014 ,quae
1262 2907 1374 3014 post
1409 2870 1519 2974 Divi
1561 2870 1780 2974 Pancratii
1825 2867 1978 2976 fanum

509 3048 604 3134 est,
640 3052 819 3116 murum
849 3057 875 3115 a
905 3009 1206 3118 defensoribus
1251 3054 1442 3118 vacuum
1478 3057 1566 3117 esse
1609 3017 1980 3137 animadvertens,

508 3157 626 3259 scalis
656 3159 847 3259 admotis
902 3159 1060 3260 milites
1097 3162 1389 3264 conscendere
1425 3159 1580 3293 jubet,
1633 3201 1658 3262 a
1704 3162 1860 3302 quibus
1898 3203 1981 3262 oc-

510 3337 674 3442 cupato
711 3341 845 3404 muro
891 3303 1090 3404 Romani
1126 3305 1279 3406 ceteris
1316 3346 1367 3406 ex
1403 3303 1599 3447 partibus
1635 3303 1848 3449 diffugere
1892 3345 1982 3407 coe·

513 3481 701 3589 petunt.
754 3454 861 3546 Hoc
904 3447 1109 3548 nuntiato
1159 3448 1354 3590 reliquus
1410 3449 1621 3552 exercitus
1671 3452 1892 3570 accurrit,
1944 3484 1983 3549 et

510 3585 732 3730 perforato
770 3627 901 3694 muro
938 3591 1096 3694 deinde
1133 3587 1324 3696 refractis
1367 3595 1506 3738 portis
1526 3672 1544 3715 ,
1592 3595 1726 3737 paulo
1768 3630 1868 3697 ante
1913 3635 1980 3696 so«

512 3733 562 3836 lis
598 3774 801 3838 occasum
846 3736 1139 3861 immittitur,
1180 3775 1348 3881 praeter
1391 3739 1698 3884 Hispanorum
1741 3741 1834 3843 duo
1878 3739 1979 3844 mil-

514 3879 605 3996 lia,
639 3882 719 4022 qui
754 3883 801 3983 in
837 3882 1024 3986 statione
1060 3887 1116 3986 ad
1152 3897 1382 4030 Burgum,
1418 3885 1455 3986 si
1488 3880 1603 3988 forte
1637 3883 1784 3988 hostes
1820 3893 1979 4028 perve·

514 4023 710 4142 nissent‚
747 4064 1070 4134 remanserunt.
1108 4028 1243 4173 Igitur
1278 4028 1436 4133 Tiberi
1473 4072 1548 4176 per
1584 4069 1774 4176 pontes,
1808 4032 1980 4135 nemine

517 4203 797 4289 remorante,
835 4183 1048 4308 trajecto,
1084 4175 1323 4320 diripiendi
1357 4178 1497 4320 gratia
1544 4177 1598 4279 in·
1640 4217 1796 4298 omnes
1843 4212 1979 4322 partes

516 4313 675 4417 milites
711 4316 988 4424 discurrunt.
1026 4329 1125 4423 Nec
1149 4358 1242 4425 tota
1272 4359 1434 4445 nocte,
1464 4359 1508 4426 et
1534 4357 1714 4466 postero
1743 4323 1850 4445 die,
1882 4357 1978 4422 utn-

518 4454 600 4554 ctis
642 4469 734 4590 jam
768 4462 941 4567 Urbem
989 4465 1223 4610 ingressis,
1258 4511 1285 4571 a
1327 4508 1475 4572 rerum
1511 4471 1797 4614 direptione,
1831 4460 1978 4568 homi·

518 4635 627 4702 num
664 4603 898 4746 captione,
935 4611 1213 4732 domorum,
1249 4613 1285 4714 si
1310 4653 1433 4756 quae
1469 4613 1710 4718 hominum
1745 4601 1984 4716 multitudi-

516 4785 574 4852 ne
620 4743 762 4854 fretae.
803 4754 1046 4866 resisterem
1070 4839 1095 4906 ².
1136 4761 1469 4910 oppugnatione
1517 4761 1823 4885 destiterunt,
1864 4748 1985 4858 nullo

1913 4935 1986 5004 Μή
