4292 5984
582 497 824 584 CAROL'I
867 497 918 584 V·
970 497 1085 584 LIB.
1122 497 1158 584 Is
1528 503 1585 594 27

157 700 294 804 quam
318 651 454 760 'ferro
498 652 777 776 debellatur,
815 691 857 756 et
901 655 1044 796 copiis
1084 649 1266 760 amissis
1296 651 1387 802 ipse
1429 654 1476 756 in
1518 653 1627 803 fuga

155 801 498 947 comprehensus
546 799 793 901 occiditur.
843 811 996 916 Quam
1016 903 1022 910 ,
1045 801 1214 904 cladem
1261 837 1309 904 ut
1355 799 1627 908 ulcisceretur

153 949 386 1068 Alaricus,
422 945 644 1085 reliquam
681 983 901 1063 manum,
940 947 1053 1086 quae
1090 981 1134 1044 et
1176 947 1268 1086 Ipsa
1310 946 1459 1088 ingens
1501 985 1625 1070 erat,

153 1096 199 1198 in
236 1095 409 1196 Italiam
432 1089 651 1209 inducit,
694 1127 738 1188 et
781 1087 971 1188 exercitu
1013 1099 1361 1218 Romanorum,
1404 1129 1538 1231 quem
1582 1094 1624 1196 ei

152 1239 307 1340 Stilico
345 1233 402 1335 ab
425 1233 640 1338 Honorio
672 1231 824 1334 missus
852 1269 1147 1374 opposuerat,
1176 1234 1234 1334 ad
1266 1247 1523 1336 Ravermam
1553 1233 1629 1336 cle*
1711 1299 1728 1332 .

149 1381 244 1483 leto
293 1391 492 1484 Romam
534 1378 847 1521 progreditur,
889 1412 1155 1520 captamque
1203 1379 1396 1522 diripit,
1444 1415 1495 1478 ac
1537 1386 1630 1480 Ita-t

147 1525 258 1628 liam
301 1525 447 1628 victor
493 1554 783 1668 pervagatus,
830 1523 940 1622 dum
981 1523 1027 1626 in
1068 1523 1259 1625 Siciliam
1302 1525 1501 1655 trajicere
1544 1563 1628 1633 co÷

147 1708 297 1791 natur,
332 1697 591 1814 tempestate
634 1675 815 1800 rejecnrs
852 1703 951 1787 est,
972 1699 1014 1765 et
1050 1667 1107 1766 ad
1137 1670 1425 1773 Consentiam
1463 1665 1625 1770 urbem

150 1814 314 1916 morbo
351 1847 575 1958 correptus
611 1805 788 1915 interiit.
826 1938 829 1946 Ι
1176 1817 1187 1945 Ἰ

240 1967 449 2061 XXVIII.
540 1969 591 2059 In
636 1955 766 2088 hujus
813 1953 963 2057 locum
1006 1947 1240 2058 Athaullirs
1282 1951 1486 2058 suffectus
1528 1969 1628 2060 Ro*

151 2141 276 2204 mam
313 2095 586 2244 regreditur,
617 2100 733 2201 unde
769 2096 960 2199 ablatam
995 2099 1170 2200 Gallam
1207 2101 1446 2203 Placidiam
1481 2097 1626 2203 Tlreo·
1773 2215 1775 2219 ,

149 2246 269 2346 dosii
317 2245 454 2346 filiam
503 2241 550 2343 in
599 2241 938 2342 matrimonium
985 2241 1140 2360 duxit,
1192 2252 1314 2374 cujus
1362 2243 1545 2386 ingenio
1582 2280 1628 2344 et

148 2387 420 2488 suavissimis
453 2379 654 2488 moribus
688 2384 748 2483 sic
782 2387 873 2514 ejus
912 2383 1088 2482 animus
1128 2411 1195 2483 est
1230 2384 1454 2502 delinitus,
1492 2420 1542 2483 ut
1579 2392 1628 2484 in

77 2551 79 2554 ’
148 2531 300 2629 uxoris
336 2521 539 2670 gratiam¹
565 2523 778 2630 Honorio
827 2520 954 2625 fratri
993 2525 1116 2625 Italia
1163 2516 1337 2626 cederet
1348 2601 1365 2644 ,
1407 2563 1450 2626 et
1492 2565 1629 2629 omne

150 2670 322 2774 bellum
358 2673 407 2774 in
440 2669 632 2775 Galliam
669 2672 870 2770 adversus
899 2671 1125 2770 Vandalos
1163 2670 1391 2812 sociasque
1426 2669 1628 2772 nationes

152 2811 423 2918 transferret.
465 2809 658 2917 Vandali
695 2809 846 2934 enim,
882 2838 933 2914 ut
976 2801 1218 2954 Procopius
1268 2847 1334 2912 est
1373 2835 1560 2931 auctor,
1602 2841 1640 2912 a

153 2958 364 3096 Scythia,
402 2991 541 3100 quam
577 2955 685 3058 citra
722 2957 1002 3059 Maeotidem
1046 2957 1252 3098 paludem
1295 2991 1402 3058 tunc
1449 2951 1628 3054 habita·
1725 3089 1731 3102 ἱ
1833 2929 1838 2937 ’

156 3101 300 3224 bant,
338 3097 557 3248 profecti,
602 3093 748 3202 ascitis
796 3100 844 3206 in
894 3102 1144 3202 societatem
1187 3100 1344 3202 vicinis
1390 3095 1541 3203 Alanis
1583 3127 1629 3201 et

154 3250 341 3367 Suevis,
379 3249 427 3350 in
463 3247 654 3351 Galliam
691 3277 830 3389 usque
866 3279 1196 3387 processerunt,
1233 3283 1367 3387 atque
1404 3273 1504 3347 eam
1546 3283 1629 3343 oc-

154 3429 374 3534 cuparunt
426 3381 608 3495 biennio
660 3415 761 3491 ante
812 3405 1011 3494 Romam
1056 3388 1113 3492 ab
1160 3388 1338 3490 Alarico
1386 3387 1628 3532 direptam3

157 3539 235 3636 sed
255 3531 469 3637 Arhaulfo
507 3575 552 3637 et
586 3534 765 3639 Gotthis
801 3529 1172 3653 adventantibus,
1208 3535 1293 3676 ipsi
1335 3530 1482 3635 relicta
1527 3529 1629 3634 Gala

156 3677 218 3779 lia
252 3681 525 3823 Hispaniam
577 3679 826 3800 Invadunt,
868 3715 913 3779 et
959 3708 1097 3821 paene
1138 3708 1282 3781 totam
1322 3677 1370 3781 iti
1410 3674 1629 3778 ditionem

152 3825 398 3966 redigunt,
441 3860 535 3930 non
577 3825 844 3933 admodum.
867 3863 947 3928 nec
989 3820 1235 3944 Romanis,
1279 3853 1474 3962 quorum
1516 3813 1633 3915 vires

152 4003 277 4067 erant
312 3969 524 4092 attritae,
558 4011 640 4075 nec
676 3966 884 4112 Hispanis
922 3967 1028 4106 Ipsis
1061 3962 1385 4086 resistentibus,
1426 3985 1476 4061 ac'
1517 3955 1632 4066 inter

149 4147 197 4209 se
236 4113 385 4248 partiti
422 4149 549 4216 sunt,
595 4127 644 4216 In
688 4155 777 4256 qua
826 4110 1134 4213 distributione
1171 4103 1321 4209 Alanis
1357 4101 1668 4208 obveniret·

153 4291 258 4394 pars
295 4257 577 4375 Lusitaniae,
614 4297 726 4397 quae
762 4257 930 4387 adjacet
965 4247 1185 4354 Emeritae
1222 4258 1483 4393 Augustae,
1525 4278 1629 4352 cum

154 4399 425 4535 Carpetania
464 4431 508 4499 et
544 4401 756 4500 Oretania
790 4435 928 4538 usque
970 4394 1041 4497 ad.
1068 4435 1235 4502 novam
1277 4387 1627 4535 Carthaginem?

155 4537 370 4638 Vandalis
389 4541 420 4659 ,'
453 4543 646 4680 bilinguis
683 4541 1045 4684 cognominatis,
1082 4537 1281 4646 Baetica3
1314 4537 1464 4638 cereris
1505 4535 1627 4638 Van-

158 4681 271 4781 dalis
306 4691 350 4782 e't
368 4687 531 4786 .Suevis
563 4689 732 4828 reliqua
754 4715 852 4828 pars
883 4681 1131 4786 Lusitaniae
1163 4721 1265 4782 cunr
1288 4680 1510 4783 Gallaecia
1533 4669 1631 4797 ‚fuir

12 4953 13 4960 Ν
159 4823 394 4959 attributa.
418 4827 587 4973 Itaque
610 4833 854 4975 Imperium
877 4842 1192 4932 Romanorum
1227 4826 1276 4926 in
1310 4821 1486 4926 Asturia
1507 4833 1628 4946 <lanf

1171 4978 1266 5076 Da
1558 4999 1628 5066 ta·
