4368 5984
667 422 1116 495 VITAETSCR1PTA.
1491 436 1619 506 LXIII.
1692 436 1725 448 ’“

199 547 349 685 gantius
368 549 494 685 possit
519 545 679 684 reperiri.
720 550 805 633 Nec
837 547 875 634 id
909 545 1034 634 fecisse
1066 573 1267 636 contentus
1297 553 1462 662 varias,
1502 587 1640 674 easque

196 668 458 754 curtosissrmas
481 693 660 753 rntersent
682 666 943 782 quaestiones,
976 697 1074 782 quae
1093 669 1291 755 maximam
1309 672 1394 758 huic
1412 703 1638 792 argumento

193 786 320 871 lucem
350 783 619 872 foenerantur:
645 789 752 870 Num
783 784 916 870 scilicet
933 783 1001 896 juri
1019 788 1186 872 naturali
1212 789 1428 878 adversetur
1457 796 1639 903 servitus,

191 932 285 989 cum
315 905 424 992 initio
452 933 585 990 omnes
615 903 784 988 homines
801 903 902 989 liberi
918 931 1181 1008 nascerentur,
1209 935 1300 992 num
1326 910 1424 995 duae
1441 910 1540 1028 leges
1555 913 1633 999 sive

192 1026 388 1109 naturales
417 1022 541 1130 ,sive
573 1019 695 1107 clviles
725 1049 851 1106 secum
891 1049 1103 1138 pugnantes
1131 1025 1392 1140 reperiantur:
1424 1057 1523 1142 quae
1546 1030 1639 1116 item

191 1139 329 1226 liceant
362 1141 402 1224 in
451 1141 578 1226 hostes
617 1138 717 1224 bello
757 1137 855 1252 justo
889 1164 1046 1254 captos:
1076 1170 1175 1254 quae
1206 1143 1301 1228 ratio
1325 1146 1488 1231 incunda
1515 1177 1657 1253 ,cum

190 1259 345 1374 utrique
361 1257 500 1342 bellum
525 1257 735 1374 gerentium
760 1255 894 1368 justam
911 1282 949 1342 et
965 1257 1161 1343 honestam
1195 1261 1272 1372 ejus
1301 1263 1518 1376 suscipiendi
1544 1294 1639 1351 cau·

70 1415 72 1420 v
193 1405 276 1460 sam
309 1377 486 1464 videntur
512 1375 680 1461 habuisse
696 1405 704 1459 :
723 1374 831 1489 quod
848 1371 1022 1459 militibus
1050 1378 1271 1491 capiendum
1289 1382 1509 1487 consilium,
1526 1384 1634 1498 queis

190 1493 333 1579 bellum
357 1494 494 1606 justum
511 1522 591 1579 non
608 1515 685 1578 esse
706 1490 935 1577 constiterit:
959 1493 1104 1608 aliaque
1119 1495 1218 1582 lectu
1237 1525 1317 1581 non
1334 1499 1455 1586 minus
1470 1501 1636 1614 jucunda

192 1640 310 1726 quam
341 1605 459 1696 utilia.
499 1610 563 1697 Ad
597 1635 805 1696 extremum
837 1609 972 1724 probat
1008 1611 1184 1699 adversus
1216 1615 1456 1730 leopoldum
1491 1625 1635 1704 Demo·

194 1755 338 1834 crates,
374 1729 552 1815 barbatos
567 1791 580 1834 ,
597 1729 664 1844 qui
690 1727 900 1813 Christiana
921 1727 1099 1846 religione
1124 1759 1274 1845 accepta
1304 1734 1500 1850 imperium
1530 1737 1637 1821 Ptin-

194 1847 281 1962 cipis
306 1847 567 1962 Hispanorum
598 1875 679 1932 non
703 1869 901 1947 recusant,
919 1849 996 1960 pari
1024 1847 1109 1960 juris
1132 1850 1352 1938 conditione
1382 1853 1437 1937 uri
1456 1882 1533 1938 non
1568 1855 1634 1940 de·

194 1964 282 2050 bere
315 1995 360 2050 ac
391 1963 591 2050 Christiani
613 1963 753 2069 ceteri,
786 1988 824 2049 et
851 1964 1007 2077 Hispani
1033 1965 1097 2079 ipsi
1115 1967 1212 2081 ,qui
1237 1993 1324 2053 sunt
1355 1971 1521 2082 ejusdem
1540 1971 1638 2087 regis

193 2079 352 2196 imperio
390 2081 571 2194 subjecti,
600 2082 718 2198 quod‘
739 2081 830 2166 nihil
862 2081 978 2197 magis
1006 2082 1052 2169 sit
1083 2110 1216 2170 contra
1243 2084 1456 2196 justitiam,
1492 2114 1537 2174 ut
1564 2121 1635 2175 vo·

191 2225 282 2285 cant
301 2261 315 2307 ,
332 2203 665 2307 distributivam,
696 2227 813 2315 quam
844 2198 1045 2313 disparibus
1073 2202 1174 2314 paria
1204 2205 1390 2306 tribuere,
1415 2229 1454 2290 er
1485 2207 1550 2321 qui
1575 2206 1633 2291 di·

191 2316 339 2430 gnitate
371 2345 414 2402 ac
437 2319 575 2406 virtute
588 2341 627 2414 et
655 2317 795 2405 metitis¹
813 2317 1017 2432 superiores
1042 2343 1156 2424 sunt,
1185 2319 1256 2405 hos
1284 2350 1371 2406 cum
1401 2318 1632 2409 inferioribus

193 2433 258 2519 vel
290 2437 528 2541 commodis,
561 2433 623 2522 vel
662 2435 840 2541 honore,
879 2434 940 2522 vel
967 2436 1122 2549 paritate
1152 2435 1238 2549 juris
1265 2439 1475 2554 exaequari.
1505 2439 1548 2525 ld
1577 2468 1649 2525 ta«
1724 2431 1727 2440 ’
1768 2491 1772 2500 ›

188 2579 281 2637 men
309 2553 488 2669 principes
503 2552 735 2666 Hispaniae,
765 2581 973 2667 eorumque
1003 2553 1234 2641 consultores
1264 2556 1527 2644 admonendos
1560 2557 1632 2641 du·

189 2667 265 2774 cit,
292 2695 337 2756 ut
364 2672 414 2754 sic
442 2673 639 2787 imperium
668 2669 707 2754 in
734 2671 805 2757 hos
833 2673 1011 2757 barbaros
1041 2696 1194 2786 pacatos
1217 2674 1471 2779 constituant,
1499 2697 1543 2759 ut
1560 2701 1631 2758 nec

191 2783 455 2903 indulgentia,
481 2817 552 2878 nec
584 2788 724 2902 majore
755 2789 954 2891 libertate,
983 2818 1098 2905 quam
1132 2819 1201 2904 pro
1229 2789 1393 2905 ipsorum
1428 2814 1561 2876 natura
1592 2815 1633 2877 et

193 2906 413 2990 conditione
440 2907 692 3011 insolescant,
712 2929 751 2991 et
782 2906 857 2992 hoc
883 2905 1132 2993 invitamento
1164 2935 1278 3023 atque
1304 2907 1448 2995 licentia
1477 2909 1527 2995 ad
1551 2909 1631 3024 pri·

193 3022 330 3107 stinum
355 3048 493 3139 statum
521 3050 560 3111 et
582 3025 826 3111 inveteratam
851 3023 1003 3115 vivendi
1033 3027 1343 3111 consuetudinem
1376 3025 1632 3115 revocandam

193 3139 436 3254 conspirent,
472 3171 542 3228 nec
568 3170 691 3228 rursus
725 3167 804 3229 tam
836 3144 935 3228 duro
963 3143 1119 3258 imperio
1149 3167 1390 3259 premantur,
1420 3169 1627 3232 neveram

193 3258 369 3344 serviliter
397 3284 436 3346 er
467 3260 545 3346 sine
577 3261 728 3345 honore¹
753 3283 957 3346 tractentur
991 3322 1003 3368 ,
1032 3286 1076 3346 ut
1107 3262 1320 3348 servitutem
1353 3287 1392 3348 et
1428 3261 1632 3380 indignita-

192 3398 268 3458 tem
300 3377 457 3490 pertaesi
488 3378 536 3464 de
566 3377 763 3464 rebellione
790 3378 987 3494 cogitent,
1020 3403 1060 3464 et
1093 3375 1223 3496 jugum
1255 3380 1463 3466 excutiendi
1493 3407 1628 3466 omnes

193 3493 405 3579 occasiones
435 3497 649 3583 observent.
695 3495 754 3579 Sic
780 3497 958 3611 equidem
992 3494 1186 3612 imperium
1216 3499 1504 3611 temperandum
1527 3493 1630 3602 est,

192 3632 236 3695 ut
261 3612 408 3696 barbari
423 3618 556 3728 partim
575 3637 709 3717 metu,
741 3614 874 3728 partim
902 3613 968 3720 vi,
995 3615 1127 3728 partim
1151 3615 1415 3702 benevolentia
1438 3641 1477 3700 et
1499 3614 1629 3727 aequi-

191 3749 270 3813 tate
302 3730 416 3814 animi
454 3731 491 3814 in
523 3727 648 3815 officio
681 3731 988 3835 contineantur,
1021 3757 1065 3817 ut
1096 3760 1166 3817 nec
1195 3733 1336 3847 possint
1367 3794 1379 3838 ,
1414 3762 1482 3817 nec
1513 3730 1631 3818 velint

191 3871 249 3932 tes
283 3874 407 3932 novas
437 3849 475 3931 in
512 3848 768 3962 Hispanorum
799 3848 994 3962 imperium
1020 3885 1036 3956 ‚·
1066 3876 1133 3938 aut
1160 3852 1273 3936 etiam
1299 3849 1454 3936 salutem
1487 3847 1624 3935 moliti.
1738 3949 1744 3952 η
1859 3881 1860 3884 ¹

190 3964 283 4050 Hoc
309 3967 408 4050 enim
433 3990 770 4079 temperamentum
799 3967 884 4051 satis
899 3966 1033 4054 virium
1061 3995 1174 4084 arque
1204 3967 1369 4081 praesidii
1400 3965 1536 4050 habere
1566 3965 1621 4052 vi-

192 4081 307 4166 derur
334 4082 397 4169 vel
424 4084 474 4169 ad
500 4084 642 4198 imperii
669 4085 953 4197 perpetuitatem
982 4105 991 4169 t
1036 4089 1248 4199 eodemque
1278 4109 1424 4169 constat
1446 4084 1536 4170 olim
1552 4088 1630 4168 Ro·

192 4227 358 4303 manos,
391 4199 491 4286 viros
523 4200 856 4315 prudentissimos,
886 4231 974 4288 usos
994 4199 1103 4286 fuisse
1133 4203 1183 4287 ad
1215 4201 1408 4316 imperium
1429 4204 1627 4288 nationum

191 4315 369 4401 nondum
403 4319 501 4402 hene
536 4342 752 4434 pacatarum
783 4317 1098 4404 confirmandum.
1146 4319 1239 4405 Nec
1278 4321 1454 4405 abhorret
1495 4321 1627 4432 utique

188 4431 252 4520 vel
280 4463 304 4517 a
336 4433 513 4547 justitia,
546 4436 608 4524 vel
638 4465 661 4519 a
691 4435 868 4551 religione
892 4435 1101 4522 Christiana
1127 4439 1371 4523 barbarorum
1404 4437 1630 4553 quibusdam

191 4579 259 4664 per
288 4551 432 4667 oppida
464 4552 526 4641 vel
554 4583 674 4672 pagos
704 4553 805 4640 vitos
831 4556 972 4670 probos
1004 4555 1221 4671 Hispanos,
1254 4555 1367 4669 iustos
1391 4581 1435 4640 ac
1459 4554 1624 4668 pruden-

189 4692 247 4753 tes
280 4667 511 4782 praeficere,
542 4670 784 4785 praesertim,
817 4701 911 4780 eos,
944 4702 1109 4790 quorum
1140 4703 1255 4787 opera
1284 4675 1324 4757 in
1356 4673 1536 4759 ditionem
1569 4701 1627 4758 re·

192 4785 293 4872 dacti
319 4783 472 4875 fuerunt
500 4848 514 4894 ,
547 4790 614 4904 qui
636 4818 701 4874 eos
729 4789 900 4876 humanis
929 4793 1129 4908 probisque
1162 4791 1327 4877 moribus
1352 4790 1626 4893 instituendos,

189 4927 232 4991 et
263 4903 679 5026 Christiana-‘teligione
706 4967 720 5017 ,
751 4937 850 5028 quae
879 4936 960 4999 nou
989 4908 1029 5001 vi
1058 4971 1072 5018 ,
1101 4909 1168 4998 sed
1203 4909 1380 5026 exemptis
1406 4933 1445 4998 et
1474 4936 1628 5038 persua·

1561 5051 1633 5110 sto·
