4298 5980
576 407 841 542 ¹catrtom
879 455 933 540 v.
977 458 1100 540 mu.
1142 458 1283 543 v111.
1546 417 1634 568 24'9

210 589 363 700 Gallos.
390 586 762 734 prosequebatur.
801 589 986 689 Amicos
1023 589 1159 731 igitur
1195 603 1350 694 omnes
1392 593 1676 721 cohortatus,

207 779 284 884 pet
319 737 443 843 viam
485 733 744 836 Flaminiam
784 733 1127 876 Picenumque,
1170 776 1264 838 non
1301 738 1348 838 in
1384 780 1541 883 agrum
1582 755 1700 848 Ro..

208 921 421 1002 manum,
449 879 522 981 sed
548 880 596 982 in
626 891 835 1022 Regnum
863 879 1240 1020 Neapolitanum,
1260 921 1351 1024 quo
1376 896 1539 1030 Reges,
1558 927 1672 1030 prae.

209 1032 341 1173 cipue
376 1025 571 1152 Gallus‚
606 1025 805 1128 animum
839 1025 1151 1150 intenderant,
1196 1027 1435 1132 exercitum
1476 1033 1671 1139 inducit.

261 1181 341 1277 IX.
394 1185 516 1276 Cum
552 1171 610 1272 de
644 1169 873 1272 Gallorum
910 1172 1106 1274 adventu
1139 1183 1337 1276 Romam
1370 1169 1522 1284 firisset
1558 1219 1678 1282 nun-

159 1413 162 1419 .
206 1316 408 1438 tiatum,
443 1313 705 1418 Philibettus
746 1313 988 1418 Chialonus
1029 1317 1234 1460 Princeps
1287 1319 1517 1446 Uraniae,
1561 1363 1677 1465 quae

208 1464 362 1568 civitas
398 1458 540 1564 estin
577 1459 767 1603 Belgio,
804 1461 1052 1562 Caesariani
1087 1463 1298 1568 exercitus
1340 1465 1499 1569 ductor
1541 1465 1677 1602 (huic

207 1609 333 1712 enim
355 1603 541 1711 Carolus
565 1617 724 1710 Caesar
749 1603 927 1747 imperii
963 1644 1184 1712 summam
1220 1649 1297 1754 per
1332 1611 1492 1714 litteras
1530 1632 1590 1715 et'
1611 1613 1678 1716 di.
1823 1733 1825 1740 s

206 1753 364 1896 ploma
407 1749 654 1888 detulerat)
694 1748 869 1854 Urbem
913 1753 1091 1855 decimo
1137 1793 1321 1881 mense,
1368 1797 1507 1898 quarn
1549 1795 1677 1901 capta

209 1898 470 2039 direptaque
505 1890 672 2014 fuerat,
708 1895 937 2036 relinquit,
966 1934 1009 1997 et
1043 1898 1192 2036 copias
1229 1901 1276 2001 in
1302 1901 1544 2042 Apuliam,
1581 1942 1676 2043 quo

209 2039 290 2144 iter
325 2042 484 2144 habere
520 2037 636 2139 Galli
679 2037 1022 2156 nuntiabantur,
1066 2039 1266 2162 inducit,
1309 2081 1351 2144 et
1399 2047 1676 2147 Valmonro-

210 2223 269 2286 ne
323 2184 508 2323 aliisque
568 2178 835 2322 quibusdam
899 2183 1163 2286 Ursinatum
1217 2186 1411 2326 partium
1464 2190 1677 2314 castellis,

191 2327 326 2470 'quae
361 2327 514 2430 sumtis
536 2327 677 2428 armis
713 2363 858 2471 portas
899 2325 1202 2428 accedentibus
1232 2330 1554 2453 occluserant,
1597 2373 1678 2432 ex-

210 2469 418 2616 pugnatis
454 2505 498 2572 ct
535 2471 711 2612 direptis
755 2479 979 2603 Trojam,
1016 2473 1143 2612 quod
1180 2472 1402 2616 oppidum
1438 2509 1502 2574 est
1537 2473 1585 2574 in
1620 2481 1678 2576 A·

207 2613 368 2758 pulla,
407 2615 627 2758 pervenit.
655 2615 747 2718 Hic
783 2619 902 2718 enirn
938 2649 1158 2718 tormenta
1210 2653 1257 2722 et
1294 2656 1463 2760 partem
1498 2657 1677 2728 suarum

211 2760 475 2902 copiarum,
512 2800 627 2902 quae
663 2801 715 2860 err
751 2759 981 2862 intervallo
1018 2758 1394 2903 subsequebatur,
1431 2797 1677 2904 exspectare

213 2941 258 3008 et
295 2903 493 3007 hostibus
529 2945 616 3007 sese
652 2944 878 3048 opponere
914 2905 1231 3008 constituerat.
1272 2917 1376 3012 Huc
1415 2908 1549 3008 Gallis
1589 2929 1677 3049 'ap-.-

213 3048 616 3193 ptopinquantibus
652 3087 696 3155 ct
738 3085 876 3160 castra
920 3087 1110 3196 quatuor
1153 3051 1321 3162 circiter
1365 3051 1557 3154 millium
1601 3049 1679 3152 in-

208 3194 395 3300 tervallo
450 3200 625 3303 metatis
672 3197 929 3310 Philibertus
985 3191 1302 3342 praefectorum
1353 3195 1544 3300 concilio
1593 3194 1678 3295 ad-

213 3375 375 3442 uocato
409 3342 464 3443 de
506 3343 678 3446 ratione
720 3345 825 3448 belli
860 3344 1042 3492 gerendi
1077 3344 1306 3446 sententias
1335 3341 1556 3485 exquirit.
1583 3348 1679 3442 Va-

214 3485 271 3588 sti
298 3481 534 3609 Marchio,
560 3491 641 3629 qui
662 3491 831 3630 primus
860 3490 1118 3595 sententiam
1141 3489 1286 3610 dixit,
1313 3487 1529 3632 praelium
1560 3521 1679 3588 com-

213 3630 390 3735 mittere
424 3631 626 3734 censebat
662 3670 879 3779 occupato
914 3637 1016 3736 loco
1059 3633 1331 3774 superiore,
1381 3673 1471 3774 qua
1514 3660 1680 3732 ventu-

213 3775 255 3874 ri
300 3773 418 3875 Galli
464 3775 727 3882 videbantur
770 3821 820 3882 ac
861 3781 944 3884 iter
987 3776 1072 3880 sibi
1121 3777 1411 3882 muniebant.
1468 3785 1520 3874 ln
1564 3769 1680 3872 hanc

213 3919 496 4041 sententiam,
522 3961 635 4064 quae
669 3924 861 4028 multum
895 3923 1037 4026 animi
1072 3959 1116 4023 ct
1151 3919 1316 4024 roboris
1353 3913 1514 4018 habere
1549 3914 1679 4015 vide-

216 4055 377 4182 batur,
411 4065 544 4166 ceteri
578 4063 668 4168 fere
704 4069 888 4210 pedibus
910 4069 1034 4185 iere,
1067 4064 1230 4204 partim
1257 4103 1313 4164 ne
1339 4060 1538 4163 timidius
1570 4099 1681 4160 cen-

216 4242 309 4305 sere
345 4206 627 4328 viderentur,
648 4213 812 4351 partim
837 4213 972 4314 etiam
998 4205 1265 4332 Gallorum,
1291 4244 1404 4349 quos
1435 4244 1564 4346 saepe
1598 4203 1681 4310 de÷

209 4347 455 4471 uicissent,
496 4350 830 4456 multitudinem
876 4387 1204 4454 contemnentes
1233 4392 1254 4461 32
1289 4384 1452 4495 praeter
1494 4362 1680 4452 Fcrnan·

215 4491 327 4595 dum
356 4495 656 4618 Alarconcm,
692 4497 839 4604 virum
874 4515 1062 4642 magnae
1097 4496 1273 4600 virtutis
1308 4532 1351 4603 et
1387 4491 1558 4598 consilii
1615 4527 1682 4594 at·-
1790 4545 1793 4552 ⁴

212 4675 308 4780 que
343 4677 444 4744 usus
480 4642 546 4749 rei
581 4641 811 4766 militaris,
842 4641 1012 4794 quique
1040 4640 1248 4788 sitrgulari
1277 4641 1486 4786 gravitate
1515 4673 1558 4745 et
1584 4675 1683 4740 ma-

214 4849 220 4858 ·
289 4785 401 4904 Tou.
421 4795 457 4890 I.
924 4787 930 4798 ’
1221 4787 1259 4889 Ii
1581 4782 1684 4926 gni
