4298 5980
576 413 660 504 ποθ
972 427 1056 510 DE
1089 427 1294 511 REBUS
1332 427 1555 512 Gsssrrs

534 591 646 695 ferre
683 581 816 730 ipsius
854 583 1010 691 litteris
1048 627 1100 690 ex
1143 619 1277 734 portu
1319 587 1462 686 Sancti
1503 580 1705 729 Stephani
1744 578 1902 696 missis
1928 583 2012 696 i'nz

535 737 790 840 tellexerat.
839 736 921 835 Sed
956 741 1130 868 Lanojo
1186 765 1365 876 propter
1407 728 1585 862 injurias
1626 729 2010 843 Columncnaibus

532 917 683 984 contra
719 877 856 982 fidem
892 879 1043 980 datam
1087 877 1220 978 illatas
1274 910 1507 978 cunctante
1544 956 1560 997 ,
1603 873 1872 1015 violatasque
1927 881 2011 982 in-

533 1025 682 1128 ducias
716 1021 984 1157 objiciente,
1020 1021 1156 1127 multa
1191 1022 1394 1124 Clemens
1431 1021 1626 1126 disseruit
1661 1019 1710 1123 in
1751 1058 1854 1127 eam
1903 1061 2001 1128 sen·⁴

534 1171 747 1291 tentiam,
782 1209 834 1272 ut
870 1207 1026 1273 senec
1062 1165 1258 1270 inducias
1294 1165 1511 1288 violasse,
1547 1205 1628 1267 nec
1663 1163 1874 1294 injuriam
1915 1177 2003 1270 Ca-

534 1313 632 1416 rolo
677 1317 848 1419 Caesari
890 1307 1038 1415 fecisse
1083 1313 1285 1420 doceretr
1331 1351 1434 1414 nam
1476 1312 1601 1452 quod
1643 1343 1860 1418 armatam
1904 1353 2000 1416 ma-

532 1499 643 1562 num
680 1459 728 1560 in
754 1457 1070 1564 Columnenses
1089 1537 1105 1578 ,
1125 1455 1250 1599 quod
1280 1491 1389 1558 esset
1425 1491 1557 1595 caput
1592 1452 2003 1596 querimoniarum,

532 1603 812 1726 immisisset,
849 1605 897 1708 in
931 1645 988 1706 eo
1025 1645 1067 1703 se
1102 1613 1194 1733 jure
1231 1602 1433 1745 gentium
1468 1638 1631 1718 usum,
1668 1639 1771 1739 ⁴quo
1814 1640 1999 1708 suorum

537 1747 748 1851 clientum
782 1750 909 1851 inse
946 1746 1119 1878 injurias
1154 1823 1169 1865 ,
1207 1745 1435 1886 perfidiam
1489 1779 1532 1844 et
1574 1743 1848 1888 impietatem
1890 1784 1995 1888 per·

533 1925 811 2029 sequeretur,
846 1924 894 1988 ut
929 1889 978 1994 hi
1014 1926 1176 2028 poenas
1214 1887 1380 1990 debitas
1426 1889 1614 2006 darent,
1650 1923 1693 1988 et
1733 1889 1864 1992 ceteri
1907 1890 1994 1995 fies

531 2067 630 2132 rent
663 2032 719 2133 ad
756 2028 914 2136 similia
949 2031 1116 2173 flagitia
1151 2032 1390 2152 tardiores,
1435 2071 1516 2132 nec
1560 2027 1793 2171 pessimum
1841 2065 1885 2136 er
1928 2067 1995 2176 pe

532 2173 768 2276 riculnsum
812 2183 1098 2320 exemplum,
1138 2213 1183 2284 er
1225 2175 1393 2278 cunctis
1439 2170 1715 2316 Principibus
1761 2173 1993 2325 diligenter

536 2317 888 2444 vindicandum,
930 2321 1125 2428 inultum
1167 2321 1510 2452 relinqueretur.
1556 2328 1707 2432 Quam
1746 2321 1992 2428 excusatio-

531 2503 645 2564 nem
681 2471 873 2595 Lanojus
911 2464 992 2568 sibi
1025 2465 1341 2598 repudiandam
1381 2497 1474 2560 non
1515 2461 1723 2596 putavit,
1767 2503 1863 2568 non
1905 2501 1991 2570 ram

531 2615 623 2736 ejus
658 2605 877 2766 aequitate
912 2602 1099 2720 ductus,
1136 2641 1271 2743 quam
1310 2602 1437 2746 quod
1476 2637 1646 2746 semper
1680 2605 1833 2714 Caroli
1874 2620 1988 2715 cae-
2128 2725 2129 2756 Ν

531 2747 634 2846 saris
668 2783 870 2848 aurinum
904 2741 954 2843 in
990 2744 1213 2849 Pontificis
1247 2744 1496 2852 amicitiam
1532 2785 1614 2888 pro
1653 2747 1860 2892 singulari
1902 2763 1989 2887 ejus
2126 2763 2129 2974 p

527 2889 576 2992 in
609 2885 777 2994 Christi
812 2887 1036 2992 Vicarium
1070 2890 1233 3033 pietate
1271 2891 1517 3035 proclivem
1552 2929 1859 3033 perspexerat.
1904 2905 1984 3000 Ita·

531 3069 622 3171 que
656 3031 856 3138 induciae
882 3070 991 3138 octo
1020 3035 1241 3144 memium
1278 3073 1430 3178 pactae
1467 3069 1600 3158 sunt,
1629 3071 1680 3146 ut
1711 3035 1889 3174 interim
1914 3053 1988 3144 Ca·

530 3175 631 3278 tolo
665 3187 847 3282 Caesare
877 3181 1113 3304 comulto,
1149 3217 1358 3324 perpetua
1394 3219 1478 3331 pax
1519 3216 1564 3288 er
1606 3179 1797 3290 amicitia
1836 3182 1985 3331 arquis
2126 3317 2127 3328 q

531 3315 863 3424 conditionibus
897 3323 1254 3434 confirmaretur.

619 3469 814 3570 XLVIII.
891 3479 1053 3574 Interea
1087 3472 1329 3578 Franciscus
1364 3481 1462 3578 Rex
1496 3470 1759 3592 Gallorum,
1796 3511 1896 3582 curn
1931 3472 1984 3578 de

530 3602 860 3714 Pontificiarum
900 3615 1129 3756 copiarum
1179 3616 1362 3720 discessu
1402 3615 1715 3760 cognovisset,
1763 3653 1986 3727 maturan-

531 3749 640 3854 dum
680 3748 765 3862 sibi
806 3757 984 3878 statuit,
1027 3796 1078 3866 ut
1120 3760 1290 3904 aliquid
1327 3759 1617 3902 supplementi
1653 3761 1986 3872 Foederatorum

533 3893 742 4002 exercitui
782 3897 1079 4010 submitteret.
1116 3911 1225 4044 jam
1255 3905 1377 4014 enirn
1400 3940 1532 4016 aestas
1568 3939 1656 4012 erar
1692 3941 1862 4027 exacta,
1893 3945 1986 4016 nec·

531 4036 643 4137 dum
687 4039 778 4180 ipse
821 4045 1069 4188 quidquam
1110 4047 1261 4156 auxilii
1302 4048 1544 4158 foederatis
1586 4051 1641 4156 ad
1684 4049 1850 4161 bellun
1894 4059 1987 4160 Mt·

534 4178 785 4294 diolarrense
817 4188 1026 4313 miserat,
1063 4194 1231 4336 quippe
1267 4189 1496 4316 filiorum,
1533 4234 1647 4337 quos
1683 4191 1858 4308 obsides
1903 4207 1985 4308 Ca·

532 4324 631 4430 tolo
666 4328 840 4438 Caesari
873 4332 1080 4457 dederat,
1117 4373 1161 4448 et
1196 4337 1379 4452 aliarum
1414 4376 1557 4450 return
1599 4341 1657 4452 ad
1700 4339 1982 4490 compositio-

529 4497 679 4586 nem,
712 4509 850 4614 quatu
884 4478 1130 4616 agitabat,
1166 4484 1482 4626 pertinentium
1516 4482 1630 4598 tatio
1671 4483 1814 4626 ipsum
1860 4518 1984 4598 retar-

529 4605 752 4738 daverat,
785 4650 1061 4739 caventem,
1097 4659 1154 4736 ne
1189 4627 1339 4734 Caroli
1375 4629 1567 4738 Caesaris
1622 4630 1823 4742 animum
1869 4673 1894 4734 a
1941 4663 1987 4731 se

528 4789 708 4898 prorsus
744 4757 948 4872 alienaret
982 4803 996 4876 3
1029 4801 1168 4913 quem
1222 4801 1371 4919 tamen
1411 4771 1561 4888 Italico
1605 4775 1723 4892 bello
1769 4771 1990 4882 solicitum

1927 4905 1990 5022 ἃ·
