4294 5972
638 395 876 478 cauom
917 396 969 478 V.
1008 399 1126 479 ΗΒ.
1178 405 1227 481 Χ.
1537 411 1618 496 331

204 549 271 659 in
289 553 437 729 primis
483 587 712 693 acceptus,
752 561 874 682 cujus
918 547 1067 651 favore
1107 549 1339 694 Episcopus
1382 553 1655 662 Varadiensis

203 697 389 801 factus
375 739 466 831 Jam
502 731 622 817 erat,
658 736 703 796 et
737 694 950 797 Ecclesiae
985 708 1216 800 Romanae
1252 699 1523 804 CardInalis.
1569 707 1650 805 Sed
1717 787 1719 792 ,

203 845 258 943 de
294 842 360 943 his
398 842 633 949 hactenus3
669 879 760 939 non
786 875 849 939 est
875 841 994 941 enim
1028 839 1215 940 instituti
1251 842 1388 942 nostri
1424 842 1649 950 historiam

202 1020 344 1084 texere
393 986 494 1086 belli
536 983 810 1101 Pannonici,
860 993 981 1114 cujus
1029 981 1161 1084 finem
1198 985 1367 1086 nullum
1413 987 1644 1090 videmus.

201 1138 270 1227 Eo
304 1123 439 1267 igitur
457 1130 622 1246 ,unde
657 1127 743 1226 huc
780 1126 957 1268 digressi
992 1166 1165 1247 sumus,
1202 1129 1452 1227 redeamus.

270 1280 473 1371 XXVIII.
548 1271 619 1370 Ad
652 1303 811 1369 ceteras
847 1293 1029 1388 causas,
1065 1308 1141 1369 cur
1184 1271 1439 1404 Solymanus
1480 1271 1645 1374 omisso

199 1407 316 1512 bello
363 1411 617 1513 Pannonico
682 1413 870 1512 domum
926 1411 1010 1512 sibi
1061 1413 1330 1514 redeundum
1402 1451 1645 1554 properan

198 1554 392 1695 dumque
427 1591 626 1700 putaret,
661 1553 735 1653 ille
769 1591 950 1694 quoque
986 1555 1120 1655 timor
1146 1587 1375 1656 accesserat
1391 1595 1526 1696 ,quo
1550 1597 1642 1662 non
1754 1661 1755 1664 γ

196 1697 475 1797 mediocriter
502 1687 820 1813 solicitabatur,
856 1735 911 1795 ne
946 1736 989 1794 se
1023 1695 1196 1798 absente
1236 1699 1439 1838 aliquis
1426 1737 1474 1800 ιιι
1510 1711 1642 1799 Grae

196 1837 263 1937 cia
296 1877 527 1998 magnus
516 1877 662 1940 motus
698 1837 945 1956 exsisteret,
979 1839 1202 1938 concitatis
1238 1843 1470 1980 erectisque
1507 1852 1640 1940 Grae-

196 2019 352 2083 corum
396 1979 550 2079 animis
591 1979 647 2077 ad
694 2017 817 2117 spem
858 1977 1066 2079 libertatis
1116 1981 1319 2116 pristinae
1368 1983 1639 2123 recipiendae

196 2152 449 2238 nostrornm
485 2119 695 2221 militum
714 2121 941 2238 adventu,
984 2121 1065 2260 qui
1109 2120 1319 2222 classem
1361 2124 1637 2261 Peloponne-

195 2303 292 2363 sum
328 2265 489 2382 delarI,
523 2299 919 2404 expugnataque
904 2276 1084 2363 Corone
1119 2263 1322 2402 graviora
1356 2266 1506 2365 moliri
1540 2306 1637 2367 suo-

70 2515 77 2530 ,
191 2443 293 2505 rum
326 2406 483 2508 crebris
519 2406 667 2505 litteris
702 2403 835 2506 fiebat
868 2407 1053 2505 certior.
1096 2414 1220 2506 Nam
1255 2409 1450 2508 Andreas
1485 2410 1636 2527 Doria,

192 2585 329 2688 quem
365 2551 421 2649 ad
454 2549 641 2650 Siciliam
678 2586 782 2647 cum
827 2549 1081 2648 Caesariana
1116 2550 1244 2648 classe
1278 2549 1518 2648 constitisse
1555 2552 1635 2648 de

191 2690 583 2852 monstravimus,
599 2689 946 2790 animadvertens
981 2731 1006 2789 a
1046 2689 1225 2790 classicis
1268 2696 1513 2791 Turcarum
1559 2730 1635 2791 co·

190 2831 301 2969 piis,
337 2872 450 2973 quae
485 2832 534 2932 in
569 2833 673 2933 Sinu
710 2830 937 2931 Adriatico
981 2832 1037 2931 ad
1079 2833 1302 2933 Aulonem
1342 2833 1633 2933 Macedoniae

191 2971 348 3075 urbem
397 3009 520 3076 metu
564 2974 767 3075 videlicet
808 2973 947 3074 classis
982 3009 1152 3074 nostrae
1187 3017 1228 3078 se
1254 2976 1536 3094 continebat,
1564 2976 1632 3075 ni·

189 3111 253 3214 hil
284 3119 472 3236 moveri,
497 3157 590 3218 non
622 3115 706 3217 sibi
733 3115 918 3258 amplius
946 3119 1282 3257 exspectandum
1313 3117 1495 3256 putavit,
1523 3119 1632 3218 dum

187 3297 231 3356 se
265 3257 401 3359 hostis
436 3261 706 3379 adoriretur,
743 3295 972 3361 auroram
1007 3261 1154 3362 Italiae
1189 3261 1258 3360 vel
1292 3259 1482 3362 Siciliam
1517 3255 1628 3359 infe

189 3433 351 3520 staret,
396 3403 471 3503 sed
513 3402 686 3500 ultro
675 3441 723 3502 m
768 3404 999 3504 Graeciam
1047 3404 1411 3542 procedendum,
1457 3401 1629 3540 siquam

185 3535 362 3643 fortuna
396 3544 457 3644 rei
491 3542 604 3643 bene
629 3546 842 3686 gerendae
860 3537 1031 3646 tulisset
1055 3547 1353 3663 occasionem,
1376 3580 1451 3644 aut
1477 3544 1627 3642 saltem

184 3721 331 3826 posset
376 3684 547 3787 hostem
593 3688 651 3788 ad
693 3725 889 3829 pugnam
932 3688 1122 3808 elicere,
1164 3729 1299 3829 quem
1347 3687 1433 3787 sibi
1485 3684 1627 3784 navali

182 3828 397 3968 praelio
385 3865 600 3971 rmparem
634 3824 729 3929 fore
774 3869 867 3930 non
901 3830 1154 3934 dubitabat.
1201 3840 1320 3930 Nam
1355 3828 1456 3927 licet
1489 3824 1628 3928 nostri

183 3970 367 4071 navium
402 3974 654 4112 praesertim
689 3974 921 4111 longatum
967 4012 1188 4093 numero,
1190 4009 1415 4212 puarum
1456 3969 1628 4112 praeci

181 4149 294 4252 puus
343 4151 406 4216 est
446 4154 545 4214 usus
586 4115 634 4215 in
676 4116 833 4255 pugnis
884 4112 1200 4235 navalibus,
1189 4150 1235 4213 ιιι
1256 4150 1411 4213 errores
1457 4147 1625 4233 essent,

182 4279 333 4357 tamen
367 4295 525 4397 genere
560 4257 753 4358 militum
787 4292 831 4356 et
864 4255 1020 4399 peritia
1062 4295 1207 4360 rerum
1232 4256 1508 4358 nauticarum
1533 4255 1628 4358 lon

182 4437 240 4568 ge
275 4398 580 4537 praestabant.

181 4549 446 4644 Xfxnt.
483 4543 684 4673 Nactus
674 4543 811 4688 rgitur
829 4578 1129 4686 tempestatem
1148 4546 1202 4645 ad
1221 4425 1520 4685 navigandum
1541 4539 1632 4640 ido·

181 4715 309 4783 neam
320 4761 337 4806 ,
374 4725 427 4786 ex
459 4695 664 4792 Messana
695 4688 826 4789 solvit
858 4727 986 4790 mane
1015 4729 1176 4791 octavo
1203 4689 1417 4790 Kalendas
1442 4697 1635 4843 Septem

1124 4840 1234 4936 Ttr.
1536 4825 1641 4944 bris,
