4294 5972
594 485 833 570 cursous
876 488 929 572 v.
978 491 1092 572 atu.
1141 494 1217 574 tx.
1485 480 1571 583 285

163 647 409 755 Borbonius
429 645 492 750 'in
526 643 633 791 fuga
670 645 1094 788 comprehenditurs
1118 649 1418 785 Hieronymus
1441 691 1623 796 quoque
1677 723 1679 728 -

162 793 491 902 Castilionensis
535 829 579 892 et
626 792 839 892 Claudius
891 793 1155 934 Rangonius
1195 794 1451 896 Italicorum
1495 799 1625 899 duces

161 941 303 1084 capti.
342 937 590 1041 Caesariani
625 973 785 1077 magna
828 937 990 1075 praeda
1032 936 1273 1078 multisque
1316 935 1483 1040 bellicis
1533 977 1625 1042 tor-

160 1083 321 1186 mentis
357 1081 526 1225 potiti3
563 1120 760 1222 quorum
801 1118 954 1180 manus
1001 1081 1079 1220 qui
1116 1075 1333 1222 fugientes
1371 1121 1626 1206 evaserunt,

160 1227 209 1331 hi
246 1225 334 1329 fere
371 1265 525 1327 omnes
561 1224 744 1365 Papiam
782 1222 1030 1324 continenti
1080 1219 1185 1366 fuga
1228 1225 1362 1325 delati
1420 1269 1446 1325 a
1494 1230 1626 1329 sociis

160 1369 408 1490 militibus,
435 1371 515 1511 qui
550 1408 654 1468 eum
690 1367 926 1467 Picenardo
962 1364 1066 1468 huic
1103 1367 1202 1469 urbi
1238 1369 1459 1510 praesidio
1488 1409 1625 1494 erant,

161 1517 339 1656 spoliati
375 1549 502 1633 sunt,
538 1513 759 1652 armisque
795 1546 850 1610 et·
875 1511 1000 1649 equis
1038 1510 1189 1610 exuti.

234 1669 311 1762 VI.
384 1656 575 1760 Duobus
612 1656 839 1758 Gallorum
877 1653 1191 1795 sociorumque
1227 1655 1528 1786 exercitibus,
1564 1661 1627 1759 al-

160 1843 256 1910 tero
293 1803 348 1903 ad
385 1801 657 1941 Neapolim,
687 1801 823 1900 altero
869 1799 924 1898 ad
965 1799 1277 1902 Mediolanum
1314 1802 1466 1902 deletis
1509 1837 1552 1902 ct
1584 1816 1625 1905 1*

159 1951 294 2050 talico
331 1943 448 2047 bello
484 1953 576 2073 jam
613 1983 777 2083 magna
816 1983 867 2040 ex
903 1979 1026 2080 parte
1058 1936 1289 2061 confect0,
1307 1947 1492 2046 Carolus
1512 1958 1625 2047 Cae-

161 2133 262 2212 sar,
300 2125 577 2232 quamquam
614 2087 660 2186 in
696 2127 739 2186 se
775 2083 911 2184 illatas
947 2084 1126 2216 injurias
1161 2086 1293 2188 armis
1335 2091 1537 2230 persequi
1579 2127 1624 2192 et

161 2233 323 2337 fractos
358 2230 622 2333 adversarios
658 2229 716 2330 ad
752 2225 996 2370 quamlibet
1031 2228 1206 2370 iniquas
1242 2231 1360 2370 pacis
1397 2233 1624 2333 conditio-

161 2419 238 2480 nes
274 2375 535 2518 compellere
572 2371 696 2474 facile
733 2412 858 2516 posse
894 2370 1158 2493 videbatur,
1192 2372 1347 2474 maluit
1381 2412 1531 2475 tamen
1568 2417 1625 2476 o-

160 2523 227 2622 rio
265 2559 308 2621 et
343 2518 547 2661 publicae
584 2517 942 2620 Christianorum
979 2518 1148 2659 quieti,
1184 2558 1266 2658 pro
1303 2559 1378 2620 sua
1414 2519 1624 2662 singulari

159 2667 322 2806 pietate
356 2705 407 2764 ac
449 2662 755 2764 moderatione
796 2663 1045 2782 consulere,
1082 2658 1326 2802 foedusque
1369 2705 1473 2780 cum
1516 2664 1622 2764 Cle·
1689 2735 1697 2766 ι

156 2843 307 2909 mente
343 2806 555 2909 Pontifice
591 2807 794 2907 Maximo
831 2804 1103 2944 aequissimis
1149 2806 1481 2907 conditionibus
1523 2833 1624 2946 per-'

159 2954 314 3062 cussie,
345 2992 531 3094 quarum
567 2992 615 3050 ea
651 2946 760 3068 fuit,
787 2987 836 3050 ur
872 2952 1054 3049 Carolus
1091 2949 1137 3049 in
1166 2949 1427 3052 Florentiam
1464 2948 1621 3055 urbem

159 3097 349 3238 patriam
394 3097 629 3197 Medicum
663 3091 902 3213 familiam,
934 3091 992 3194 ab
1028 3092 1278 3192 adversariis
1314 3129 1415 3233 post
1445 3105 1622 3195 Romae
1669 3111 1673 3127 ⁴

156 3241 453 3382 direptionem
489 3279 727 3381 casumque
762 3235 1000 3340 Clementis
1036 3237 1278 3373 dejectam,
1303 3240 1547 3341 reduceret.

232 3393 327 3487 VH.
404 3387 490 3486 His
526 3384 651 3484 rebus
687 3381 962 3502 constitutis,
1002 3382 1182 3482 Carolus
1219 3420 1372 3485 coacta
1408 3383 1537 3487 classe
1573 3383 1622 3483 in

158 3528 331 3630 Italiam
367 3529 625 3670 navigavit,
646 3564 689 3627 et
725 3563 823 3668 post
858 3528 957 3626 Idus
994 3525 1186 3668 Augusti
1229 3537 1321 3661 ejus
1364 3530 1502 3647 anni,
1541 3523 1623 3665 qui

157 3671 244 3773 fuit
279 3670 443 3774 Christi
477 3672 568 3772 nati
593 3671 848 3771 millesimus
879 3669 1253 3812 quingentesimus
1279 3674 1519 3815 vigesimus
1547 3709 1621 3768 no·
1644 3739 1907 3795 mmm„

157 3855 272 3934 nus,
312 3826 512 3918 Genuam
549 3815 742 3958 appulit.
780 3825 882 3915 Huc
929 3815 1062 3957 paulo
1098 3852 1198 3956 post
1242 3850 1328 3916 ‘tres
1369 3811 1623 3916 Cardinales

160 3995 472 4098 pervenerunt,
511 3961 758 4061 Alexander
793 3960 1042 4077 Famesius,
1086 3959 1167 4096 qui
1208 3993 1360 4092 postea
1396 3957 1621 4064 Clementi

159 4099 396 4203 demortuo
432 4105 481 4203 in
517 4103 832 4204 Pontificatum
868 4102 1120 4202 Maximum
1157 4101 1391 4220 successit,
1426 4103 1623 4202 Francis-

159 4283 234 4343 cus
271 4246 557 4384 Quignonius
595 4248 852 4387 Hispanus,
896 4281 1032 4385 quern
1068 4241 1154 4384 ipsi
1188 4244 1537 4364 assectabamur,
1579 4283 1639 4366 et,

158 4388 403 4527 Hipolyrus
448 4387 673 4508 Medicas,
708 4387 838 4526 legati
883 4389 938 4489 de
975 4424 1099 4488 more
1134 4428 1161 4485 a
1195 4389 1425 4490 Clemente
1462 4389 1622 4490 Ponti-

157 4529 240 4630 fice
278 4532 420 4629 missi.
448 4532 609 4634 Paucis
646 4527 798 4632 diebus
833 4533 888 4630 ad
925 4541 1128 4632 Genuam
1164 4571 1464 4637 commoratus
1490 4541 1623 4634 Caro

159 4673 223 4774 lus
275 4675 542 4777 Placentiam
594 4674 899 4815 progreditur.
955 4675 1352 4816 Appropinquanti
1398 4677 1624 4776 Antonius

159 4814 293 4916 Leiva
328 4817 512 4923 obviam
548 4819 697 4940 venit,
728 4829 1016 4962 exceptusque
1052 4815 1108 4918 ab
1146 4858 1199 4919 eo
1234 4856 1294 4925 est
1327 4815 1625 4926 honorificen-

1541 4995 1618 5060 ns·
