4294 5972
546 367 637 488 με
960 377 1056 472 nn,
1084 374 1290 464 nanus
1341 369 1555 458 essars

500 551 534 670 ξ,
553 534 767 642 manitate'
800 563 843 636 et
877 527 1013 674 ipsius
1049 530 1242 634 amicitia
1278 529 1417 648 duci,
1454 561 1743 669 paratumque
1779 563 1870 629 esse
1906 563 1999 638 er·

501 757 535 811 „
548 685 807 790 auctoritate
826 674 912 779 sibi
925 693 955 781 'a
973 677 1212 813 solymano
1235 675 1394 775 tradita
1419 706 1681 814 potestatem
1714 669 1799 813 ipsi
1818 709 1863 774 et
1887 715 1959 778 ce·

501 907 535 954 „
549 830 650 932 teris
673 821 905 942 omnibus,
926 820 1006 963 qui
1032 820 1201 961 oppido
1229 819 1593 935 continerentur,
1612 809 1753 918 facete
1781 857 1838 918 eo
1862 820 1952 924 teli·

500 1047 534 1097 „
547 1008 650 1083 cto,
672 1005 956 1109 quocumque
977 964 1137 1082 velint,
1159 962 1249 1064 sine
1268 961 1458 1093 injuria,
1476 998 1582 1064 cum
1603 996 1721 1062 veste
1747 995 1790 1064 et
1815 963 1957 1102 supel-

498 1191 532 1238 „
547 1114 687 1214 lectile
704 1190 719 1232 ,
734 1147 949 1252 quantum
965 1108 1156 1247 quisque
1176 1145 1324 1206 secum
1339 1100 1450 1207 ferre
1469 1139 1641 1246 posset,
1661 1103 1957 1207 discedendi.“

571 1263 715 1358 XXII.
791 1255 866 1353 Ad
900 1250 1005 1354 haec
1041 1249 1291 1352 Nicolizius
1326 1247 1579 1390 respondit:
1616 1258 1712 1367 „Se
1732 1284 1813 1388 pro
1840 1284 1959 1354 tanta

383 1456 385 1467 ‚
500 1396 850 1521 „benevolentia
884 1433 1094 1537 rrragnam
1127 1389 1286 1493 habere
1323 1392 1509 1533 gratiam
1546 1388 1838 1501 Abraham03
1882 1431 1957 1493 ce·

501 1567 687 1668 „terum
723 1575 767 1640 et
802 1536 920 1658 sibi,
952 1575 996 1638 et
1021 1535 1185 1642 cunctis
1212 1535 1456 1653 militibus,
1488 1573 1600 1676 quos
1625 1537 1864 1638 Fernandus
1900 1536 1958 1638 ad

500 1684 813 1828 „ptaesidium
843 1681 1003 1824 oppidi
1031 1681 1245 1798 misisset,
1269 1717 1521 1819 persuasum
1548 1717 1637 1778 esse
1666 1679 1958 1810 majoritum

500 1827 805 1969 „periculose
831 1828 887 1924 ad
915 1837 1086 1966 Regem
1112 1822 1284 1964 oppido
1316 1821 1481 1924 tradito
1511 1857 1783 1939 reversuros,
1812 1861 1956 1962 quam

499 2007 650 2094 „curn
684 1964 913 2068 hostilibus
948 1967 1110 2106 copiis,
1146 1963 1394 2108 quamlibet
1428 1964 1628 2110 magnis,
1662 1997 1955 2106 pugnaturost

352 2197 359 2210 .
499 2112 772 2237 „redeuntes
799 2109 919 2218 enim
945 2143 1114 2210 certum
1141 2108 1404 2250 supplicium
1435 2145 1644 2231 manete,
1669 2143 1804 2249 atque
1832 2145 1956 2212 mor·
2065 2183 2068 2191 -

497 2288 638 2378 „tem
671 2291 776 2358 cunt
795 2251 988 2356 cruciatu
1023 2285 1068 2358 et
1092 2251 1368 2392 ignominiae
1395 2248 1698 2393 pugnantibus
1724 2290 1846 2393 spem
1870 2290 1956 2354 esse

499 2398 593 2522 „in
626 2397 759 2501 armis
794 2432 839 2496 et
873 2395 1064 2502 virtutet
1100 2428 1145 2496 et
1181 2394 1218 2494 si
1252 2393 1366 2535 quid
1408 2393 1469 2494 eis
1510 2393 1660 2494 durius
1699 2395 1957 2513 accidisset,

499 2614 530 2664 „
545 2575 694 2642 tamen
728 2537 845 2639 vitae
878 2545 1094 2669 jacturam
1129 2534 1272 2636 multo
1309 2544 1481 2669 majore
1516 2533 1639 2638 bono
1665 2536 1950 2678 sempiternae

498 2682 682 2804 „laudis
716 2678 1018 2820 compensari,
1054 2675 1340 2819 pulcherrima
1375 2715 1517 2783 morte
1552 2715 1636 2820 pro
1673 2677 1761 2780 fide
1796 2679 1844 2779 in
1860 2691 1951 2782 rte-

498 2899 532 2948 „
545 2862 678 2966 gem,
706 2859 875 2962 proque
909 2819 1062 2925 officio
1093 2861 1144 2920 ac
1178 2823 1338 2962 pietate
1368 2817 1544 2926 fortiter
1571 2823 1770 2963 oppetita
1785 2839 1831 2923 .“
1869 2821 1954 2924 His

499 2965 657 3068 auditis
677 2963 975 3085 Abrahamus,
1001 2967 1183 3106 quando
1217 2965 1464 3068 Nicolizius
1500 2998 1732 3105 tantopere
1768 2963 1838 3068 sui
1872 2975 1953 3070 Re·

500 3109 567 3253 gis
595 3107 706 3209 iram
730 3143 774 3211 et
800 3141 1084 3249 conspectum
1107 3101 1439 3228 reformidaret,
1467 3104 1556 3207 hoc
1581 3147 1763 3254 quoque
1788 3149 1834 3210 se
1863 3109 1948 3209 vel·

499 3254 570 3374 le,
605 3251 743 3370 dixit,
780 3285 956 3354 mutuae
993 3248 1323 3354 benevolentiae
1359 3251 1576 3370 tribuere,
1611 3288 1663 3352 ut
1698 3290 1783 3394 pto
1813 3249 1953 3352 sibia

499 3393 737 3531 solymano
772 3427 984 3534 potestate
1020 3395 1179 3500 tradita
1219 3395 1438 3537 oppidum
1471 3391 1702 3498 Nicolizio
1738 3395 1785 3496 in
1816 3394 1955 3495 ditio-¹

500 3577 605 3645 nem
640 3571 897 3678 perpetuam
931 3539 1188 3679 permittat,
1221 3540 1329 3642 dum
1364 3539 1457 3682 ipse
1492 3537 1634 3645 modo
1670 3539 1746 3640 der
1780 3536 1952 3662 fidem,

500 3723 543 3786 se
579 3679 880 3782 auctoritatem
913 3681 1138 3816 Solymani
1164 3717 1429 3803 secuturum,
1457 3685 1686 3818 Joannem
1707 3681 1957 3822 Sepusium,

502 3826 582 3966 qui
615 3823 664 3923 in
699 3823 926 3926 Pannonia
959 3819 1164 3926 inferiore
1198 3826 1417 3930 beneficio
1461 3825 1684 3964 Solymani
1718 3863 1957 3968 regnaret,

502 4005 546 4083 et
581 3965 740 4065 multos
776 4001 993 4108 praeterea
1029 3968 1220 4101 ejusdem
1254 3967 1511 4070 Provinciae
1547 3967 1842 4089 Christianos,
1869 3967 1957 4071 ho-

499 4108 845 4249 nestissimosque
867 4110 1227 4214 viros'imitatm.
1267 4116 1342 4215 Ad
1362 4155 1413 4214 ea
1430 4113 1677 4217 Nicolizius
1720 4113 1958 4237 „Nullum

498 4294 643 4375 „non
681 4253 904 4395 oppidum
944 4257 1123 4375 modo,
1158 4258 1232 4357 sed
1274 4296 1349 4357 ne
1380 4270 1592 4400 Regnum
1638 4256 1824 4399 quidem
1867 4255 1954 4358 sibi

503 4396 659 4518 „tanti
694 4432 827 4517 esset,
862 4402 1085 4535 respondit,
1112 4435 1163 4500 ut
1189 4397 1322 4502 fidem
1359 4401 1526 4522 violet,
1554 4441 1691 4545 quarn
1730 4441 1809 4501 suo
1835 4397 1964 4538 Regi·
2053 4417 2056 4422 ’

497 4613 529 4660 ,,
547 4536 716 4642 dederit
752 4575 835 4677 pro
874 4580 989 4679 qua,
1025 4544 1060 4643 si
1094 4539 1267 4647 fortuna
1302 4539 1463 4665 ferret,
1507 4585 1563 4647 ne
1606 4543 1724 4646 mori
1766 4544 1947 4685 quidem

497 4718 654 4808 „esset
693 4715 988 4792 recusaturus.
1039 4683 1228 4796 Proinde
1275 4687 1441 4832 precari
1489 4685 1794 4794 Abrahamum
1818 4718 1955 4846 gut,

1786 4865 1957 4973 „siqua
