4326 5986
584 527 670 621 404
978 523 1065 604 DE
1111 519 1322 603 REBUS
1370 519 1592 604 GESTIS

620 687 746 786 XVI.
819 679 952 779 Tunc
986 672 1203 776 militibus
1241 671 1448 816 permissa
1485 671 1678 814 praeda,
1713 665 1891 812 signum
1929 670 1994 778 in.

549 825 742 932 vadendi
776 824 940 943 datur,
981 857 1201 960 captaque
1241 815 1345 917 urbs
1394 851 1457 918 est
1509 815 1686 916 nemine
1726 824 1815 946 jam
1859 811 1991 922 defen-

548 971 712 1078 dentes
746 967 913 1110 quippe
947 963 1200 1068 Chatadino
1236 961 1431 1104 digresso
1472 958 1700 1101 plerique,
1734 955 1896 1100 quibus
1933 965 1991 1062 ti-

551 1155 617 1218 res
652 1116 708 1214 ad
744 1109 898 1254 fugam
934 1108 1255 1253 suppetebant,
1291 1103 1448 1207 urbem
1484 1105 1786 1224 deseruerunt,
1823 1105 1928 1245 quin
1950 1143 1996 1208 et·

552 1260 642 1363 iarn
679 1255 975 1394 infirmiorum
1010 1293 1103 1354 non
1138 1253 1266 1394 pauci
1300 1286 1400 1350 sunt
1436 1249 1645 1390 digressi,
1664 1287 1874 1412 'quorum
1898 1251 1996 1353 mul-

554 1439 624 1504 tos
660 1401 708 1502 in
753 1395 860 1543 fuga
903 1434 1182 1542 properantes
1217 1394 1365 1498 anima
1408 1389 1605 1513 defecit,
1643 1395 1717 1512 srti
1758 1432 1810 1492 ac
1854 1397 1996 1496 sudore
2120 1463 2121 1476 κ

411 1661 413 1668 s
554 1544 856 1648 miserabiliter
891 1539 1060 1644 efflata.
1098 1542 1362 1644 Excedentes
1398 1573 1547 1640 autem
1581 1536 1816 1680 pecuniam
1830 1596 1860 1660 ,1
1880 1576 1921 1641 et
1950 1581 1997 1641 er

554 1689 609 1792 iis
645 1690 799 1814 rebus,
839 1727 952 1828 quae
987 1687 1148 1828 cuique
1184 1684 1425 1785 carissimae
1451 1719 1621 1802 essent,
1657 1683 1880 1825 quidquid
1907 1724 1996 1826 pro
2121 1795 2122 1802 Ν

555 1871 755 1976 perantes
791 1833 1030 1932 minimum
1067 1864 1336 1948 moraretur,
1365 1865 1511 1929 secum
1539 1822 1804 1936 afferebant;
1834 1866 1878 1928 ct
1899 1827 1997 1929 haec

554 2017 684 2077 causa
718 1973 830 2090 fuit,
871 2011 921 2076 ut
955 1973 1146 2074 multum
1189 1973 1350 2114 praeda
1391 1972 1695 2093 minueretur,
1734 2009 1843 2114 quae
1884 1973 1998 2073 nulla

555 2114 641 2222 fuit
675 2130 843 2252 major,
882 2155 1019 2259 quam
1055 2159 1109 2217 ex
1144 2117 1290 2257 pretio
1324 2116 1631 2259 captivorum,
1667 2117 1836 2260 quippe
1857 2155 1998 2217 omnes

483 2389 485 2396 y
554 2261 604 2365 in
641 2261 748 2364 urbe
783 2263 940 2402 reperti
977 2261 1085 2362 citra
1121 2299 1243 2360 sexus
1290 2294 1333 2360 et
1368 2261 1517 2362 aetatis
1558 2259 1792 2362 discrimen
1831 2262 1997 2403 capien-

554 2407 670 2508 tium
708 2407 821 2507 servi
855 2399 962 2546 facti
997 2442 1127 2526 sunt,
1159 2404 1438 2548 vicissimque
1481 2400 1725 2506 Christiani
1760 2405 1925 2548 captivi
1956 2405 1997 2504 in

553 2549 798 2654 libertatem
834 2549 1069 2658 vindicatis
1106 2587 1297 2691 quorum
1333 2589 1383 2649 ea
1416 2545 1501 2652 fuit
1534 2547 1776 2654 multitudo
1813 2551 1997 2650 viromm

557 2691 927 2815 ecfeminatum,
967 2728 1016 2794 ut
1050 2692 1213 2836 viginti
1248 2696 1340 2794 duo
1376 2694 1516 2794 millia
1551 2733 1604 2794 ex
1639 2694 1853 2797 omnibus
1875 2705 1997 2796 Euro

554 2875 639 2980 pae
674 2837 927 2939 nationibus
968 2839 1026 2937 ad
1068 2837 1287 2938 internum
1331 2874 1451 2938 mare
1494 2835 1845 2980 pertingentibus
1886 2877 2000 2940 com·

556 2981 738 3224 plevisse
775 2979 1119 3084 confirmentur.
1157 2989 1336 3080 Horum
1370 2979 1627 3082 liberatione
1664 3017 1898 3125 tantopere
1932 2985 2001 3084 de·

573 3161 734 3227 cctatus
771 3163 834 3226 est
868 3125 1092 3249 Carolus,
1125 3161 1175 3225 ut
1210 3124 1295 3225 sibi
1331 3123 1469 3226 videri
1505 3124 1818 3248 confirmaret,
1861 3129 1926 3230 vel
1955 3169 2001 3229 ex
2125 3125 2126 3142 ,

555 3265 639 3370 hac
673 3309 761 3370 una
795 3308 841 3368 re
877 3269 973 3370 satis
1008 3310 1052 3370 se
1088 3307 1301 3411 magnum
1337 3263 1530 3374 fructum
1565 3267 1769 3375 laborum
1806 3309 1857 3374 et
1897 3272 2000 3415 peri-

555 3413 759 3516 culorum
795 3412 976 3534 tulisse,
1012 3413 1092 3555 qui
1126 3453 1206 3514 suo
1242 3450 1388 3516 sumtu
1425 3455 1576 3520 omnes
1626 3417 1850 3537 alendos,
1884 3456 1925 3518 et
1963 3417 2005 3518 in

554 3557 725 3658 Italiam
763 3593 807 3658 et
842 3557 1146 3700 Hispaniam,
1178 3594 1312 3700 prout
1351 3571 1563 3704 cujusque
1604 3557 1769 3664 ferebat
1802 3563 1983 3700 [animus
1995 3637 2008 3682 ,

492 3804 495 3813 ,
557 3702 827 3803 reducendos
863 3701 934 3841 pie
969 3741 1020 3802 ac
1056 3699 1385 3843 perhumaniter
1420 3707 1614 3809 curavit.

628 3855 769 3948 XVII.
844 3855 979 3947 Erant
1013 3845 1063 3948 in
1097 3847 1278 3989 captivis
1314 3849 1471 3952 Gallici
1507 3850 1676 3994 generis
1711 3847 1886 3956 circiter
1920 3891 2012 3954 cen⁴

556 4019 681 4092 tum.
735 3999 834 4091 Hos
884 3989 1064 4092 Carolus
1105 3992 1154 4093 in
1199 4031 1338 4094 unum
1383 3995 1535 4098 loc'um
1581 4034 1758 4099 coactos
1807 3995 2015 4100 Francisci

554 4134 783 4234 Gallorum
816 4137 953 4276 Regis
988 4135 1155 4236 oratori
1190 4135 1300 4272 (hic
1335 4138 1476 4259 enim,
1514 4175 1562 4242 ut
1597 4142 1673 4242 alii
1707 4141 1839 4242 multi
1884 4141 2014 4246 Chri-

552 4278 796 4381 stianotum
831 4278 1114 4422 Principum,
1151 4319 1202 4378 ac
1238 4281 1483 4385 Civitatum
1510 4285 1697 4426 Legati,
1725 4288 1949 4390 Carolum
1969 4325 2012 4386 ex

553 4419 768 4561 Hispania
804 4417 942 4525 fuerat
984 4425 1186 4559 secutus)
1230 4426 1339 4528 tradi
1374 4423 1536 4559 jubet,
1576 4428 1794 4570 simulque
1837 4431 2011 4534 denun-

553 4561 692 4685 tiari,
741 4598 790 4664 ut
831 4568 886 4666 ad
935 4576 1109 4707 Regem
1156 4606 1286 4670 suum
1343 4569 1636 4673 conscriberet
1685 4573 2009 4714 postularetque

551 4703 695 4808 verbis
729 4709 916 4832 Caroli,
956 4747 1006 4810 ut
1047 4711 1228 4854 quando
1270 4712 1364 4854 ipse
1406 4757 1459 4816 ex
1501 4715 1686 4857 captivis
1733 4723 1907 4818 Tunete
1943 4755 2013 4818 re·-

550 4850 684 4994 pertis
724 4855 868 4955 Gallos
911 4855 1071 4959 eodem
1115 4855 1217 4958 loco
1253 4897 1304 4959 ac
1347 4858 1567 5002 Hispanos
1611 4894 1868 5005 ceterosque
1914 4897 2011 4960 suos

1933 5001 2009 5114 [Β.
