4294 5984
596 479 834 565 CAROLI
882 482 936 563 V.
979 483 1094 562 LIB.
1135 484 1214 562 IV.
1517 494 1594 554 121

163 641 342 751 nautico
378 679 422 747 et
458 637 827 743 machinamentis
868 642 1120 782 impositis,
1170 683 1301 747 naves
1347 641 1507 766 solvit,
1553 690 1632 750 eo-

162 793 358 935 demque
396 826 597 931 tempore
633 785 854 889 Beltranus
889 825 993 887 cum
1027 788 1293 889 terrestribus
1338 791 1478 930 copiis
1520 830 1629 931 pro-

158 936 396 1042 ficiscitur3
433 933 508 1034 sed
544 933 654 1032 dum
689 930 739 1031 in
774 925 966 1050 flumen,
996 930 1165 1032 directo
1203 971 1358 1052 cursu,
1395 934 1536 1035 classis
1571 979 1626 1038 se·

159 1081 311 1183 cundo
354 1077 461 1178 flatu
502 1072 712 1193 ferretur,
749 1071 931 1175 malacia
973 1072 1171 1214 primum
1215 1113 1476 1198 consecuta,
1521 1081 1623 1184 dein

158 1221 391 1326 contrario
427 1255 561 1322 vento
596 1218 697 1318 flare
732 1216 999 1354 incipiente,
1043 1255 1296 1322 nostrorum
1342 1257 1525 1322 conatus
1566 1228 1622 1326 ad

154 1365 334 1467 irritum
366 1365 634 1464 reciderunt.
677 1369 911 1460 Lautrccus
952 1360 1106 1476 enim,
1155 1365 1480 1519 Mariscalisquc
1521 1375 1621 1468 Na-

153 1547 336 1630 varrae,
373 1506 453 1650 qui
489 1541 596 1606 tunc
631 1496 744 1602 forte
781 1503 837 1602 ad
872 1512 1087 1636 Bajonam
1123 1509 1339 1630 aderant,
1382 1508 1617 1652 inopinato

152 1650 353 1792 periculo
389 1650 606 1794 perculsi,
643 1684 826 1748 omnem
862 1645 977 1746 circa
1011 1650 1244 1792 regionem
1282 1653 1338 1754 ad
1374 1692 1494 1758 arma
1532 1696 1617 1756 vo-

154 1829 389 1905 caverant3
425 1793 573 1937 itaque
609 1788 844 1934 quatriduo
882 1827 1156 1895 armatorum
1201 1794 1439 1900 hominum
1476 1798 1617 1901 millia

155 1934 328 2040 circiter
371 1937 608 2080 quinque,
651 1970 695 2035 et
741 1971 958 2074 praeterea
1005 1935 1271 2078 cataphracti
1315 1941 1481 2082 equites
1527 1942 1615 2042 du-

156 2081 277 2182 centi
313 2091 528 2215 Bajonam
564 2074 747 2178 subsidii
791 2076 931 2218 gratia
966 2078 1283 2183 confluxerunt.
1321 2096 1430 2206 Quo
1466 2085 1614 2188 anim-

154 2225 380 2345 adverso,
423 2224 681 2340 Beltranus,
725 2219 806 2361 qui
851 2220 1041 2320 totidem
1094 2221 1244 2324 diebus
1290 2226 1353 2325 rei
1400 2231 1614 2367 gerendae

155 2366 435 2469 occasionem
470 2365 519 2467 in
553 2364 699 2466 castris
733 2399 1073 2505 exspectaverat,
1108 2364 1237 2465 classe
1272 2367 1489 2469 discedere
1524 2380 1612 2500 jus-

155 2549 232 2628 sa,
270 2551 364 2610 suas
398 2511 490 2651 ipse
532 2509 680 2652 copias
720 2507 769 2608 in
813 2521 1021 2608 Sanctum
1066 2505 1366 2612 Sebastianum
1407 2512 1613 2642 reduxit,

154 2654 284 2794 quod
321 2653 542 2796 oppidum
577 2650 705 2755 novis
739 2647 946 2792 operibus
968 2651 1155 2794 ⁸munire
1188 2692 1283 2754 non
1318 2652 1574 2758 desistebat.

228 2805 398 2902 XXVI.
476 2796 642 2899 Diebus
677 2795 846 2938 aliquot
889 2794 1158 2930 interjectis,
1197 2796 1446 2919 Beltranus,
1491 2811 1613 2898 Fon-a

157 2937 376 3041 terabiam
419 2938 652 3062 obsidere,
697 2974 740 3041 et
775 2940 1096 3044 commeatibus
1132 2972 1239 3041 terra
1275 2941 1473 3084 marique
1510 2981 1610 3083 pro·

158 3079 314 3184 hibere
349 3085 522 3228 coepit.
560 3083 703 3207 Galli,
748 3119 798 3186 ut
838 3123 1019 3187 suorum
1063 3083 1239 3226 inopiae
1281 3086 1608 3227 quoquomodo

155 3228 432 3331 mederentur
468 3264 510 3330 et
551 3228 748 3330 virorum
789 3229 986 3371 periculo
1028 3227 1333 3350 consulerent,
1374 3225 1611 3329 muliercu-

156 3369 252 3493 las,
287 3413 399 3514 quae
434 3372 599 3476 cibaria
633 3376 687 3475 de
720 3408 934 3495 ortarent,
970 3369 1322 3480 submittebant3
1363 3369 1444 3473 hae
1479 3409 1611 3472 nam·'

155 3553 248 3658 que
290 3514 580 3660 deprehensae
621 3560 647 3619 a
685 3413 869 3620 hstium
911 3517 1109 3620 virorum
1156 3515 1361 3619 violentis
1409 3511 1610 3617 manibus

157 3658 337 3762 tutiores
380 3656 476 3763 fore
517 3656 817 3777 videbantur3
858 3663 932 3762 sed
970 3658 1074 3762 huic
1115 3660 1305 3763 malitiae
1354 3655 1479 3760 facile
1521 3654 1611 3755 ob-

39 3927 45 3944 ·
157 3803 280 3907 viam
314 3804 431 3907 itum
466 3840 564 3930 est,
599 3802 792 3907 abscissis
833 3804 997 3948 viginti
1041 3804 1206 3905 circiter
1238 3799 1610 3943 deprehensarum

159 3946 512 4052 muliercularum
554 3948 783 4070 auriculis,
826 3987 909 4092 pro
951 3947 1113 4090 quibus
1159 3944 1338 4086 singulis
1385 3939 1608 4044 Bcltranus

157 4091 409 4230 praemium
445 4091 656 4195 militibus
692 4093 822 4195 binos
857 4091 1016 4234 regales
1051 4125 1257 4190 nummos
1293 4119 1610 4228 proposuerat.

160 4233 261 4336 Viis
297 4233 429 4374 igitur
464 4234 674 4336 omnibus
720 4274 795 4376 per
836 4270 991 4336 terram
1033 4229 1242 4351 obsessis,
1287 4230 1449 4373 placuit
1494 4225 1612 4366 Regi

159 4375 320 4496 Gallo,
357 4413 406 4477 ut
441 4414 747 4496 commeatus,
783 4377 863 4518 qui
898 4412 947 4478 ut
982 4409 1161 4519 anguste
1202 4374 1400 4518 provisus
1444 4365 1614 4488 fuerat,

159 4557 363 4661 perparce
400 4519 580 4622 obsessis
616 4559 696 4664 sup
729 4521 911 4642 etebat,
946 4520 1169 4621 maritimo
1213 4515 1407 4619 subsidio
1450 4514 1615 4654 impor-

162 4699 348 4765 taretur.
402 4663 617 4767 Beltranus
669 4561 751 4766 ubi
798 4665 854 4765 de
901 4681 1150 4807 comparata
1196 4662 1323 4763 classe
1370 4657 1618 4800 cognovit,

163 4805 251 4946 ipse
286 4847 471 4951 quoque
506 4847 631 4910 suam
666 4809 722 4908 ad
759 4805 1059 4909 obsistendum
1095 4840 1289 4944 paratam
1334 4843 1419 4902 esse
1462 4799 1616 4932 jubet3

169 4959 288 5081 cujus
337 4953 400 5054 rei
449 4952 592 5092 gratia
638 4988 859 5054 tormenta
907 4989 1012 5052 cum
1058 4946 1355 5090 scloppetariis
1399 4943 1621 5104 tripartito

241 5097 350 5196 Tem.
380 5105 414 5197 l.
1278 5104 1326 5216 Q
1565 5124 1626 5186 stc
