4294 5984
582 469 821 554 CAROLI
857 471 913 553 V.
957 477 1078 556 LIB.
1120 481 1201 558 tv.
1502 497 1579 582 103

158 628 358 740 finitimis
389 627 587 774 quotidie
612 630 926 734 confluebant.
959 634 1073 734 Galli
1109 672 1251 759 vero,
1279 680 1472 781 quotum
1502 689 1625 752 exer.

159 782 310 901 citus,
359 787 662 880 Navartorum
712 775 882 878 auxiliis
933 779 1274 904 accedentibus,
1320 788 1375 887 ad
1424 791 1628 931 peditum

158 921 498 1069 quatuordecim
549 919 688 1020 millia
742 954 784 1021 et
841 919 1008 1064 equites
1061 961 1285 1026 sexcentos
1339 967 1628 1068 pervenerat,

156 1081 454 1212 Logtognum
478 1105 619 1170 versus
646 1102 860 1187 movent,
898 1066 1033 1208 inque
1060 1108 1244 1191 nemus,
1281 1075 1403 1213 quod
1431 1081 1628 1220 Regium

156 1213 536 1357 cognominatur,
580 1211 830 1352 progressi,
865 1248 1068 1350 passuum
1104 1251 1207 1315 octo
1242 1215 1436 1318 millibus
1471 1261 1498 1320 a
1532 1233 1628 1325 Lo·-

158 1397 340 1502 gtogno
391 1357 446 1456 ad
486 1356 660 1458 Iberum
704 1392 885 1455 amnem
929 1393 1064 1458 castra
1108 1397 1316 1500 ponunt,
1353 1399 1487 1504 atque
1521 1365 1628 1470 inde

155 1511 521 1644 Logrognensem
574 1537 735 1643 agrum
788 1497 1106 1603 incursionibus
1156 1499 1451 1607 infestabant.
1504 1510 1627 1614 Hinc

162 1647 334 1787 oppido
375 1642 781 1786 appropinquantes
828 1643 886 1742 ad
935 1647 1317 1750 Franciscanorum
1358 1650 1629 1762 coenobium

157 1789 291 1892 tertio
337 1788 434 1890 idus
470 1789 602 1926 Junii
648 1789 966 1909 consederunt,
1012 1793 1328 1933 tormentisque
1367 1796 1626 1938 dispositis,

157 1971 310 2034 muros
348 1968 523 2074 quatere
558 1968 830 2073 coeperunt,
868 1933 1100 2072 oppidanis
1144 1928 1313 2037 fortiter
1354 1977 1458 2039 curn
1500 1981 1626 2083 prae-

158 2075 274 2178 sidio
328 2072 735 2219 propugnantibus.
784 2071 939 2195 Galli,
986 2076 1223 2216 desperata·
1261 2084 1625 2224 expugnatione,

157 2259 263 2320 cum
306 2219 362 2318 de
405 2219 597 2320 adventu
649 2217 895 2358 praesidum
944 2219 1238 2357 exercitusque
1285 2227 1625 2364 cognovissent,

159 2362 431 2461 discedentes
466 2361 741 2502 Calagurrim
786 2398 930 2459 versus
976 2398 1297 2500 processerunt,
1344 2364 1500 2466 urbem
1544 2409 1626 2471 nec

156 2501 263 2604 loco
301 2503 429 2615 satis,
466 2542 547 2602 nec
584 2540 717 2642 opere
752 2501 1001 2608 munitam3
1038 2505 1092 2602 de
1128 2541 1216 2641 qua
1260 2505 1509 2644 proceribus
1547 2509 1623 2610 de-

158 2641 463 2764 liberantibus,
492 2645 628 2746 dcseri
665 2643 852 2785 placeret
881 2643 930 2744 in
957 2683 1119 2786 magna
1155 2644 1352 2746 militum
1387 2651 1625 2790 paucitate,

157 2828 214 2892 an
251 2826 355 2892 curn
393 2788 589 2930 periculo
626 2782 838 2909 defendi,
865 2786 1220 2930 variantibusque
1256 2792 1524 2914 sententiis,
1544 2831 1627 2934 po-

159 2967 321 3033 stremo
358 2965 503 3032 tamen
538 2931 830 3034 constitutum
867 2965 961 3051 est,
997 2967 1046 3034 ut
1081 2972 1186 3033 cum
1226 2934 1430 3038 Beltrano
1472 2949 1626 3038 Cueva·

161 3076 299 3174 Ducis
342 3073 693 3217 Alburquerquii
743 3074 837 3176 filio
885 3075 1025 3217 stirpis
1071 3075 1312 3195 maxim0,
1366 3080 1446 3219 qui
1493 3077 1626 3211 hujus

160 3219 396 3319 sententiae
437 3221 486 3320 in
531 3218 685 3362 primis
730 3251 884 3319 auctor
934 3213 1112 3339 luerat,
1165 3219 1427 3359 praesidium
1475 3222 1626 3363 primo

161 3402 343 3504 quoque
387 3397 584 3504 tempore
627 3362 900 3464 mitteretur.
949 3373 985 3464 ls
1028 3363 1210 3506 negotio
1252 3361 1438 3467 libenter
1484 3404 1626 3466 susce-
1765 3375 1766 3382 ‘

162 3539 272 3646 pto,
309 3546 414 3610 cum
449 3506 569 3606 mille
604 3506 816 3628 veteranis
859 3504 1070 3608 militibus
1112 3542 1154 3606 et
1197 3504 1419 3649 equitibus
1462 3506 1623 3610 ducena

163 3649 218 3752 tis
265 3651 427 3752 eodem
469 3651 538 3752 die
587 3687 758 3792 vespere
804 3644 1053 3789 profectus,
1088 3649 1242 3752 itinere
1276 3651 1444 3756 nullam
1479 3651 1623 3752 noctis

161 3828 339 3934 partem
374 3794 658 3913 intermisso,
693 3790 868 3924 albente
908 3793 1033 3895 coelo
1080 3793 1359 3936 Calagurrim
1399 3794 1627 3936 pervenit,

159 3935 480 4079 montiumque
520 3935 774 4040 infirmitate
818 3935 1153 4057 animadversa,
1196 3974 1257 4036 ut·
1291 3935 1498 4057 hostem,
1540 3936 1623 4077 qui

157 4077 220 4206 in
248 4078 450 4216 proximo
487 4084 763 4203 consederat,
790 4083 1121 4226 oppugnatione
1157 4080 1415 4203 deterreret,
1452 4118 1621 4220 magno

158 4219 486 4359 sclopetorum,
516 4231 860 4365 tympanorum,
892 4226 1181 4366 tubarumque
1219 4225 1399 4367 strepitu
1436 4260 1481 4324 et
1515 4222 1627 4322 clan·

158 4400 267 4505 gore
303 4365 590 4491 continuato,
626 4370 806 4502 majoris
843 4369 977 4472 etiam
1015 4369 1217 4514 praesidii
1254 4367 1496 4472 accedentis
1532 4402 1628 4507 spe-2

159 4507 276 4608 ciem
315 4507 538 4647 praebuit.

250 4659 326 4753 VI.
420 4658 714 4795 Asparrosus,
750 4696 855 4758 curn
898 4658 953 4760 de
996 4661 1190 4762 adventu
1228 4669 1318 4788 ejus
1362 4693 1406 4758 et
1450 4652 1632 4753 inducto
1716 4713 1719 4725 ·

160 4792 376 4932 praesidio
418 4797 733 4937 cognovisset,
782 4800 1061 4938 Calagurrim
1105 4799 1399 4940 oppugnandi
1448 4794 1632 5032 conscilio

1578 4973 1629 5030 e..
