4294 5984
563 385 648 500 140'
974 433 1057 512 ors
1101 415 1306 512 susus
1358 427 1576 512 oosrrs

524 586 688 709 Carolo
725 585 883 690 ineos
919 587 1146 689 dumtaxat
1179 586 1340 706 coiret,
1377 587 1456 729 qui
1502 623 1655 730 pacem
1697 587 1985 732 tranquillita-

525 768 707 878 temque
734 734 877 836 ltaliae
905 732 1203 841 solicitarent3
1232 771 1376 873 eoque
1405 731 1589 833 nomine
1624 727 1780 832 foedus
1818 776 1983 877 percus-

527 918 626 978 sum
662 913 754 998 est,
799 889 892 979 non
939 876 1082 978 solum
1129 877 1241 977 inter
1283 876 1532 977 Adrianum
1582 875 1844 979 Pontificem
1885 894 1981 988 Ma-

526 1023 697 1126 ximum
749 1057 792 1124 et
844 1021 1055 1126 Carolum
1097 1031 1362 1138 Caesarem,
1414 1019 1489 1119 sed
1534 1019 1667 1122 etiam
1710 1024 1979 1142 Franciscum

526 1161 734 1270 Sfortiam
770 1179 943 1270 Ducem
971 1167 1385 1283 Mediolanensem,
1426 1164 1534 1264 item
1577 1163 1870 1290 Florentinos,
1907 1183 1981 1272 Gt-

448 1335 452 1342 '
524 1347 741 1436 nuenses‚
787 1325 985 1414 Senenses
1031 1347 1166 1452 atque
1207 1317 1418 1410 Lucenses
1461 1305 1615 1434 liberas
1651 1308 1874 1434 civitates,
1909 1353 1981 1417 tra-

528 1455 710 1600 ditaque
738 1467 951 1601 Prospero
972 1457 1220 1559 Columnae
1256 1490 1429 1554 summa
1466 1447 1600 1572 belli,
1636 1452 1672 1554 si
1707 1447 1823 1556 forte
1861 1460 1979 1561 exsis

526 1635 665 1723 teret,
702 1603 1065 1706 administrandi.
1761 1721 1766 1734 ,
1855 1637 1861 1642 ’

615 1753 668 1848 Π.
762 1759 888 1867 Quae
925 1747 1077 1850 omnia
1112 1783 1386 1891 quamquam
1416 1743 1486 1854 in,
1515 1781 1562 1858 se
1602 1745 1848 1886 comparati
1887 1757 1978 1848 Rex

527 1889 756 1991 Gallorum
801 1890 1118 2036 intelligebat,
1167 1931 1259 1993 non
1300 1927 1448 1990 tamen
1485 1925 1553 1990 est
1596 1890 1847 2010 deterritus,
1887 1930 1977 2032 quo

528 2035 672 2136 minus
708 2032 871 2135 bellum
899 2037 946 2138 in
972 2036 1092 2136 Italia
1109 2109 1112 2114 -
1127 2032 1310 2136 summis
1344 2031 1510 2134 viribus
1546 2069 1777 2134 renovaret
1806 2033 1980 2135 instrue-

529 2215 722 2320 retque,
771 2178 943 2323 ingenti
989 2179 1036 2280 vi
1089 2176 1372 2320 pecuniarum
1420 2176 1587 2280 cunctis
1639 2173 1867 2278 ordinibus
1910 2215 1980 2318 per

528 2323 718 2426 Galliam
753 2324 887 2425 ctiam
923 2321 1103 2424 Clericis
1145 2321 1384 2460 imperata.
1428 2313 1647 2422 Confecto
1687 2321 1824 2462 igitur
1863 2359 1981 2422 exer-

529 2467 618 2569 citu
661 2467 862 2611 peditum
911 2465 1092 2608 triginta
1141 2464 1375 2585 millium,
1426 2499 1469 2564 et
1509 2463 1711 2607 equitum
1755 2465 1981 2586 duorum,

530 2649 633 2711 cum
670 2611 861 2712 totidem
907 2607 1249 2753 hippotoxotis,
1292 2607 1412 2709 liunc'
1450 2647 1554 2710 cum
1584 2607 1770 2749 'imperii
1811 2645 1983 2710 summa

530 2753 578 2854 in
627 2753 797 2855 Italiam
845 2756 1096 2855 ducendum
1147 2753 1394 2855 Guiliclmo'
1431 2750 1726 2894 Gomphierio
1776 2752 1982 2870 tradidit,

478 2997 479 3001 t
530 2935 668 3037 quem
703 2896 817 3000 Galli
853 2938 878 2997 a
914 2896 1169 3040 magistratu
1205 2896 1452 3017 maritimo,
1489 2898 1561 2996 cui
1596 2930 1821 3037 praeerat,
1857 2900 1984 2996 Almi-

530 3046 714 3160 radium,
746 3040 883 3143 idest
918 3043 1044 3142 maris
1079 3034 1347 3184 praefectum
1382 3039 1718 3182 nuncupabant.
1755 3039 1877 3159 Hie,
1908 3078 1982 3139 ne-

531 3182 650 3284 mine
694 3184 776 3284 iter
818 3185 888 3285 vel
930 3185 1222 3330 impediente,
1266 3187 1336 3290 vel
1377 3221 1641 3305 remorante,
1677 3185 1732 3284 ad
1771 3183 1981 3285 Ticinum

529 3363 666 3466 usque
701 3328 1009 3471 progreditur,
1044 3331 1100 3430 ad
1135 3338 1256 3463 cujus
1291 3329 1494 3431 fluminis
1520 3330 1661 3469 ripam
1696 3330 1876 3430 alteram
1901 3340 1984 3429 Co

528 3468 676 3569 lumna
710 3510 813 3571 cum
854 3473 1159 3615 Hispanorum
1201 3509 1392 3615 quatuor
1434 3471 1658 3594 millibus,
1706 3471 1984 3612 totidemque

530 3615 754 3716 Germanis
790 3653 834 3718 et
870 3617 996 3718 omni
1041 3618 1237 3758 equitatu
1278 3619 1562 3726 consederat3
1606 3620 1678 3718 sed
1718 3625 1899 3757 Prosper
1946 3655 1985 3714 se

529 3751 653 3858 hoste
687 3799 872 3862 numero
909 3760 1104 3862 militum
1139 3761 1272 3905 longe
1307 3756 1556 3864 inferiorem
1593 3801 1678 3862 esse
1714 3759 1985 3860 animadver-

530 3933 651 4021 tens,
688 3905 912 4043 optimum
954 3900 1073 4006 factu
1110 3945 1198 4005 esse
1233 3905 1493 4026 constituit,
1528 3941 1579 4005 ut
1615 3903 1985 4045 conquisitoribus

528 4044 584 4141 ad
620 4047 955 4151 conducendum
990 4049 1179 4149 militem
1213 4049 1412 4151 Italicum
1447 4049 1495 4150 in
1538 4085 1691 4149 omnes
1734 4084 1874 4188 partes
1919 4047 1985 4147 di-

528 4186 666 4288 missis
702 4191 885 4334 Papiam
924 4206 1285 4336 Cremonamque
1320 4193 1471 4294 valido
1505 4191 1723 4334 praesidio
1765 4189 1985 4307 firmaret,

528 4326 618 4467 ipse
654 4373 757 4434 cum
795 4337 965 4480 reliquo
1003 4339 1188 4440 exercitu
1225 4337 1535 4440 Mediolanum
1572 4378 1616 4437 se
1653 4338 1889 4478 reciperet,
1922 4369 1984 4432 at-

529 4511 618 4611 que
660 4477 816 4578 urbem
857 4515 989 4616 caput
1031 4491 1121 4609 ejus
1167 4483 1436 4622 Principatus
1480 4480 1746 4582 custodiret.
1788 4487 1910 4578 Nam
1948 4473 1982 4574 si

526 4614 619 4713 vim
650 4613 844 4718 hostium
880 4617 937 4718 ab
974 4620 1067 4719 aliis
1103 4624 1279 4760 oppidis
1304 4662 1444 4723 arcere
1469 4625 1701 4766 nequiret,
1738 4659 1888 4723 tamen
1918 4617 1984 4718 lris

523 4755 658 4860 tribus
695 4763 897 4887 retentis,
925 4758 1050 4871 facile
1074 4804 1200 4909 posse
1236 4767 1389 4870 amissa
1423 4767 1669 4911 recuperari
1706 4763 1980 4871 confidebat.

1831 4921 1836 4930 .
1891 4919 1983 5012 An·
