4294 5972
550 465 629 554 300
934 447 1249 533 nonanus
1296 441 1517 527 uasrrs

510 608 708 718 irruunt,
746 608 820 708 sed
855 604 1015 708 accidit
1051 643 1219 744 magno
1257 643 1356 703 casu
1407 641 1451 704 et
1500 633 1829 743 peropportune
1867 615 1885 720 ,'
1931 641 1981 705 ut

513 754 706 897 Hispani
750 751 922 853 circiter
974 746 1249 890 quingenti,
1283 748 1378 888 qui
1436 743 1731 888 superioribus
1792 744 1979 872 dicbus,

515 934 748 1042 propterea
784 895 909 1036 quod
945 893 1050 1026 jussi
1084 893 1131 992 in
1167 891 1471 992 Pannonicum
1510 888 1694 1008 bellum,
1719 893 1845 1031 quod
1880 903 1972 995 Rex

515 1043 759 1143 Fernandus
796 1035 1018 1182 gerebat,
1055 1033 1271 1177 proficisci
1313 1035 1552 1176 imperium
1602 1035 1976 1159 detrectaverant,

518 1225 623 1288 cum
658 1183 907 1328 ignominia
943 1180 1112 1282 dimissi
1148 1172 1349 1298 fuerant,
1392 1180 1446 1278 ad
1494 1176 1613 1279 hunc
1649 1179 1864 1319 temporis
1909 1221 1976 1280 ar-

520 1329 706 1431 ticulum
744 1328 792 1429 in
828 1327 978 1427 locum
1016 1363 1189 1466 pugnae
1234 1322 1534 1464 pervenirent.
1583 1330 1709 1423 Nam
1751 1324 1862 1422 dum
1904 1361 1978 1464 per

521 1514 572 1576 ea
624 1473 719 1574 loca
763 1512 805 1574 se
857 1470 1119 1571 rusticontm
1164 1464 1324 1607 opibus
1374 1466 1534 1568 alentes
1576 1501 1877 1608 vagarentur,
1929 1471 1979 1572 de

521 1615 741 1718 Ferruchii
785 1613 980 1717 motibus
1030 1649 1074 1714 et
1114 1607 1342 1712 Philiberti
1383 1611 1577 1711 adventu
1626 1611 1828 1712 certiores
1872 1606 1976 1714 facti
2113 1731 2114 1740 Ν

524 1761 572 1863 in
609 1801 705 1862 eam
756 1796 956 1900 partem,
993 1757 1071 1859 ubi
1113 1795 1187 1856 eos
1234 1765 1541 1897 congressuros
1577 1794 1665 1856 esse
1696 1755 1979 1882 judicabant,

525 1938 821 2005 accurrerunt.
865 1914 1019 2041 Itaque
1054 1943 1080 2002 a
1115 1900 1248 1998 latere
1284 1937 1366 2000 nec
1394 1899 1582 2038 opinato
1616 1899 1772 2000 invecti
1796 1935 1839 1999 et
1860 1908 1976 2000 Ha-

525 2054 695 2184 spaaiam
738 2083 899 2186 magna
939 2083 1049 2146 voce
1090 2042 1321 2144 clamantes
1370 2040 1490 2144 hosti
1531 2052 1746 2176 majorem
1784 2043 1879 2142 vim
1914 2081 1979 2144 at-

527 2232 616 2334 que
662 2188 995 2290 multitudinem
1039 2187 1183 2287 adesse
1225 2186 1463 2328 suspicanti
1508 2226 1723 2330 magnum
1768 2222 1978 2288 terrorem

526 2335 826 2454 incusserunt,
864 2334 1111 2474 pedemque
1136 2325 1293 2431 referre
1328 2347 1592 2474 coegerunt.
1631 2343 1737 2434 Hoc
1780 2331 1976 2432 animad-

528 2515 652 2580 verso
705 2478 909 2578 Germani
948 2553 964 2595 ,
1008 2513 1052 2575 ct
1103 2475 1406 2615 Hispanorum
1457 2477 1648 2577 adventu
1704 2513 1748 2577 et
1797 2477 1976 2576 clamore

528 2621 813 2738 confirmati,
850 2618 1022 2759 magnis
1064 2617 1222 2718 animis
1263 2655 1560 2761 procurrunt3
1613 2620 1822 2723 Fabricius
1866 2659 1972 2759 quo·

530 2805 617 2905 que
675 2763 1005 2904 scloppetorum
1061 2762 1246 2903 strepitu
1303 2801 1347 2862 et
1406 2762 1713 2904 praeliantium
1781 2765 1977 2864 exaudito

529 2906 718 3007 clamore
762 2909 886 3040 (nec
922 2905 1043 3006 enim
1091 2907 1227 3049 longe
1271 2904 1461 3044 aberat)
1503 2945 1605 3009 cum
1647 2908 1733 3008 suis
1779 2907 1976 3009 advolat.

529 3061 682 3192 ltaque
730 3048 875 3151 hostes
924 3049 1101 3192 repressi
1155 3052 1201 3149 in
1243 3052 1444 3191 proxima
1491 3051 1689 3152 aedificia
1747 3051 1977 3152 necessario

530 3231 619 3295 sese
655 3194 894 3336 recipiunt.
939 3197 1020 3295 Sed
1063 3233 1119 3293 ne
1155 3190 1229 3294 hic
1269 3195 1454 3334 quidem
1493 3195 1711 3336 impetum
1758 3194 1974 3298 Caesaria-

528 3376 691 3439 norum
728 3338 930 3439 sustinere
965 3373 1233 3482 potuerunt,
1283 3337 1480 3478 plerique
1514 3341 1650 3482 igitur
1696 3340 1840 3458 caesi,
1883 3337 1979 3440 teli-

530 3483 612 3621 qui
653 3477 742 3581 fere
788 3483 937 3622 capri,
978 3518 1021 3582 et
1064 3483 1112 3582 in
1153 3480 1220 3581 his
1261 3481 1511 3585 Ferruchius
1554 3484 1645 3624 ipse
1696 3518 1740 3583 et
1791 3488 1983 3618 joannes

528 3625 712 3728 Paulus.
749 3626 830 3728 Sed
854 3625 1062 3768 gregariis
1098 3620 1308 3726 militibus
1335 3627 1436 3726 data
1472 3665 1596 3726 more
1626 3623 1982 3732 Christianorum

529 3765 728 3871 libertate
793 3766 1003 3870 Fabritius
1047 3807 1202 3908 necem
1249 3765 1478 3870 Philiberti
1527 3771 1770 3912 aegerrime
1814 3765 1956 3871 ferens
1969 3843 1984 3887 ,

530 3914 656 4052 quasi
707 3912 837 4015 vellet
879 3914 946 4015 sui
994 3912 1112 4014 ducis
1161 3908 1362 4012 manibus
1413 3912 1546 4015 hostis
1596 3914 1716 4017 ducis
1776 3913 1986 4056 sanguine

488 4087 494 4098 ·
529 4092 788 4194 parentare,
824 4055 1103 4159 Ferruclrium
1148 4057 1415 4177 obtruncat,
1461 4067 1686 4196 Joanncm
1722 4096 1829 4159 vero
1876 4067 1985 4158 Pau-

528 4197 621 4304 lum
658 4235 701 4301 et
736 4235 897 4303 ceteros
933 4197 1172 4340 praefectos
1207 4199 1403 4343 captivos
1444 4202 1708 4302 Florentiam
1749 4201 1799 4302 in
1845 4237 1982 4301 castra

527 4340 739 4452 deducit3
776 4340 1004 4445 Philiberti
1057 4384 1241 4486 quoque
1297 4344 1480 4446 cadaver
1536 4344 1768 4487 importari
1823 4345 1980 4476 jussit,

526 4487 650 4622 quod
686 4487 742 4584 ad
777 4485 1076 4588 suburbanum
1122 4487 1441 4606 coenobium,
1496 4489 1570 4590 cui
1616 4493 1767 4588 Certosa
1815 4519 1973 4588 nomen

521 4663 619 4752 esc,
661 4627 914 4768 depositum
975 4628 1123 4767 paucis
1170 4664 1273 4770 post
1319 4630 1475 4732 diebus
1527 4633 1786 4750 Uraniam,
1840 4665 1888 4736 ut
1927 4626 1975 4726 in

515 4775 656 4920 patria
691 4775 906 4914 sepultura
942 4772 1210 4918 quiesceret,
1247 4771 1439 4880 elatum.

1875 4918 1979 5016 XX.
