4294 5972
577 423 826 524 ennom
870 433 927 523 u.
960 436 1081 527 am.
1109 443 1179 531 rr,¹
1498 439 1597 560 ‘327‘
1731 571 1732 576 ψ

178 599 351 746 „siqua
371 593 438 702 sui
459 589 675 702 Nicolizii
699 597 1005 720 benevolentia
1025 635 1299 744 tangeretur,
1319 611 1536 748 velletque
1554 645 1639 752 pro

181 822 216 872 „
233 787 309 848 sua
339 741 610 846 humanitate
653 741 784 844 rebus
820 742 953 884 ipsius
985 737 1218 848 liberaliter
1253 785 1352 886 pros
1385 752 1519 870 icere,
1553 749 1644 893 pri·'

175 925 305 1019 „ma
331 885 397 988 illi
428 923 531 988 cura
558 919 668 988 essct
696 887 892 1021 ejusdem
914 877 1241 1030 epistimationis
1272 917 1314 990 et
1339 788 1511 1012 limae,
1530 933 1642 1036 quae

182 1069 301 1155 „res
333 1028 419 1132 sibi
454 1063 625 1157 essent,
661 1025 879 1130 rebonis
915 1027 1189 1146 ethonestis
1225 1031 1330 1133 viris
1364 1034 1564 1156 soleant,
1590 1075 1641 1139 ae

184 1159 448 1296 „debeant',
482 1173 578 1312 ipsa
613 1207 799 1312 quoque
834 1170 927 1271 vita
962 1163 1158 1312 potiores
1176 1189 1225 1278 .“

249 1323 413 1418 XXIII.
486 1324 612 1416 Haec
638 1349 845 1454 responsa
869 1309 1154 1456 hominisque
1180 1314 1472 1417 constantiam
1494 1314 1640 1420 Abra-

178 1457 317 1562 hamo
355 1455 649 1601 perpendenti
684 1453 965 1556 vehementer
1000 1455 1158 1599 opinio
1193 1457 1507 1581 confirmatur,
1547 1497 1641 1562 ma·

213 1639 324 1702 num
362 1599 627 1740 praesidium
670 1596 842 1740 oppido
884 1598 1134 1702 contineri.
1172 1611 1273 1702 Nec
1313 1603 1431 1704 enim
1473 1601 1641 1744 proba-

177 1641 266 1845 iile
302 1742 534 1845 videbatur
570 1739 784 1842 omnium
821 1779 1126 1883 quemquam,
1162 1743 1249 1846 nisi
1281 1739 1443 1847 fretum
1479 1744 1641 1846 firmis-

186 1885 302 1988 simo
339 1883 596 2028 praesidio,
627 1919 720 1986 tam
755 1882 1033 1984 confidenter·
1076 1921 1264 2028 tamque·
1308 1921 1556 1987 constanter
1591 1927 1642 1990 0-

176 2065 301 2130 mnes
338 2067 410 2128 eas
442 2025 723 2129 conditiones
756 2021 886 2125 luisse
914 2029 1200 2158 rejecturum.
1241 2037 1317 2127 Ne
1343 2063 1491 2130 tamen
1515 2069 1643 2132 suum

177 2163 392 2273 animum¹
421 2203 470 2270 et
501 2168 736 2270 consilium
772 2167 1017 2289 indicaret,
1046 2170 1119 2269 sed
1152 2167 1305 2270 omnia
1340 2170 1560 2272 videretur
1594 2213 1644 2273 a·
1750 2207 1753 2214 ·

178 2312 377 2415 micitiae
390 2389 410 2433 ,
446 2311 774 2454 virtutibusque
809 2308 1026 2411 Nicolizii
1056 2308 1277 2429 tribuere,
1299 2307 1380 2411 ubi
1410 2353 1453 2413 sc
1478 2351 1647 2453 parum·

179 2493 262 2598 per
295 2457 412 2558 iutra
452 2453 677 2558 silentium
713 2452 1021 2573 continuerat,
1054 2461 1168 2572 „Ut
1203 2451 1463 2595 intelligas,
1494 2462 1644 2592 inquit,

180 2634 448 2739 „quantum
485 2599 606 2738 apud
642 2635 717 2697 me
750 2593 894 2699 valeat
928 2595 1148 2698 amicitiae
1184 2629 1357 2698 nostrae
1380 2597 1523 2717 ratio,
1545 2629 1646 2698 tua*

180 2811 215 2864 „
233 2776 428 2881 rumque
463 2738 753 2882 singularium
776 2737 999 2848 vitrutum,
1024 2739 1181 2880 opinio
1193 2817 1208 2860 ,
1239 2737 1324 2841 tibi
1339 2738 1526 2880 nomine
1553 2779 1645 2841 ma·

176 2957 211 3008 ,‚
230 2883 314 3024 gni
338 2880 513 2984 domini
537 2881 904 3024 Imperatorisque
928 2881 1067 2983 nostri
1094 2883 1315 3023 oppidum
1343 2917 1390 2980 et
1423 2883 1647 3023 quidquid

176 3027 282 3147 „in
310 3065 369 3126 eo
400 3061 494 3146 est,
519 3063 625 3126 eum
656 3059 898 3126 ceterarum
923 3055 1099 3146 rerum,
1125 3061 1222 3126 tum
1248 3023 1383 3125 etiam
1407 3023 1645 3128 hominum

183 3243 218 3293 „
230 3170 476 3290 condono,
514 3167 595 3308 qui
636 3208 790 3303 omnes
835 3163 921 3268 tibi
964 3207 1058 3269 suas
1103 3205 1193 3266 non
1228 3167 1369 3266 modo
1413 3161 1645 3287 fortunas,

176 3303 217 3433 „
231 3313 310 3414 sed
344 3312 480 3414 etiam
515 3309 796 3430 libertatem,
822 3309 1050 3452 vitamque
1077 3306 1330 3411 debebunt.
1369 3308 1479 3411 Illud
1504 3311 1643 3410 modo

67 3460 69 3466 ’
179 3492 320 3595 „pro
352 3488 480 3555 tanto
515 3449 741 3554 beneficio¹
772 3453 1023 3594 paciscor,
1058 3487 1110 3554 ut
1144 3452 1262 3593 siqui
1307 3447 1421 3553 forte
1471 3485 1645 3551 nostro*

181 3590 218 3720 „
234 3635 339 3698 rum
373 3594 539 3698 morbo
573 3595 651 3697 vel.
679 3595 903 3736 languore
929 3597 1120 3716 tardati,
1161 3593 1244 3696 hac
1277 3594 1644 3735 praetergredien-

51 3813 55 3826 ,
182 3813 220 3861 ,‚
234 3773 335 3860 tur,
371 3737 607 3883 longiore,
642 3776 701 3840 ut:
735 3739 916 3864 assolet,
949 3738 1178 3840 intervallo
1216 3771 1355 3837 castra
1387 3769 1531 3835 nostra
1575 3775 1645 3838 se-

181 3959 218 4004 „
235 3917 451 4025 quentes,
485 3919 588 3987 tuos
619 3879 853 4026 prohibeas
893 3880 951 3986 ab
988 3919 1147 3986 eorum·
1180 3879 1365 4015 injuria,
1390 3907 1645 4022 nostrosque

185 4102 219 4166 „
235 4027 408 4167 patiaris
445 4028 686 4129 incolumes
716 4028 904 4154 ¹transire
924 4104 934 4126 .
956 4048 986 4090 “

263 4181 436 4275 XXIV..
506 4170 754 4274 Nicolizius
789 4160 954 4310 gratias
984 4165 1085 4312 agit·
1111 4163 1369 4269 Abrahamo
1403 4198 1449 4264 er
1491 4162 1645 4265 condi-

176 4308 315 4414 tione
351 4348 560 4454 accepta,
595 4309 839 4415 liberaliter·
867 4311 1124 4453 pollicetur.
1168 4308 1475 4446 Abrahamus,
1510 4308 1645 4409 motis

188 4457 339 4556 eastris
357 4533 379 4578 ,.
408 4457 549 4598 magis
584 4453 760 4558 indies
795 4493 822 4554 a
856 4456 1059 4581 Vienna,
1096 4489 1438 4594 nostrorumque
1473 4451 1645 4570 castris,

174 4629 303 4702 'uta
349 4599 593 4736 Solymano
625 4637 716 4700 erat
751 4601 1051 4741 imperatum,
1086 4601 1324 4705 discederes
1363 4631 1642 4734 quacumque

186 4738 411 4880 transiret,
447 4743 604 4870 omnia·
639 4737 742 4844 late
760 4738 910 4882 ferro,
952 4739 1147 4886 igneque
1181 4743 1428 4864 devastares
1460 4771 1640 4837 nostro·

1537 4909 1639 4978 rum
