4298 5980
611 451 852 534 CAROLI
895 453 947 533 V.
995 455 1110 534 LIB.
1142 456 1222 536 VI.
1529 473 1613 562 203

179 609 442 720 -rnnensibus
484 612 665 733 studet,
702 613 782 757 qui
823 645 964 754 partes
1000 611 1304 754 Hispanorum
1338 607 1388 717 in
1429 616 1553 721 ltalia
1588 665 1656 737 ser

185 800 420 906 quuntur.

186 903 187 907 ¹
277 917 376 1012 XL.
476 915 767 1009 Externorum
803 902 820 1005 i
854 902 942 1005 itur
985 901 1228 1006 hominum
1274 907 1556 1011 tumultuaria
1613 947 1656 1016 et
1766 967 1770 976 ·

175 1052 305 1156 male
340 1085 503 1154 armata
544 1092 680 1154 manu
727 943 963 1170 conlecta,
1015 1048 1063 1151 hi
1113 1047 1290 1154 -Tiberis
1338 1089 1495 1193 pontes
1542 1056 1655 1158 levi-

187 1199 271 1300 bus
307 1197 533 1301 tormentis
570 1196 792 1337 dispositis
828 1196 1028 1297 obsidere
1064 1193 1305 1328 jubentur3
1352 1198 1425 1300 sed
1462 1200 1571 1301 dum
1609 1241 1656 1314 ea

187 1345 361 1486 trepide
399 1383 443 1444 et
484 1383 510 1441 a
551 1339 764 1442 malefidis
810 1341 1200 1462 administrantur,
1247 1351 1393 1486 Hugo
1435 1383 1513 1486 per
1558 1387 1656 1448 me·

182 1487 311 1588 diam
361 1488 561 1604 urbem,
610 1483 786 1587 nemine
840 1485 1105 1625 prohibente
1167 1489 1473 1629 Romanisque
1526 1493 1654 1630 quie-

186 1633 410 1760 scentibus
448 1666 492 1731 et
527 1627 841 1769 spectantibus,
870 1669 969 1730 suos
1006 1633 1062 1730 ad
1097 1667 1286 1771 pontem
1315 1632 1423 1732 Sixti
1459 1634 1655 1758 deducit,

183 1813 323 1916 quem
385 1775 617 1876 adversarii
676 1808 799 1874 metu
844 1772 1040 1875 deterriti
1101 1776 1193 1873 sine
1249 1777 1484 1877 certamine
1530 1779 1656 1880 dese-

182 1957 410 2030 ruerunts
462 1921 613 2060 iraque
663 1929 844 2049 trajecto
893 1917 1051 2018 Tiberi
1105 1917 1260 2018 vicum
1319 1917 1655 2044 suburbanum,

182 2064 266 2203 qui
314 2071 474 2200 burgus
531 2062 721 2180 dicitur,
762 2060 935 2160 invadit
980 2094 1258 2200 occupatque
1301 2064 1489 2166 vixdum
1533 2075 1655 2168 Pon·

181 2205 305 2307 tifice
340 2210 389 2307 in
425 2245 572 2306 arcem
606 2205 663 2305 ad
698 2203 875 2303 Molem
910 2201 1129 2302 Hadriani
1165 2204 1400 2340 digresso,
1438 2246 1531 2346 quo
1568 2251 1658 2312 ma·

182 2387 298 2489 gnus
334 2351 587 2490 principum
622 2347 825 2448 virorum
861 2345 946 2446 sibi
982 2385 1009 2444 a
1043 2344 1315 2446 Caesarianis
1357 2351 1653 2464 metuentium

181 2531 391 2594 numerus
441 2532 531 2592 una
578 2485 817 2632 confligit.
867 2495 994 2590 Nam
1037 2488 1118 2627 qui
1166 2482 1338 2589 fuerant
1383 2531 1440 2590 eo
1480 2492 1553 2592 die
1596 2496 1654 2596 ad

180 2638 557 2777 propugnandum
600 2633 842 2750 conducti,
887 2631 922 2732 ii
957 2671 1051 2732 non
1101 2629 1247 2732 solum
1300 2670 1395 2731 non
1445 2632 1655 2744 obstitere

178 2777 488 2898 venientibus,
524 2779 599 2876 sed
635 2813 797 2919 magna
837 2813 933 2917 pars
976 2777 1034 2875 ad
1079 2775 1172 2876 illos
1219 2771 1460 2917 praedandi
1512 2782 1653 2922 gratia

178 2924 447 3058 Hispaniam
484 2920 804 3021 conclamando
840 2919 1135 3040 transierunt,
1171 2959 1268 3035 me,
1305 2920 1385 3061 qui
1422 2962 1527 3025 cum
1563 2925 1653 3026 mei
1688 3025 1690 3030 ,

180 3063 353 3178 ordinis
390 3098 435 3162 et
476 3063 669 3164 nationis
713 3063 866 3164 amicis
908 3065 957 3164 in
998 3075 1195 3204 Burgum
1240 3067 1464 3203 spectandi
1511 3069 1653 3208 gratia

178 3245 503 3348 processeram,
542 3207 839 3346 conspiciente
877 3247 930 3307 ex
965 3201 1147 3310 fenestra
1183 3207 1347 3307 scilicet
1383 3245 1427 3308 et
1459 3212 1651 3316 audien·
1690 3206 1697 3214 ⁶

178 3384 254 3451 te.
292 3356 425 3452 Tunc
460 3388 581 3454 vero·
606 3352 664 3451 ad
707 3352 915 3494 praedam
960 3353 1160 3453 conversi
1196 3351 1357 3452 milites
1400 3353 1651 3454 Pontificias

178 3493 309 3594 aedes
346 3495 615 3612 Vaticanas,
651 3527 696 3592 et
731 3495 822 3596 vici
856 3495 1017 3595 domos
1053 3493 1228 3634 aliquot
1263 3494 1562 3635 diripuerunt.

253 3646 367 3737 XLI.
443 3648 495 3736 In
531 3635 613 3736 bac
648 3675 793 3740 rerum
828 3635 1122 3776 trepidatione
1150 3647 1291 3778 Hugo
1330 3641 1555 3739 Moncada
1585 3638 1650 3740 ad

177 3779 460 3880 Clementem
495 3779 759 3882 Pontificem
795 3779 1055 3915 hujusmodi
1088 3781 1357 3924 legationem
1394 3782 1565 3881 mittit:
1605 3823 1650 3882 se

177 3953 263 4020 nec
299 3924 407 4022 odio
451 3922 676 4027 Pontificis
712 3965 793 4026 nec
828 3920 1059 4044 officiendi
1110 3923 1336 4025 voluntate
1374 3925 1558 4026 ductum
1602 3924 1650 4028 in

180 4059 329 4200 ipsum
364 4105 485 4169 arma
519 4072 749 4191 sumsisse,
785 4073 860 4170 sed
896 4070 1007 4169 dum
1049 4102 1229 4208 cuperet
1273 4068 1481 4170 eumdem
1524 4078 1648 4169 Pon-

179 4205 381 4326 tificem,
419 4212 601 4353 quando
639 4212 839 4352 precibus
883 4210 996 4312 nihil
1043 4207 1322 4350 profecisset,
1366 4251 1647 4354 quacumque
1779 4309 1781 4314 .

179 4350 351 4450 ratione
385 4354 557 4458 daretur
571 4431 586 4474 ,
622 4358 864 4473 adducere,
899 4389 950 4455 ut
985 4348 1097 4456 facta
1133 4398 1235 4458 curn
1277 4357 1442 4460 Carolo
1487 4366 1648 4458 Caesa-

181 4528 229 4594 re
268 4491 378 4634 paee·
411 4493 613 4636 publicae
648 4496 1003 4604 Christianorum
1039 4501 1181 4642 quieti
1227 4503 1490 4620 consuleret,
1522 4500 1649 4640 quod

182 4638 376 4740 maxime
424 4642 482 4741 ad
526 4644 689 4748 summi
736 4642 972 4748 Sacerdotis
1013 4647 1178 4751 Christi
1226 4647 1391 4749 Vicarii
1444 4639 1647 4744 officium

182 4785 450 4914 pertineret,
486 4786 708 4930 ipsiusque
743 4789 983 4892 rationibus
1018 4791 1231 4930 privatim
1268 4789 1402 4889 etiarn
1443 4786 1645 4888 conveni·

1122 4943 1232 5033 Cca
1544 4961 1645 5056 ret,
