4294 5972
554 486 796 567 CAROLI
836 487 889 568 V.
939 489 1053 568 ΗΒ.
1093 493 1145 570 X·
1497 496 1584 590 3²9

163 645 236 746 vix
272 639 381 746 dum
417 685 468 744 ex
505 643 681 744 diversis
717 641 913 785 partibus
949 643 996 743 in
1031 641 1181 745 locum
1216 682 1357 748 unum
1378 637 1617 750 'convene-

162 825 288 908 rant,
324 786 556 929 paratiores
592 821 711 888 etant
746 786 1066 918 commeatibus
1103 823 1147 889 ct
1181 793 1331 891 ceteris
1367 790 1493 893 rehus
1531 833 1611 893 ne-

161 931 345 1031 cessariis
364 933 420 1032 ad
439 931 630 1050 bellum,
654 931 779 1073 quod
803 924 1087 1050 inferebatur,
1105 927 1449 1053 defendendum,
1475 975 1609 1076 quant

160 1075 217 1172 ad
253 1074 553 1175 insectandum
589 1072 790 1192 hostem,
827 1111 993 1213 praeter
1019 1074 1223 1177 omnium
1249 1077 1513 1216 opinionem
1536 1075 1609 1178 fu-

160 1215 375 1355 gientem,
410 1252 454 1317 et
490 1217 663 1335 omnia,
678 1255 963 1357 quocumque
983 1218 1064 1318 iter
1082 1210 1268 1336 faceret,
1287 1220 1609 1340 devastantem,

159 1393 203 1457 et
238 1395 425 1498 pontes,
460 1397 694 1499 postquam
729 1360 783 1457 de
819 1358 1037 1499 equitatus
1072 1360 1287 1460 occisione
1313 1400 1607 1504 cognoverat,

159 1500 506 1620 rescindentem,
542 1535 593 1600 ut
627 1499 813 1618 nostris,
849 1541 1132 1642 quacumque
1164 1503 1330 1604 ratione
1368 1545 1542 1645 posset,
1564 1545 1606 1606 se

157 1638 417 1780 insequendi
459 1638 709 1743 facultatem
753 1643 943 1743 tolleret.
993 1653 1131 1744 Porro
1172 1643 1338 1747 bellum
1378 1647 1426 1746 in
1469 1657 1606 1746 Moe-

159 1783 296 1901 siam,
334 1784 404 1883 vel
438 1795 547 1885 Hun
580 1785 745 1903 ariam,
779 1823 855 1885 aut
888 1783 1154 1909 Thraciam,
1190 1785 1382 1928 finesque
1411 1787 1606 1894 hostium

155 1921 383 2025 transferre
431 1963 512 2026 nec
545 1824 710 2027 ietebat
744 1927 850 2024 anui
884 1961 1054 2066 tempus
1082 1927 1239 2062 hyeme
1279 1967 1528 2070 appetente,
1561 1967 1606 2032 et

159 2068 216 2166 ad
251 2107 300 2166 ea
335 2069 589 2168 conandum
623 2104 740 2164 nova
776 2103 898 2167 erant
934 2067 1126 2166 ineunda
1160 2069 1339 2170 consilia
1381 2075 1423 2174 et'
1463 2112 1605 2176 novus

158 2220 482 2312 Germanorum
517 2247 742 2309 consensus
776 2210 1099 2349 impetrandus.
1423 2223 1425 2228 ’

244 2361 411 2453 XXVI.
495 2351 752 2486 Solymanus
795 2351 940 2452 multis
979 2351 1163 2492 acceptis
1205 2389 1249 2452 et
1295 2352 1420 2454 illatis
1460 2355 1608 2456 detti-r

158 2495 319 2595 mentis
357 2496 405 2596 in
439 2492 673 2594 Thraciam
708 2531 947 2595 reversurus
1002 2493 1189 2632 Joannis
1224 2497 1479 2636 Hungariae
1521 2509 1604 2599 Re·

160 2637 226 2777 gis
262 2635 500 2738 rationibus
536 2676 628 2736 non
662 2638 832 2756 deerat,
866 2677 997 2778 seque
1032 2636 1156 2739 illurn
1191 2675 1295 2737 cum
1329 2650 1490 2780 Regno
1526 2639 1598 2738 i'n·

160 2779 381 2881 columem
424 2816 690 2880 servaturum
732 2782 1018 2894 ostendebatr
1059 2782 1132 2880 sed
1168 2820 1223 2879 co
1259 2779 1409 2884 animo
1447 2780 1603 2920 (quod

159 2913 285 3020 facile
319 2925 569 3062 appareret)
605 2959 654 3020 ut
689 2923 789 3060 ipse.
826 2920 908 3021 sibi
951 2957 1093 3021 totam
1134 2923 1457 3064 Hungariam,
1500 2962 1603 3023 cunr
1743 2981 1747 2988 ·

160 3060 272 3163 bene
292 3101 513 3165 maturum
539 3099 626 3163 esse
651 3065 891 3184 videretur,
907 3097 1159 3206 occuparet.
1197 3075 1410 3174 Ceterum
1431 3056 1604 3164 nonita
1701 3105 1703 3110 ’

160 3206 302 3306 multo
337 3243 436 3348 post
461 3211 666 3342 Joannes
707 3207 798 3346 ipse
831 3248 858 3307 a
893 3207 982 3308 vita
1016 3205 1236 3326 discessit,
1273 3203 1410 3306 filium
1454 3201 1603 3306 infan-

160 3381 250 3446 tem
285 3348 557 3488 rciinquens,
593 3360 715 3479 cujus
743 3387 908 3450 tutores
938 3385 1123 3450 matrem
1149 3387 1191 3450 ct
1224 3350 1464 3492 Georgium
1492 3358 1603 3447 Mo-

160 3479 349 3587 nachum
385 3526 645 3590 testamento
679 3529 783 3590 cum
819 3492 1076 3630 scripsisset,
1112 3529 1265 3592 eorum
1301 3492 1497 3632 precibus
1525 3502 1601 3588 So-

160 3628 362 3765 lymanus
398 3634 610 3733 adductus
667 3633 789 3773 pueri
841 3634 1132 3772 patrocinium
1179 3636 1393 3772 suscepitr
1438 3634 1509 3733 scd
1552 3671 1601 3730 ea

163 3772 286 3913 lege,
319 3809 369 3872 ut
404 3775 525 3874 Buda
560 3813 717 3877 merces
753 3811 860 3873 esset
895 3777 1124 3915 patrocinii
1158 3811 1200 3874 et
1236 3775 1367 3898 belli,
1395 3775 1430 3872 si
1465 3773 1599 3871 laces-

163 3915 266 4013 situs
302 3910 441 4037 foret,
477 3911 764 4026 defendendi.
808 3923 870 4016 At
905 3921 1131 4018 Fernando
1171 3926 1293 4058 Rege
1336 3956 1410 4057 per
1438 3913 1600 4016 Salmae

162 4057 388 4158 Comitem
416 4129 442 4177 ,·
480 4098 616 4197 quem
658 4059 742 4158 suis
791 4058 931 4200 copiis
977 4054 1276 4197 praefecerat,
1320 4057 1483 4158 bellum
1528 4093 1599 4155 re·-

162 4236 351 4298 novante
387 4237 431 4300 et
471 4200 822 4301 Transilvaniam
865 4200 1143 4338 potissimum
1185 4200 1315 4299 armis
1351 4235 1600 4340 repetente,

160 4375 225 4440 res
261 4342 316 4439 ad
352 4379 504 4479 pacem
540 4341 688 4479 aequis
723 4340 1050 4442 conditionibus
1076 4342 1261 4442 deducta
1294 4378 1381 4451 est3
1419 4339 1503 4440 hoc
1532 4335 1600 4439 fa-

162 4483 284 4582 cilius
320 4484 517 4582 adductis
562 4485 825 4605 tutoribus,
844 4487 968 4625 quod
1004 4485 1105 4587 hinc
1147 4485 1387 4623 periculum
1419 4495 1599 4582 'metue-

166 4621 308 4748 bant,
350 4625 469 4724 illinc
504 4625 725 4734 Solvmani
767 4629 1013 4728 communis
1067 4627 1417 4728 Christianorum
1470 4623 1619 4724 hostis⁴

165 4761 297 5007 fidepr
334 4741 588 4910 suspectam·
610 4767 856 4871 habebant.
892 4774 1079 4870 Foedere
1120 4771 1254 4910 igitur
1294 4763 1412 4874 facto
1458 4777 1606 5006 Traq-

281 4946 352 5006 om.
367 4919 400 5008 I.
1134 4918 1213 5011 Tr
1536 4909 1612 5007 si-
