4294 5972
578 483 666 578 274
917 553 920 560 ,
971 469 1054 552 os
1089 421 1292 544 nauus
1332 453 1555 540 essars

535 679 610 746 ma
646 627 797 778 vigilia
833 622 1051 774 profecti,
1079 621 1238 723 itinere
1277 613 1442 716 nullam
1479 647 1652 755 partem
1687 609 1830 716 noctis
1866 613 2010 726 inter·

537 788 671 889 misso
689 780 773 901 ,in
807 776 957 877 locum
994 799 1301 912 opportunum
1336 759 1507 863 insidiis
1542 798 1882 902 pervenerunt,
1916 766 2009 871 ibi.

537 972 624 1073 que
661 945 817 1066 quarta
853 917 1010 1062 vigilia
1045 911 1375 1017 constiterunts
1417 904 1486 1010 his
1527 942 1577 1009 ut
1614 907 1832 1048 praesidio
1869 951 2003 1039 esset,

535 1078 571 1175 si
606 1068 720 1172 forte
757 1064 973 1168 submisso
1020 1101 1046 1164 a
1092 1056 1226 1160 Gallis
1270 1052 1435 1158 auxilio
1480 1052 1765 1155 multitudine
1801 1095 1998 1198 premen.

535 1253 579 1320 te
627 1255 714 1316 sese
751 1213 1021 1354 reciperent,
1069 1209 1267 1342 Joannes
1318 1198 1493 1301 Urbina
1545 1197 1856 1339 Hispanorum
1906 1207 1999 1307 reli-

487 1427 491 1444 ‹
535 1401 674 1505 quam
710 1395 894 1460 manum
930 1355 1115 1456 educere
1156 1386 1199 1448 et
1236 1346 1292 1446 ad
1330 1344 1508 1485 paludes
1549 1345 1870 1487 Neapolitanas
1907 1348 1999 1450 sub

534 1509 682 1608 sistere
720 1515 884 1638 jussus,
913 1501 986 1602 sed
1021 1532 1123 1596 orto
1161 1491 1282 1610 sole,
1301 1485 1383 1589 ubi
1419 1487 1576 1591 hostile
1613 1489 1882 1630 praesidium
1918 1535 1998 1596 sese
2127 1563 2128 1566 γ

535 1649 755 1769 ostendit,
780 1645 1026 1750 Fernandus
1062 1679 1166 1740 cum
1201 1636 1287 1736 suis
1324 1634 1524 1736 invectus
1561 1669 1811 1775 equitatum
1847 1638 1894 1738 in
1928 1635 1998 1740 fu-

532 1835 640 1938 gam
676 1793 836 1900 vertit3
872 1790 1090 1932 peditatus
1116 1821 1243 1901 vero,
1264 1779 1345 1920 qui
1369 1780 1492 1881 miIle
1517 1781 1866 1922 quingentomm
1891 1784 1999 1885 Hel·

530 1939 752 2038 vetiorum
788 1970 902 2049 erat,
937 1929 1192 2064 jaculatores
1228 1926 1453 2065 Hispanos
1495 1959 1539 2026 et
1571 1925 1737 2065 equites
1765 1923 1998 2064 cataphra-

530 2115 623 2183 ctos
659 2081 707 2180 in
743 2121 786 2181 se
824 2081 1032 2180 irruentes
1069 2071 1345 2214 conspicatus
1380 2070 1437 2169 ad
1466 2108 1671 2210 proxrma
1700 2065 1900 2170 aedificia
1936 2109 1997 2170 se-

528 2265 573 2326 se
610 2224 797 2367 recipit,
827 2220 979 2364 ibique
1015 2218 1170 2320 acriter
1206 2217 1284 2317 diu
1320 2215 1586 2357 repugnavit
1617 2256 1631 2324 3
1665 2216 1722 2314 ad
1757 2251 1995 2317 extremum

530 2401 677 2471 tamen
715 2403 936 2512 superatus
974 2400 1063 2482 est,
1095 2399 1338 2501 omnesque
1375 2360 1446 2461 veI
1481 2358 1617 2461 occisi
1652 2358 1724 2459 vel
1752 2361 1896 2501 capti.
1915 2373 1993 2462 Eo
2128 2365 2129 2428 Γ

527 2515 633 2616 dem
678 2509 767 2612 fere
821 2546 1023 2650 tempore
1069 2545 1174 2606 curn
1218 2507 1397 2610 Simone
1442 2517 1703 2622 Roman0,
1746 2504 1829 2644 qui
1872 2505 1991 2606 CaIa-

528 2653 673 2758 briam
711 2693 794 2795 pro
832 2654 964 2754 Gallis
1001 2646 1257 2771 obtinebat,
1282 2651 1486 2793 quinque
1522 2648 1761 2749 hominum
1799 2648 1932 2750 millia
1963 2689 1990 2750 a

528 2799 648 2900 mille
684 2798 937 2942 Hispanis,
976 2831 1021 2896 et
1065 2795 1261 2937 equitatu
1307 2835 1359 2896 ex
1403 2794 1628 2937 praesidiis
1665 2794 1861 2896 deducto
1904 2788 1993 2896 fissa

528 2937 771 3086 fugataque
798 2937 929 3045 fisisse
957 2939 1199 3081 Neapolim
1230 2939 1458 3042 nuntiatur
1494 2941 1679 3042 ductore
1703 2940 1888 3041 Comite
1912 2953 1992 3044 Bu·

527 3087 648 3208 relli,
691 3125 828 3230 quem
863 3081 1126 3189 Philibertus
1169 3084 1226 3184 ad
1269 3098 1457 3227 patrem?
1484 3085 1660 3188 Montis
1701 3085 1861 3186 Leonis
1894 3097 1992 3187 Du·

528 3271 664 3352 cem,
704 3231 785 3375 qui
832 3269 913 3370 pro
955 3241 1081 3374 Rege
1123 3227 1314 3332 Siciliam
1358 3227 1662 3378 procurabat,
1694 3232 1896 3351 miserat,
1938 3265 1991 3329 ut

529 3375 763 3478 communi
799 3372 990 3477 consilio
1028 3413 1127 3475 eam
1163 3411 1350 3478 manum
1392 3375 1737 3523 opprimendam
1777 3409 1991 3477 curarent.

527 3521 611 3621 Sed
648 3521 695 3620 in
730 3518 859 3621 tantis
894 3517 1068 3654 jacturis
1104 3516 1217 3621 nihil
1261 3558 1433 3666 gravius
1476 3557 1553 3624 aut
1594 3519 1820 3623 molestius
1861 3517 1992 3623 Gallis
2129 3659 2130 3662 Ν

526 3664 718 3784 accidit,
758 3701 896 3806 quam
933 3665 1059 3806 quod
1102 3662 1151 3764 in
1188 3705 1238 3765 ea
1279 3702 1427 3771 rerum
1462 3665 1699 3810 iniquitate
1741 3668 1904 3768 ductor
1955 3665 1992 3764 i-

527 3843 602 3947 pse
639 3806 902 3910 Lautrechus
936 3805 1100 3908 morbo
1137 3806 1361 3911 absumtos
1397 3847 1508 3932 est,
1548 3813 1630 3954 qui
1664 3811 1855 3914 moriens
1909 3812 1992 3912 im·

526 3951 639 4092 perii
664 3991 897 4058 summam
931 3953 1194 4058 Salutiarum
1230 3951 1485 4058 Marchioni
1527 3992 1572 4057 et
1614 3965 1744 4058 Petro
1786 3963 1990 4058 Navarra

527 4097 738 4202 tradidit.
1361 4229 1364 4234 Ι
1675 4185 1680 4196 .

559 4253 847 4352 XXXVIII.
902 4240 1153 4348 Caesariani
1190 4285 1298 4347 vero
1335 4287 1388 4346 ex
1424 4243 1552 4348 malis
1587 4244 1786 4350 hostium
1823 4246 1986 4349 indies

525 4386 683 4487 animis
724 4391 1051 4530 augescentibus
1091 4392 1299 4492 audacius
1343 4390 1609 4534 liberiusque
1646 4394 1821 4534 vagari,
1860 4429 1987 4532 agros

523 4529 760 4674 populari,
791 4533 990 4634 aedificia
1032 4535 1397 4676 circumjectaque
1440 4539 1609 4680 oppida
1658 4534 1984 4637 excursionibus

522 4703 707 4780 vastare.
746 4688 898 4816 Itaque
934 4687 1116 4776 Samum
1151 4678 1272 4780 Sarni
1308 4693 1475 4782 Comes
1507 4721 1610 4784 cum
1646 4717 1826 4786 centum
1861 4675 1985 4818 equi·

519 4811 637 4922 tibus
681 4855 724 4922 et
765 4819 1017 4965 quingentis
1060 4821 1357 4966 scloppetariis
1400 4827 1556 4930 missus
1618 4827 1764 4932 deleto
1823 4857 1987 4971 praesr-

1803 5015 1806 5023 ’
1905 4965 1983 5072 dio
