<?xml version="1.0" encoding="UTF-8"?>
<!DOCTYPE html PUBLIC "-//W3C//DTD XHTML 1.0 Transitional//EN"
    "http://www.w3.org/TR/xhtml1/DTD/xhtml1-transitional.dtd">
<html xmlns="http://www.w3.org/1999/xhtml" xml:lang="en" lang="en">
 <head>
  <title>
</title>
<meta http-equiv="Content-Type" content="text/html;charset=utf-8" />
  <meta name='ocr-system' content='tesseract 3.04.00' />
  <meta name='ocr-capabilities' content='ocr_page ocr_carea ocr_par ocr_line ocrx_word'/>
</head>
<body>
  <div class='ocr_page' id='page_1' title='image "./joannisgenesiis02sepgoog_0639.png"; bbox 0 0 4326 5986; ppageno 0'>
   <div class='ocr_carea' id='block_1_1' title="bbox 633 516 1635 614">
    <p class='ocr_par' dir='ltr' id='par_1_1' title="bbox 633 516 1635 614">
     <span class='ocr_line' id='line_1_1' title="bbox 633 516 1635 614; baseline 0.011 -11"><span class='ocrx_word' id='word_1_1' title='bbox 633 519 872 603; x_wconf 84' lang='lat' dir='ltr'>CAROLI</span> <span class='ocrx_word' id='word_1_2' title='bbox 915 517 967 599; x_wconf 89' lang='lat' dir='ltr'>V.</span> <span class='ocrx_word' id='word_1_3' title='bbox 1009 516 1119 598; x_wconf 75' lang='grc' dir='ltr'>ΠΒ.</span> <span class='ocrx_word' id='word_1_4' title='bbox 1169 519 1635 614; x_wconf 82' lang='lat' dir='ltr'>x111.395</span> 
     </span>
    </p>
   </div>
   <div class='ocr_carea' id='block_1_2' title="bbox 125 671 1782 4988">
    <p class='ocr_par' dir='ltr' id='par_1_2' title="bbox 125 671 1782 4988">
     <span class='ocr_line' id='line_1_2' title="bbox 276 671 1782 822; baseline -0.001 -37"><span class='ocrx_word' id='word_1_5' title='bbox 276 689 352 785; x_wconf 91' lang='lat' dir='ltr'>VI.</span> <span class='ocrx_word' id='word_1_6' title='bbox 428 688 554 778; x_wconf 88' lang='lat' dir='ltr'>Haec</span> <span class='ocrx_word' id='word_1_7' title='bbox 590 712 828 822; x_wconf 84' lang='lat' dir='ltr'>postquam</span> <span class='ocrx_word' id='word_1_8' title='bbox 864 675 1049 778; x_wconf 78' lang='lat' dir='ltr'>Carolus</span> <span class='ocrx_word' id='word_1_9' title='bbox 1085 715 1164 819; x_wconf 91' lang='lat' dir='ltr'>per</span> <span class='ocrx_word' id='word_1_10' title='bbox 1189 671 1496 818; x_wconf 80' lang='lat' dir='ltr'>exploratores</span> <span class='ocrx_word' id='word_1_11' title='bbox 1511 717 1675 822; x_wconf 86' lang='lat' dir='ltr'>cogno</span> <span class='ocrx_word' id='word_1_12' title='bbox 1780 721 1782 729; x_wconf 57' lang='lat'><strong>¹</strong></span> 
     </span>
     <span class='ocr_line' id='line_1_3' title="bbox 201 818 1670 966; baseline 0.006 -42"><span class='ocrx_word' id='word_1_13' title='bbox 201 821 306 945; x_wconf 91' lang='lat' dir='ltr'>vit,</span> <span class='ocrx_word' id='word_1_14' title='bbox 371 821 587 925; x_wconf 92' lang='lat' dir='ltr'>toceribus</span> <span class='ocrx_word' id='word_1_15' title='bbox 623 863 674 922; x_wconf 87' lang='lat' dir='ltr'>ac</span> <span class='ocrx_word' id='word_1_16' title='bbox 710 818 936 966; x_wconf 87' lang='lat' dir='ltr'>praefectis</span> <span class='ocrx_word' id='word_1_17' title='bbox 978 823 1063 923; x_wconf 92' lang='lat' dir='ltr'>suis</span> <span class='ocrx_word' id='word_1_18' title='bbox 1105 859 1405 945; x_wconf 80' lang='lat' dir='ltr'>convocatis,</span> <span class='ocrx_word' id='word_1_19' title='bbox 1433 819 1670 934; x_wconf 88' lang='lat' dir='ltr'>Charadiui</span> 
     </span>
     <span class='ocr_line' id='line_1_4' title="bbox 201 863 1669 1130; baseline 0.002 -61"><span class='ocrx_word' id='word_1_20' title='bbox 201 969 257 1069; x_wconf 89' lang='lat' dir='ltr'>de</span> <span class='ocrx_word' id='word_1_21' title='bbox 291 863 400 1071; x_wconf 82' lang='lat' dir='ltr'>iube</span> <span class='ocrx_word' id='word_1_22' title='bbox 436 963 708 1070; x_wconf 82' lang='lat' dir='ltr'>defendenda</span> <span class='ocrx_word' id='word_1_23' title='bbox 743 967 1004 1085; x_wconf 89' lang='lat' dir='ltr'>consilium,</span> <span class='ocrx_word' id='word_1_24' title='bbox 1027 966 1460 1130; x_wconf 81' lang='lat' dir='ltr'>oppidanorumque</span> <span class='ocrx_word' id='word_1_25' title='bbox 1485 1008 1669 1072; x_wconf 88' lang='lat' dir='ltr'>consen</span> 
     </span>
     <span class='ocr_line' id='line_1_5' title="bbox 202 1110 1666 1271; baseline 0.001 -60"><span class='ocrx_word' id='word_1_26' title='bbox 202 1152 300 1212; x_wconf 90' lang='lat' dir='ltr'>sum</span> <span class='ocrx_word' id='word_1_27' title='bbox 336 1114 547 1253; x_wconf 85' lang='lat' dir='ltr'>exponit,</span> <span class='ocrx_word' id='word_1_28' title='bbox 586 1153 636 1212; x_wconf 87' lang='lat' dir='ltr'>ac</span> <span class='ocrx_word' id='word_1_29' title='bbox 673 1111 901 1212; x_wconf 90' lang='lat' dir='ltr'>hostilium</span> <span class='ocrx_word' id='word_1_30' title='bbox 937 1112 1165 1258; x_wconf 88' lang='lat' dir='ltr'>copiarum</span> <span class='ocrx_word' id='word_1_31' title='bbox 1211 1110 1516 1271; x_wconf 81' lang='lat' dir='ltr'>magnitudine</span> <span class='ocrx_word' id='word_1_32' title='bbox 1560 1128 1666 1253; x_wconf 88' lang='lat' dir='ltr'>pro-</span> 
     </span>
     <span class='ocr_line' id='line_1_6' title="bbox 198 1254 1668 1418; baseline 0.001 -61"><span class='ocrx_word' id='word_1_33' title='bbox 198 1257 343 1396; x_wconf 91' lang='lat' dir='ltr'>posita</span> <span class='ocrx_word' id='word_1_34' title='bbox 390 1255 620 1360; x_wconf 89' lang='lat' dir='ltr'>sententias</span> <span class='ocrx_word' id='word_1_35' title='bbox 664 1257 719 1356; x_wconf 91' lang='lat' dir='ltr'>de</span> <span class='ocrx_word' id='word_1_36' title='bbox 762 1254 878 1356; x_wconf 90' lang='lat' dir='ltr'>bello</span> <span class='ocrx_word' id='word_1_37' title='bbox 921 1259 1118 1396; x_wconf 90' lang='lat' dir='ltr'>gerendo</span> <span class='ocrx_word' id='word_1_38' title='bbox 1176 1259 1320 1418; x_wconf 86' lang='lat' dir='ltr'>deque</span> <span class='ocrx_word' id='word_1_39' title='bbox 1374 1291 1545 1358; x_wconf 76' lang='lat' dir='ltr'>ratione</span> <span class='ocrx_word' id='word_1_40' title='bbox 1582 1256 1668 1358; x_wconf 92' lang='lat' dir='ltr'>ob</span> 
     </span>
     <span class='ocr_line' id='line_1_7' title="bbox 199 1401 1666 1542; baseline 0.005 -43"><span class='ocrx_word' id='word_1_41' title='bbox 199 1401 404 1502; x_wconf 89' lang='lat' dir='ltr'>sidendae</span> <span class='ocrx_word' id='word_1_42' title='bbox 440 1442 490 1502; x_wconf 92' lang='lat' dir='ltr'>ac</span> <span class='ocrx_word' id='word_1_43' title='bbox 530 1402 859 1542; x_wconf 79' lang='lat' dir='ltr'>oppugnandae</span> <span class='ocrx_word' id='word_1_44' title='bbox 900 1401 1086 1500; x_wconf 92' lang='lat' dir='ltr'>Tunetis</span> <span class='ocrx_word' id='word_1_45' title='bbox 1124 1401 1340 1542; x_wconf 86' lang='lat' dir='ltr'>exquirit.</span> <span class='ocrx_word' id='word_1_46' title='bbox 1394 1407 1492 1499; x_wconf 89' lang='lat' dir='ltr'>Nec</span> <span class='ocrx_word' id='word_1_47' title='bbox 1532 1439 1666 1542; x_wconf 87' lang='lat' dir='ltr'>parva</span> 
     </span>
     <span class='ocr_line' id='line_1_8' title="bbox 200 1542 1666 1686; baseline 0.001 -41"><span class='ocrx_word' id='word_1_48' title='bbox 200 1545 364 1646; x_wconf 89' lang='lat' dir='ltr'>exstitit</span> <span class='ocrx_word' id='word_1_49' title='bbox 398 1545 510 1647; x_wconf 91' lang='lat' dir='ltr'>inter</span> <span class='ocrx_word' id='word_1_50' title='bbox 544 1543 838 1646; x_wconf 88' lang='lat' dir='ltr'>consultantes</span> <span class='ocrx_word' id='word_1_51' title='bbox 874 1544 1201 1664; x_wconf 88' lang='lat' dir='ltr'>controversia,</span> <span class='ocrx_word' id='word_1_52' title='bbox 1227 1581 1422 1686; x_wconf 90' lang='lat' dir='ltr'>quorum</span> <span class='ocrx_word' id='word_1_53' title='bbox 1463 1542 1666 1686; x_wconf 84' lang='lat' dir='ltr'>plerique</span> 
     </span>
     <span class='ocr_line' id='line_1_9' title="bbox 199 1688 1663 1852; baseline 0.003 -65"><span class='ocrx_word' id='word_1_54' title='bbox 199 1688 310 1788; x_wconf 91' lang='lat' dir='ltr'>nihil</span> <span class='ocrx_word' id='word_1_55' title='bbox 345 1725 509 1790; x_wconf 87' lang='lat' dir='ltr'>temere</span> <span class='ocrx_word' id='word_1_56' title='bbox 544 1691 767 1852; x_wconf 86' lang='lat' dir='ltr'>agendum</span> <span class='ocrx_word' id='word_1_57' title='bbox 803 1729 890 1789; x_wconf 86' lang='lat' dir='ltr'>esse</span> <span class='ocrx_word' id='word_1_58' title='bbox 921 1688 1181 1807; x_wconf 86' lang='lat' dir='ltr'>censebant,</span> <span class='ocrx_word' id='word_1_59' title='bbox 1210 1729 1290 1790; x_wconf 90' lang='lat' dir='ltr'>nec</span> <span class='ocrx_word' id='word_1_60' title='bbox 1316 1723 1469 1792; x_wconf 91' lang='lat' dir='ltr'>contra</span> <span class='ocrx_word' id='word_1_61' title='bbox 1493 1722 1663 1792; x_wconf 86' lang='lat' dir='ltr'>tantam</span> 
     </span>
     <span class='ocr_line' id='line_1_10' title="bbox 199 1830 1662 1976; baseline 0.001 -45"><span class='ocrx_word' id='word_1_62' title='bbox 199 1832 529 1934; x_wconf 87' lang='lat' dir='ltr'>multitudinem</span> <span class='ocrx_word' id='word_1_63' title='bbox 587 1831 773 1934; x_wconf 88' lang='lat' dir='ltr'>Tunetis</span> <span class='ocrx_word' id='word_1_64' title='bbox 836 1833 1222 1973; x_wconf 86' lang='lat' dir='ltr'>oppugnationem</span> <span class='ocrx_word' id='word_1_65' title='bbox 1283 1830 1662 1976; x_wconf 66' lang='lat' dir='ltr'>aggrediendam</span> 
     </span>
     <span class='ocr_line' id='line_1_11' title="bbox 200 1972 1664 2114; baseline 0.001 -38"><span class='ocrx_word' id='word_1_66' title='bbox 200 1979 565 2077; x_wconf 88' lang='lat' dir='ltr'>consuetudinem</span> <span class='ocrx_word' id='word_1_67' title='bbox 608 1977 918 2114; x_wconf 89' lang='lat' dir='ltr'>rationemque</span> <span class='ocrx_word' id='word_1_68' title='bbox 962 1975 1066 2073; x_wconf 89' lang='lat' dir='ltr'>belli</span> <span class='ocrx_word' id='word_1_69' title='bbox 1099 1972 1247 2093; x_wconf 85' lang='lat' dir='ltr'>ferre,</span> <span class='ocrx_word' id='word_1_70' title='bbox 1282 2013 1333 2075; x_wconf 94' lang='lat' dir='ltr'>ut</span> <span class='ocrx_word' id='word_1_71' title='bbox 1374 2011 1545 2092; x_wconf 86' lang='lat' dir='ltr'>castra,</span> <span class='ocrx_word' id='word_1_72' title='bbox 1592 1977 1664 2078; x_wconf 87' lang='lat' dir='ltr'>vel</span> 
     </span>
     <span class='ocr_line' id='line_1_12' title="bbox 199 2053 1664 2260; baseline 0.003 -41"><span class='ocrx_word' id='word_1_73' title='bbox 199 2117 328 2219; x_wconf 92' lang='lat' dir='ltr'>urbes</span> <span class='ocrx_word' id='word_1_74' title='bbox 349 2159 457 2260; x_wconf 83' lang='lat' dir='ltr'>quas</span> <span class='ocrx_word' id='word_1_75' title='bbox 492 2119 620 2258; x_wconf 89' lang='lat' dir='ltr'>pauci</span> <span class='ocrx_word' id='word_1_76' title='bbox 654 2113 917 2238; x_wconf 87' lang='lat' dir='ltr'>defendant,</span> <span class='ocrx_word' id='word_1_77' title='bbox 946 2157 972 2214; x_wconf 90' lang='lat' dir='ltr'>a</span> <span class='ocrx_word' id='word_1_78' title='bbox 1007 2118 1141 2260; x_wconf 89' lang='lat' dir='ltr'>longe</span> <span class='ocrx_word' id='word_1_79' title='bbox 1168 2053 1365 2258; x_wconf 86' lang='lat' dir='ltr'>pltitibus</span> <span class='ocrx_word' id='word_1_80' title='bbox 1399 2155 1664 2258; x_wconf 89' lang='lat' dir='ltr'>oppugntn</span> 
     </span>
     <span class='ocr_line' id='line_1_13' title="bbox 200 2259 1662 2404; baseline 0 -42"><span class='ocrx_word' id='word_1_81' title='bbox 200 2296 300 2384; x_wconf 94' lang='lat' dir='ltr'>tur,</span> <span class='ocrx_word' id='word_1_82' title='bbox 334 2299 410 2363; x_wconf 88' lang='lat' dir='ltr'>aut</span> <span class='ocrx_word' id='word_1_83' title='bbox 451 2261 770 2370; x_wconf 72' lang='lat' dir='ltr'>obsideantur,</span> <span class='ocrx_word' id='word_1_84' title='bbox 807 2260 1023 2404; x_wconf 91' lang='lat' dir='ltr'>plurimos</span> <span class='ocrx_word' id='word_1_85' title='bbox 1059 2296 1206 2360; x_wconf 89' lang='lat' dir='ltr'>autern</span> <span class='ocrx_word' id='word_1_86' title='bbox 1242 2303 1293 2362; x_wconf 87' lang='lat' dir='ltr'>ex</span> <span class='ocrx_word' id='word_1_87' title='bbox 1322 2259 1439 2361; x_wconf 88' lang='lat' dir='ltr'>vallo</span> <span class='ocrx_word' id='word_1_88' title='bbox 1464 2296 1540 2360; x_wconf 90' lang='lat' dir='ltr'>aut</span> <span class='ocrx_word' id='word_1_89' title='bbox 1564 2299 1662 2362; x_wconf 91' lang='lat' dir='ltr'>mu</span> 
     </span>
     <span class='ocr_line' id='line_1_14' title="bbox 198 2404 1661 2568; baseline 0 -62"><span class='ocrx_word' id='word_1_90' title='bbox 198 2406 258 2506; x_wconf 89' lang='lat' dir='ltr'>tis</span> <span class='ocrx_word' id='word_1_91' title='bbox 295 2443 621 2568; x_wconf 85' lang='lat' dir='ltr'>propugnantes</span> <span class='ocrx_word' id='word_1_92' title='bbox 657 2445 794 2547; x_wconf 89' lang='lat' dir='ltr'>quem</span> <span class='ocrx_word' id='word_1_93' title='bbox 829 2443 1029 2547; x_wconf 90' lang='lat' dir='ltr'>unquam</span> <span class='ocrx_word' id='word_1_94' title='bbox 1066 2404 1224 2506; x_wconf 89' lang='lat' dir='ltr'>vidisse</span> <span class='ocrx_word' id='word_1_95' title='bbox 1259 2404 1443 2546; x_wconf 87' lang='lat' dir='ltr'>alonge</span> <span class='ocrx_word' id='word_1_96' title='bbox 1480 2404 1661 2542; x_wconf 84' lang='lat' dir='ltr'>paucio-</span> 
     </span>
     <span class='ocr_line' id='line_1_15' title="bbox 198 2542 1663 2692; baseline -0.001 -44"><span class='ocrx_word' id='word_1_97' title='bbox 198 2549 317 2652; x_wconf 90' lang='lat' dir='ltr'>ribus</span> <span class='ocrx_word' id='word_1_98' title='bbox 354 2589 634 2692; x_wconf 81' lang='lat' dir='ltr'>oppugnata,</span> <span class='ocrx_word' id='word_1_99' title='bbox 670 2551 741 2652; x_wconf 89' lang='lat' dir='ltr'>vel</span> <span class='ocrx_word' id='word_1_100' title='bbox 776 2546 994 2650; x_wconf 75' lang='lat' dir='ltr'>obsideri³</span> <span class='ocrx_word' id='word_1_101' title='bbox 1035 2557 1255 2649; x_wconf 85' lang='lat' dir='ltr'>Praeterea</span> <span class='ocrx_word' id='word_1_102' title='bbox 1290 2588 1385 2648; x_wconf 91' lang='lat' dir='ltr'>non</span> <span class='ocrx_word' id='word_1_103' title='bbox 1415 2547 1556 2648; x_wconf 89' lang='lat' dir='ltr'>modo</span> <span class='ocrx_word' id='word_1_104' title='bbox 1599 2542 1663 2648; x_wconf 86' lang='lat' dir='ltr'>fa</span> 
     </span>
     <span class='ocr_line' id='line_1_16' title="bbox 199 2689 1661 2836; baseline -0.001 -45"><span class='ocrx_word' id='word_1_105' title='bbox 199 2689 385 2792; x_wconf 91' lang='lat' dir='ltr'>brorum</span> <span class='ocrx_word' id='word_1_106' title='bbox 421 2732 630 2836; x_wconf 88' lang='lat' dir='ltr'>magnam</span> <span class='ocrx_word' id='word_1_107' title='bbox 665 2734 752 2794; x_wconf 87' lang='lat' dir='ltr'>esse</span> <span class='ocrx_word' id='word_1_108' title='bbox 787 2693 1080 2834; x_wconf 84' lang='lat' dir='ltr'>paucitatem,</span> <span class='ocrx_word' id='word_1_109' title='bbox 1113 2731 1305 2835; x_wconf 91' lang='lat' dir='ltr'>quorum</span> <span class='ocrx_word' id='word_1_110' title='bbox 1342 2728 1448 2794; x_wconf 91' lang='lat' dir='ltr'>esset</span> <span class='ocrx_word' id='word_1_111' title='bbox 1482 2691 1539 2790; x_wconf 85' lang='lat' dir='ltr'>ad</span> <span class='ocrx_word' id='word_1_112' title='bbox 1573 2729 1661 2830; x_wconf 79' lang='lat' dir='ltr'>op·</span> 
     </span>
     <span class='ocr_line' id='line_1_17' title="bbox 199 2833 1660 2979; baseline 0.001 -44"><span class='ocrx_word' id='word_1_113' title='bbox 199 2835 520 2978; x_wconf 88' lang='lat' dir='ltr'>pugnationem</span> <span class='ocrx_word' id='word_1_114' title='bbox 556 2837 791 2938; x_wconf 89' lang='lat' dir='ltr'>neccssaria</span> <span class='ocrx_word' id='word_1_115' title='bbox 827 2875 988 2979; x_wconf 89' lang='lat' dir='ltr'>opera,</span> <span class='ocrx_word' id='word_1_116' title='bbox 1029 2838 1102 2937; x_wconf 91' lang='lat' dir='ltr'>sed</span> <span class='ocrx_word' id='word_1_117' title='bbox 1139 2877 1193 2936; x_wconf 89' lang='lat' dir='ltr'>ne</span> <span class='ocrx_word' id='word_1_118' title='bbox 1233 2847 1432 2967; x_wconf 85' lang='lat' dir='ltr'>jumenta</span> <span class='ocrx_word' id='word_1_119' title='bbox 1474 2833 1660 2974; x_wconf 90' lang='lat' dir='ltr'>quidem</span> 
     </span>
     <span class='ocr_line' id='line_1_18' title="bbox 200 2976 1661 3122; baseline 0.001 -45"><span class='ocrx_word' id='word_1_120' title='bbox 200 3013 426 3120; x_wconf 88' lang='lat' dir='ltr'>suppetere</span> <span class='ocrx_word' id='word_1_121' title='bbox 475 3014 572 3080; x_wconf 90' lang='lat' dir='ltr'>tum</span> <span class='ocrx_word' id='word_1_122' title='bbox 619 2982 676 3079; x_wconf 84' lang='lat' dir='ltr'>ad</span> <span class='ocrx_word' id='word_1_123' title='bbox 717 3017 976 3102; x_wconf 87' lang='lat' dir='ltr'>tormenta,</span> <span class='ocrx_word' id='word_1_124' title='bbox 1014 2976 1175 3122; x_wconf 91' lang='lat' dir='ltr'>quibus</span> <span class='ocrx_word' id='word_1_125' title='bbox 1213 2980 1360 3080; x_wconf 90' lang='lat' dir='ltr'>multis</span> <span class='ocrx_word' id='word_1_126' title='bbox 1403 3011 1446 3078; x_wconf 89' lang='lat' dir='ltr'>et</span> <span class='ocrx_word' id='word_1_127' title='bbox 1486 2977 1661 3117; x_wconf 90' lang='lat' dir='ltr'>magnis</span> 
     </span>
     <span class='ocr_line' id='line_1_19' title="bbox 199 3121 1659 3261; baseline 0 -41"><span class='ocrx_word' id='word_1_128' title='bbox 199 3161 311 3261; x_wconf 90' lang='lat' dir='ltr'>opus</span> <span class='ocrx_word' id='word_1_129' title='bbox 349 3159 456 3223; x_wconf 89' lang='lat' dir='ltr'>esset</span> <span class='ocrx_word' id='word_1_130' title='bbox 474 3201 490 3244; x_wconf 95' lang='lat'>,</span> <span class='ocrx_word' id='word_1_131' title='bbox 510 3123 786 3244; x_wconf 86' lang='lat' dir='ltr'>invehenda,</span> <span class='ocrx_word' id='word_1_132' title='bbox 824 3161 921 3226; x_wconf 89' lang='lat' dir='ltr'>turn</span> <span class='ocrx_word' id='word_1_133' title='bbox 941 3125 995 3223; x_wconf 88' lang='lat' dir='ltr'>ad</span> <span class='ocrx_word' id='word_1_134' title='bbox 1016 3157 1286 3226; x_wconf 88' lang='lat' dir='ltr'>commeatus</span> <span class='ocrx_word' id='word_1_135' title='bbox 1314 3121 1659 3259; x_wconf 89' lang='lat' dir='ltr'>comportandos</span> 
     </span>
     <span class='ocr_line' id='line_1_20' title="bbox 198 3263 1658 3370; baseline 0 -6"><span class='ocrx_word' id='word_1_136' title='bbox 198 3268 454 3366; x_wconf 86' lang='lat' dir='ltr'>necessaria:</span> <span class='ocrx_word' id='word_1_137' title='bbox 492 3267 686 3369; x_wconf 88' lang='lat' dir='ltr'>adhaec</span> <span class='ocrx_word' id='word_1_138' title='bbox 722 3268 922 3370; x_wconf 89' lang='lat' dir='ltr'>incidisse</span> <span class='ocrx_word' id='word_1_139' title='bbox 958 3266 1171 3368; x_wconf 89' lang='lat' dir='ltr'>bellum</span> <span class='ocrx_word' id='word_1_140' title='bbox 1160 3307 1208 3367; x_wconf 91' lang='grc' dir='ltr'>ιιι</span> <span class='ocrx_word' id='word_1_141' title='bbox 1244 3263 1522 3366; x_wconf 89' lang='lat' dir='ltr'>durissimum</span> <span class='ocrx_word' id='word_1_142' title='bbox 1553 3264 1658 3366; x_wconf 90' lang='lat' dir='ltr'>anni</span> 
     </span>
     <span class='ocr_line' id='line_1_21' title="bbox 199 3407 1656 3552; baseline -0.003 -44"><span class='ocrx_word' id='word_1_143' title='bbox 199 3442 403 3552; x_wconf 88' lang='lat' dir='ltr'>tempus,</span> <span class='ocrx_word' id='word_1_144' title='bbox 444 3444 487 3506; x_wconf 91' lang='lat' dir='ltr'>et</span> <span class='ocrx_word' id='word_1_145' title='bbox 523 3413 679 3510; x_wconf 91' lang='lat' dir='ltr'>nostris</span> <span class='ocrx_word' id='word_1_146' title='bbox 715 3409 958 3552; x_wconf 88' lang='lat' dir='ltr'>gentibus</span> <span class='ocrx_word' id='word_1_147' title='bbox 947 3411 1276 3550; x_wconf 83' lang='lat' dir='ltr'>iniquissimum</span> <span class='ocrx_word' id='word_1_148' title='bbox 1312 3443 1490 3550; x_wconf 89' lang='lat' dir='ltr'>propter</span> <span class='ocrx_word' id='word_1_149' title='bbox 1524 3407 1656 3506; x_wconf 84' lang='lat' dir='ltr'>aesti-</span> 
     </span>
     <span class='ocr_line' id='line_1_22' title="bbox 197 3549 1657 3696; baseline -0.002 -46"><span class='ocrx_word' id='word_1_150' title='bbox 197 3591 277 3651; x_wconf 92' lang='lat' dir='ltr'>vos</span> <span class='ocrx_word' id='word_1_151' title='bbox 313 3549 741 3694; x_wconf 87' lang='lat' dir='ltr'>ferventissimusque</span> <span class='ocrx_word' id='word_1_152' title='bbox 776 3555 985 3654; x_wconf 84' lang='lat' dir='ltr'>calores</span> <span class='ocrx_word' id='word_1_153' title='bbox 974 3593 1023 3654; x_wconf 88' lang='grc' dir='ltr'>ιιι</span> <span class='ocrx_word' id='word_1_154' title='bbox 1056 3594 1106 3653; x_wconf 89' lang='lat' dir='ltr'>ea</span> <span class='ocrx_word' id='word_1_155' title='bbox 1141 3553 1353 3696; x_wconf 89' lang='lat' dir='ltr'>regione,</span> <span class='ocrx_word' id='word_1_156' title='bbox 1377 3549 1457 3652; x_wconf 93' lang='lat' dir='ltr'>ubi</span> <span class='ocrx_word' id='word_1_157' title='bbox 1483 3587 1657 3650; x_wconf 88' lang='lat' dir='ltr'>summa</span> 
     </span>
     <span class='ocr_line' id='line_1_23' title="bbox 198 3694 1656 3838; baseline -0.004 -42"><span class='ocrx_word' id='word_1_158' title='bbox 198 3730 308 3796; x_wconf 84' lang='lat' dir='ltr'>esset</span> <span class='ocrx_word' id='word_1_159' title='bbox 340 3734 555 3838; x_wconf 84' lang='lat' dir='ltr'>aquarum</span> <span class='ocrx_word' id='word_1_160' title='bbox 586 3696 777 3838; x_wconf 80' lang='lat' dir='ltr'>inopia:</span> <span class='ocrx_word' id='word_1_161' title='bbox 819 3737 932 3838; x_wconf 87' lang='lat' dir='ltr'>quae</span> <span class='ocrx_word' id='word_1_162' title='bbox 968 3695 1122 3818; x_wconf 87' lang='lat' dir='ltr'>mala,</span> <span class='ocrx_word' id='word_1_163' title='bbox 1164 3733 1214 3798; x_wconf 93' lang='lat' dir='ltr'>ut</span> <span class='ocrx_word' id='word_1_164' title='bbox 1257 3694 1456 3797; x_wconf 86' lang='lat' dir='ltr'>hostibus</span> <span class='ocrx_word' id='word_1_165' title='bbox 1500 3729 1656 3793; x_wconf 85' lang='lat' dir='ltr'>natura</span> 
     </span>
     <span class='ocr_line' id='line_1_24' title="bbox 125 3836 1655 3978; baseline -0.001 -41"><span class='ocrx_word' id='word_1_166' title='bbox 125 3947 131 3962; x_wconf 42' lang='grc'>,</span> <span class='ocrx_word' id='word_1_167' title='bbox 198 3876 242 3938; x_wconf 90' lang='lat' dir='ltr'>et</span> <span class='ocrx_word' id='word_1_168' title='bbox 277 3839 548 3941; x_wconf 88' lang='lat' dir='ltr'>consuetudo</span> <span class='ocrx_word' id='word_1_169' title='bbox 585 3839 746 3942; x_wconf 89' lang='lat' dir='ltr'>leviora</span> <span class='ocrx_word' id='word_1_170' title='bbox 779 3841 1072 3960; x_wconf 88' lang='lat' dir='ltr'>reddidisset,</span> <span class='ocrx_word' id='word_1_171' title='bbox 1109 3841 1170 3940; x_wconf 90' lang='lat' dir='ltr'>sic</span> <span class='ocrx_word' id='word_1_172' title='bbox 1206 3837 1324 3940; x_wconf 90' lang='lat' dir='ltr'>orbis</span> <span class='ocrx_word' id='word_1_173' title='bbox 1360 3836 1497 3938; x_wconf 88' lang='lat' dir='ltr'>nostri</span> <span class='ocrx_word' id='word_1_174' title='bbox 1539 3875 1655 3978; x_wconf 88' lang='lat' dir='ltr'>gen</span> 
     </span>
     <span class='ocr_line' id='line_1_25' title="bbox 199 3919 1654 4124; baseline -0.003 -43"><span class='ocrx_word' id='word_1_175' title='bbox 199 3979 352 4103; x_wconf 91' lang='lat' dir='ltr'>tibus,</span> <span class='ocrx_word' id='word_1_176' title='bbox 389 3979 626 4124; x_wconf 82' lang='lat' dir='ltr'>frigoribus</span> <span class='ocrx_word' id='word_1_177' title='bbox 675 3984 885 4110; x_wconf 90' lang='lat' dir='ltr'>assuetis,</span> <span class='ocrx_word' id='word_1_178' title='bbox 928 3919 1080 4086; x_wconf 86' lang='lat' dir='ltr'>eadeni</span> <span class='ocrx_word' id='word_1_179' title='bbox 1122 4017 1279 4084; x_wconf 86' lang='lat' dir='ltr'>natura</span> <span class='ocrx_word' id='word_1_180' title='bbox 1328 4017 1372 4083; x_wconf 87' lang='lat' dir='ltr'>et</span> <span class='ocrx_word' id='word_1_181' title='bbox 1423 3979 1654 4082; x_wconf 84' lang='lat' dir='ltr'>insolentia</span> 
     </span>
     <span class='ocr_line' id='line_1_26' title="bbox 197 4123 1653 4267; baseline -0.003 -42"><span class='ocrx_word' id='word_1_182' title='bbox 197 4125 439 4264; x_wconf 87' lang='lat' dir='ltr'>perniciosa</span> <span class='ocrx_word' id='word_1_183' title='bbox 475 4165 525 4227; x_wconf 87' lang='lat' dir='ltr'>ac</span> <span class='ocrx_word' id='word_1_184' title='bbox 558 4126 848 4230; x_wconf 89' lang='lat' dir='ltr'>intolerabilia</span> <span class='ocrx_word' id='word_1_185' title='bbox 880 4123 1068 4248; x_wconf 87' lang='lat' dir='ltr'>faceret,</span> <span class='ocrx_word' id='word_1_186' title='bbox 1086 4163 1136 4228; x_wconf 93' lang='lat' dir='ltr'>ut</span> <span class='ocrx_word' id='word_1_187' title='bbox 1173 4123 1412 4267; x_wconf 90' lang='lat' dir='ltr'>periculum</span> <span class='ocrx_word' id='word_1_188' title='bbox 1443 4160 1583 4243; x_wconf 90' lang='lat' dir='ltr'>esset,</span> <span class='ocrx_word' id='word_1_189' title='bbox 1598 4162 1653 4222; x_wconf 88' lang='lat' dir='ltr'>ne</span> 
     </span>
     <span class='ocr_line' id='line_1_27' title="bbox 197 4271 1654 4428; baseline -0.001 -59"><span class='ocrx_word' id='word_1_190' title='bbox 197 4308 291 4369; x_wconf 94' lang='lat' dir='ltr'>non</span> <span class='ocrx_word' id='word_1_191' title='bbox 343 4306 433 4370; x_wconf 85' lang='lat' dir='ltr'>tam</span> <span class='ocrx_word' id='word_1_192' title='bbox 481 4271 613 4370; x_wconf 87' lang='lat' dir='ltr'>armis</span> <span class='ocrx_word' id='word_1_193' title='bbox 663 4272 802 4372; x_wconf 88' lang='lat' dir='ltr'>nostri</span> <span class='ocrx_word' id='word_1_194' title='bbox 836 4271 943 4372; x_wconf 90' lang='lat' dir='ltr'>ab</span> <span class='ocrx_word' id='word_1_195' title='bbox 931 4271 1103 4413; x_wconf 76' lang='lat' dir='ltr'>ingenti</span> <span class='ocrx_word' id='word_1_196' title='bbox 1153 4271 1435 4373; x_wconf 87' lang='lat' dir='ltr'>multitudine</span> <span class='ocrx_word' id='word_1_197' title='bbox 1468 4346 1485 4388; x_wconf 92' lang='lat'>,</span> <span class='ocrx_word' id='word_1_198' title='bbox 1518 4304 1654 4428; x_wconf 76' lang='lat' dir='ltr'>quarn</span> 
     </span>
     <span class='ocr_line' id='line_1_28' title="bbox 198 4407 1655 4557; baseline 0 -46"><span class='ocrx_word' id='word_1_199' title='bbox 198 4414 395 4552; x_wconf 87' lang='lat' dir='ltr'>quotidie</span> <span class='ocrx_word' id='word_1_200' title='bbox 431 4453 658 4555; x_wconf 87' lang='lat' dir='ltr'>augescere</span> <span class='ocrx_word' id='word_1_201' title='bbox 691 4454 861 4515; x_wconf 88' lang='lat' dir='ltr'>necesse</span> <span class='ocrx_word' id='word_1_202' title='bbox 896 4452 1039 4535; x_wconf 87' lang='lat' dir='ltr'>essct,</span> <span class='ocrx_word' id='word_1_203' title='bbox 1081 4454 1216 4557; x_wconf 87' lang='lat' dir='ltr'>quam</span> <span class='ocrx_word' id='word_1_204' title='bbox 1251 4409 1467 4516; x_wconf 89' lang='lat' dir='ltr'>caloribus</span> <span class='ocrx_word' id='word_1_205' title='bbox 1505 4446 1547 4511; x_wconf 88' lang='lat' dir='ltr'>et</span> <span class='ocrx_word' id='word_1_206' title='bbox 1582 4407 1655 4511; x_wconf 92' lang='lat' dir='ltr'>siti</span> 
     </span>
     <span class='ocr_line' id='line_1_29' title="bbox 198 4553 1655 4698; baseline -0.003 -42"><span class='ocrx_word' id='word_1_207' title='bbox 198 4557 545 4675; x_wconf 88' lang='lat' dir='ltr'>debellarentur,</span> <span class='ocrx_word' id='word_1_208' title='bbox 580 4559 704 4698; x_wconf 93' lang='lat' dir='ltr'>quod</span> <span class='ocrx_word' id='word_1_209' title='bbox 741 4600 812 4658; x_wconf 85' lang='lat' dir='ltr'>ea</span> <span class='ocrx_word' id='word_1_210' title='bbox 827 4559 1041 4662; x_wconf 86' lang='lat' dir='ltr'>memoria</span> <span class='ocrx_word' id='word_1_211' title='bbox 1077 4599 1124 4661; x_wconf 89' lang='lat' dir='ltr'>tn</span> <span class='ocrx_word' id='word_1_212' title='bbox 1160 4557 1316 4661; x_wconf 87' lang='lat' dir='ltr'>eadem</span> <span class='ocrx_word' id='word_1_213' title='bbox 1350 4556 1528 4698; x_wconf 89' lang='lat' dir='ltr'>regione</span> <span class='ocrx_word' id='word_1_214' title='bbox 1563 4553 1655 4653; x_wconf 91' lang='lat' dir='ltr'>Hi</span> 
     </span>
     <span class='ocr_line' id='line_1_30' title="bbox 200 4701 1657 4836; baseline 0.001 -42"><span class='ocrx_word' id='word_1_215' title='bbox 200 4701 340 4836; x_wconf 89' lang='lat' dir='ltr'>spanis</span> <span class='ocrx_word' id='word_1_216' title='bbox 376 4741 470 4800; x_wconf 91' lang='lat' dir='ltr'>non</span> <span class='ocrx_word' id='word_1_217' title='bbox 505 4703 637 4802; x_wconf 88' lang='lat' dir='ltr'>semel</span> <span class='ocrx_word' id='word_1_218' title='bbox 672 4703 923 4804; x_wconf 87' lang='lat' dir='ltr'>accidisset.</span> <span class='ocrx_word' id='word_1_219' title='bbox 961 4715 1351 4804; x_wconf 86' lang='lat' dir='ltr'>Commemoratur</span> <span class='ocrx_word' id='word_1_220' title='bbox 1381 4702 1511 4802; x_wconf 89' lang='lat' dir='ltr'>etiam</span> <span class='ocrx_word' id='word_1_221' title='bbox 1535 4731 1657 4799; x_wconf 85' lang='lat' dir='ltr'>vetus</span> 
     </span>
     <span class='ocr_line' id='line_1_31' title="bbox 199 4843 1658 4988; baseline -0.005 -43"><span class='ocrx_word' id='word_1_222' title='bbox 199 4843 418 4962; x_wconf 86' lang='lat' dir='ltr'>Ludovici</span> <span class='ocrx_word' id='word_1_223' title='bbox 453 4844 683 4948; x_wconf 87' lang='lat' dir='ltr'>Gallorum</span> <span class='ocrx_word' id='word_1_224' title='bbox 712 4845 847 4988; x_wconf 86' lang='lat' dir='ltr'>Regis</span> <span class='ocrx_word' id='word_1_225' title='bbox 876 4849 1162 4988; x_wconf 88' lang='lat' dir='ltr'>exemplum,</span> <span class='ocrx_word' id='word_1_226' title='bbox 1196 4845 1409 4986; x_wconf 78' lang='lat' dir='ltr'>quidum</span> <span class='ocrx_word' id='word_1_227' title='bbox 1433 4852 1658 4945; x_wconf 89' lang='lat' dir='ltr'>Tunetem</span> 
     </span>
    </p>
   </div>
   <div class='ocr_carea' id='block_1_3' title="bbox 1136 4992 1662 5122">
    <p class='ocr_par' dir='ltr' id='par_1_3' title="bbox 1136 4992 1662 5122">
     <span class='ocr_line' id='line_1_32' title="bbox 1136 4992 1662 5122; baseline -0.011 -26"><span class='ocrx_word' id='word_1_228' title='bbox 1136 4992 1241 5096; x_wconf 91' lang='lat' dir='ltr'>Ddd</span> <span class='ocrx_word' id='word_1_229' title='bbox 1264 5031 1288 5090; x_wconf 78' lang='grc' dir='ltr'>ι</span> <span class='ocrx_word' id='word_1_230' title='bbox 1573 5021 1662 5122; x_wconf 80' lang='lat' dir='ltr'>op·-</span> 
     </span>
    </p>
   </div>
   <div class='ocr_carea' id='block_1_4' title="bbox 0 0 2168 5986">
    <p class='ocr_par' dir='ltr' id='par_1_4' title="bbox 0 0 2168 5986">
     <span class='ocr_line' id='line_1_33' title="bbox 0 0 2168 5986; baseline 0 0"><span class='ocrx_word' id='word_1_231' title='bbox 0 0 2168 5986; x_wconf 95' lang='lat' dir='ltr'> </span> 
     </span>
    </p>
   </div>
  </div>
 </body>
</html>
