4292 5984
555 486 609 549 20
924 471 1006 552 ou
1055 471 1257 552 uuuus
1304 441 1525 554 ousrrs

507 629 564 734 ab
581 637 584 644 ’
599 668 744 750 anno,
779 667 883 732 cum
918 613 1232 774 Hispaniarum
1267 632 1508 772 Imperium
1544 628 1598 729 ad
1634 630 1781 768 ipsum
1818 626 1968 732 solum

507 776 703 878 delatum
740 811 803 876 est
816 852 832 895 ‚
869 777 948 917 qui
985 815 1146 897 annus,
1183 809 1234 877 ut
1269 774 1451 916 exposui
1487 807 1789 911 constatque,
1824 773 1970 917 trigo.

507 920 641 1024 simus
678 955 859 1021 octavus
895 953 994 1019 ante
1030 952 1182 1020 natum
1218 917 1447 1017 Christum
1483 951 1747 1020 numeratur.

578 1074 704 1171 XXI.
778 1071 927 1194 Hujus
963 1101 1071 1164 vero
1108 1060 1230 1163 vocis
1267 1067 1469 1182 AERA,
1515 1099 1656 1203 quam
1699 1093 1846 1163 noster
1886 1063 1968 1165 bi-

359 1193 364 1204 ’
506 1210 670 1326 dorus,
706 1240 857 1309 auctor
893 1207 1095 1350 alioquin
1131 1204 1448 1347 gravissimae,
1498 1238 1543 1304 et
1576 1201 1666 1306 fere
1710 1206 1876 1347 posteri
1912 1210 1971 1308 ad

506 1391 675 1459 aeream
719 1387 980 1474 monetam,
1016 1388 1059 1452 et
1106 1349 1324 1451 tributum
1359 1345 1417 1449 ab
1452 1355 1659 1492 Augusto
1694 1360 1879 1450 Caesare
1924 1353 1969 1456 in

507 1497 800 1638 descriptione
832 1496 952 1598 orbis
980 1496 1273 1638 imperatum,
1297 1487 1567 1596 referendam
1599 1489 1708 1593 falso
1722 1529 1973 1637 putarunt,

509 1643 726 1751 rationem
764 1642 910 1784 paucis
949 1635 1201 1782 explicabo.
1251 1649 1429 1740 Veteres
1466 1637 1628 1757 initio,
1674 1673 1725 1739 ut
1762 1640 1974 1780 equidem

506 1823 588 1926 pro
625 1825 857 1928 comperto
895 1823 1231 1930 persuasumque
1257 1781 1430 1902 habeo,
1461 1782 1691 1925 scripturas
1727 1782 1977 1886 claudentes

509 1965 685 2075 tempus
715 1928 917 2031 adhunc
952 1929 1141 2035 modun
1169 1924 1491 2029 adscribebant:
1530 1941 1634 2028 Acta
1659 1931 1833 2063 ficerunt
1860 1933 1976 2051 lauet,

510 2074 702 2216 exempli
745 2074 920 2216 gratia,
976 2076 1206 2190 Cordubae,
1244 2075 1374 2210 pridie
1417 2071 1625 2198 Kalendas
1674 2079 1822 2190 Maii,
1859 2114 1976 2173 annus

494 2249 594 2354 ¹erata
631 2225 802 2354 Augusti
832 2225 999 2322 Caesaris
1026 2222 1250 2316 centesimus
1283 2220 1647 2352 quinquagesimus:
1682 2213 1840 2315 deinde
1878 2216 1976 2316 bre-

509 2359 656 2464 vitatis
692 2400 817 2468 causa
853 2363 916 2462 sie
950 2358 1083 2461 verba
1120 2361 1177 2458 ad
1212 2397 1379 2462 annum
1418 2357 1679 2497 pertinentia
1718 2358 1973 2502 signabant:

515 2515 571 2606 A.
592 2516 645 2603 E.
668 2506 722 2632 R
744 2517 796 2603 A.
834 2511 938 2604 Caes.
957 2510 988 2603 C
997 2507 1055 2600 L.
1094 2501 1223 2602 initia
1259 2503 1487 2602 dumtaxat
1519 2501 1758 2606 verborum
1802 2503 1973 2643 punctis

513 2647 717 2750 distincta
766 2685 849 2786 pro
896 2645 1000 2746 totis
1036 2644 1180 2747 verbis
1223 2681 1449 2766 notantes,
1486 2647 1777 2748 vetustissimo
1814 2685 1976 2788 prope-

511 2789 706 2894 rantium
742 2827 890 2910 more,
925 2824 976 2890 ut
1012 2786 1268 2923 hujusmodi
1300 2791 1441 2890 multa
1477 2789 1525 2891 in
1562 2789 1719 2891 tabulis
1756 2791 1897 2893 aeneis
1935 2829 1977 2892 et

496 2930 732 3074 'lapidibus
768 2934 878 3035 olim
915 2933 1078 3075 scripta·
1110 2934 1211 3035 licet
1246 2934 1611 3038 animadvertere.
1649 2945 1805 3037 Postea
1841 2933 1975 3036 libra-

513 3078 682 3182 riorum
728 3078 1107 3218 tabellionumque
1155 3080 1395 3181 temeritate
1440 3117 1484 3179 et
1528 3079 1754 3182 inscientia
1808 3079 1978 3221 punctis

512 3219 702 3341 ablatis,
738 3223 870 3324 scribi
906 3223 1085 3365 coepit:
1122 3231 1225 3325 Aera
1253 3228 1344 3324 Caes
1372 3263 1390 3342 3
1427 3258 1472 3323 et
1508 3221 1565 3323 ab
1600 3224 1693 3328 aliis
1728 3225 1873 3366 tnagis
1909 3259 1975 3324 et-

513 3365 607 3470 iam·
642 3366 977 3509 properantibus
1015 3367 1179 3494 AERA
1215 3370 1465 3476 dumtaxat.
1505 3379 1614 3485 Quo
1665 3406 1809 3469 errore
1855 3367 1977 3469 latius

513 3547 712 3654 serpente
758 3510 940 3653 quaevis
985 3550 1204 3614 annorum
1249 3512 1306 3614 ab
1356 3511 1508 3654 aliquo
1554 3511 1674 3613 velut
1717 3512 1861 3655 capite
1910 3511 1979 3613 de·-

514 3655 648 3762 ducte
683 3657 830 3780 ratio,
868 3656 1064 3798 primum
1098 3656 1154 3759 ab
1190 3656 1431 3797 Hispanis,
1462 3651 1622 3757 deinde
1659 3699 1684 3757 a
1719 3657 1874 3758 ceteris
1903 3669 1981 3756 Ae·

514 3839 558 3896 ra
596 3800 744 3942 coepit
780 3803 1055 3944 nuncupari,
1091 3801 1341 3942 praesertim
1378 3800 1435 3902 ab
1472 3800 1758 3946 Astrologis,
1807 3795 1982 3902 Alfonsi

513 3945 647 4082 Regis
683 3947 1014 4048 Astronomicas
1050 3945 1263 4067 rationes,
1301 3985 1409 4088 quas
1443 3946 1612 4048 Tabulas
1647 3979 1841 4070 vocant,
1877 3945 1981 4048 imi·-

513 4083 727 4191 tantibus.
766 4099 890 4190 Nam
927 4092 1010 4234 qui
1043 4087 1224 4234 probari
1260 4125 1436 4233 potest,
1473 4087 1710 4212 homines,
1746 4127 1839 4190 non
1879 4089 1977 4190 dico

515 4231 789 4370 prudentes,
834 4233 909 4332 sed
954 4275 1111 4357 sanos,
1156 4233 1260 4338 anni
1303 4232 1547 4336 ascribendi
1591 4236 1807 4338 rationem
1855 4272 1979 4375 prae-

516 4406 581 4470 ter
611 4377 814 4482 omniurn
846 4377 1050 4519 gentium
1086 4419 1261 4482 morem
1300 4417 1343 4482 et
1378 4419 1666 4484 communem
1703 4416 1873 4480 sensum
1918 4376 1978 4474 sic

517 4515 778 4641 instituisse,
827 4525 1026 4620 utnulla
1061 4524 1110 4621 in
1146 4567 1202 4622 eo
1238 4525 1409 4622 mentio
1456 4524 1579 4622 fieret
1613 4562 1693 4623 nec
1741 4521 1846 4624 anni
1900 4559 1981 4620 nec

518 4660 668 4798 eapitis
704 4705 778 4765 seu
817 4662 1047 4806 principii,
1074 4666 1190 4764 unde
1226 4665 1333 4765 anni
1366 4660 1478 4764 ratio
1515 4693 1809 4806 repeteretur?
1844 4664 1983 4778 Quod
2130 4769 2131 4790 Ν

518 4837 670 4908 autern
698 4822 802 4913 Aera
834 4807 1028 4928 Caesaris
1065 4805 1122 4914 ab
1159 4807 1366 4916 omnibus
1402 4810 1588 4932 dicitur,
1625 4849 1720 4962 non
1750 4816 1868 4914 Aera
1890 4816 1982 4908 Au·

1897 4990 1982 5096 g...
