4294 5972
555 358 643 475 368
942 377 1027 459 DE
1072 373 1278 456 REBUS
1319 369 1540 455 GEsrrs

581 541 753 641 XXXI.
830 542 936 636 Hoc
970 572 1130 677 genere
1169 570 1342 675 pugnae
1379 523 1687 632 Mabumetani
1721 535 1969 639 Granaten·

510 725 572 786 ses
608 680 868 799 utebantur,
889 681 1005 779 unde
1041 677 1177 779 nostri
1202 678 1263 776 sic
1284 713 1480 817 pugnare
1516 672 1735 774 didicere.
1782 676 1863 776 Sed
1885 676 1966 780 hac

510 824 820 930 consuetudine
855 831 947 957 jam
985 818 1312 961 propemodum
1348 819 1514 921 abolita
1550 817 1682 959 longe
1718 815 1874 920 utilior
1906 823 1963 922 al-

510 1010 599 1073 tera
634 966 857 1085 successit,
888 965 1045 1105 equitis
1083 997 1324 1081 armatura,
1357 1001 1468 1104 quae
1502 997 1667 1102 caput,
1691 999 1880 1104 corpus,
1903 959 1965 1063 f-

510 1151 726 1254 moraque
762 1111 902 1252 tegit,
922 1105 1031 1208 item
1067 1107 1244 1222 clavae,
1263 1107 1497 1247 hastaeque
1523 1099 1670 1206 forma
1700 1141 1744 1204 er
1771 1107 1968 1210 crassitu-

512 1259 646 1377 dine,
677 1293 832 1395 parum
856 1293 881 1350 a
906 1249 1189 1392 cataphractis
1224 1249 1520 1369 abhorrente,
1548 1248 1631 1348 nisi
1663 1251 1789 1388 quod
1820 1252 1970 1352 omnia

468 1516 469 1527 p
513 1438 613 1503 sunt
649 1397 781 1538 paulo
817 1395 1005 1512 leviora,
1026 1429 1068 1494 et
1095 1433 1231 1535 equus
1256 1395 1373 1492 nulla
1400 1433 1475 1534 sua
1500 1427 1701 1532 gravatur
1728 1431 1968 1496 armatura.

512 1545 633 1645 Idem
661 1538 835 1641 habitus
860 1536 1116 1656 insidentis,
1135 1535 1285 1639 similis
1312 1535 1628 1677 congrediendi
1658 1537 1835 1639 modus.
1869 1551 1970 1660 Qua

513 1687 679 1788 ratione
714 1682 870 1786 armati
905 1682 1032 1822 pauci
1059 1679 1244 1821 quidam
1271 1679 1439 1819 equites
1476 1679 1653 1779 natione
1677 1681 1867 1799 Graeci,
1892 1682 1971 1823 qui

513 1862 667 1969 sponte
702 1865 776 1926 sua
812 1867 864 1926 ex
898 1824 1018 1925 Italia
1055 1824 1185 1964 paulo
1223 1859 1322 1963 post
1358 1820 1494 1922 classis
1532 1821 1762 1962 appulsum
1793 1833 1972 1955 trajece-

513 2009 610 2071 rant
623 2046 638 2089 ,
665 1969 798 2109 longe
826 1967 960 2066 tutius
991 2003 1035 2066 et
1063 2005 1166 2066 cum
1197 1975 1363 2096 majore
1394 1962 1592 2064 hostium
1620 1967 1813 2086 damno,
1834 2005 1971 2109 quam

512 2112 642 2214 ceteri
684 2109 877 2252 expediti
918 2108 1084 2248 equites
1126 2145 1210 2248 pro
1247 2147 1323 2208 sua
1368 2107 1584 2248 paucitate
1630 2109 1969 2252 depugnabant.

513 2257 728 2358 Hostium
780 2288 929 2352 autem
962 2250 1080 2356 ‚haec
1114 2285 1203 2351 erat
1243 2251 1289 2350 in
1332 2249 1624 2350 tumultuariis
1668 2252 1841 2391 praeliis
1887 2292 1971 2392 pu-

513 2399 681 2543 gnandi
706 2394 841 2495 ratio:
880 2393 1122 2536 praemissis
1155 2389 1378 2534 equitibus
1404 2432 1507 2493 cum
1536 2395 1766 2495 tormentis
1803 2396 1974 2497 eminus

512 2542 744 2675 jaculando
780 2569 996 2637 certarnen
1030 2535 1174 2654 inire,
1196 2535 1351 2636 nostris
1376 2571 1523 2636 autem
1546 2537 1705 2637 ordine
1726 2575 1893 2640 servato
1921 2538 1970 2639 in

513 2723 587 2785 eos
623 2674 927 2822 ingruentibus
961 2673 1086 2779 facile
1122 2679 1266 2779 multo
1303 2677 1439 2780 etiam
1474 2679 1753 2821 paucioribus
1795 2682 1973 2801 cedere,

514 2825 686 2966 longius
722 2860 859 2965 porro
894 2819 1112 2922 celeritate
1149 2858 1396 2962 equorum,
1422 2861 1535 2963 quos
1562 2817 1713 2924 Africa
1732 2821 1881 2965 gignit
1907 2863 1973 2922 ve·

515 2967 757 3070 locissimos
767 3042 782 3085 ,
803 2962 1012 3066 subtracti
1043 2964 1308 3085 consistere,
1327 3001 1371 3066 et
1401 2965 1549 3109 siquos
1577 3001 1831 3068 nostrorum
1852 2966 1973 3107 equi·-

515 3147 579 3213 tes
614 3108 783 3211 avidius
817 3109 1091 3249 insequentes
1127 3148 1176 3207 ac
1212 3107 1424 3251 dispersos
1459 3151 1486 3208 a
1523 3108 1805 3212 multitudine
1827 3149 1971 3210 remo·

516 3255 678 3356 vissent
691 3328 706 3372 ,
730 3251 844 3354 terni
880 3288 923 3352 et
960 3251 1194 3393 quaterni,
1212 3287 1256 3352 et
1292 3289 1417 3392 saepe
1442 3253 1583 3392 plures
1611 3254 1658 3353 in
1684 3253 1878 3394 singulos
1904 3290 1970 3352 te-

517 3393 647 3516 ferri,
669 3434 720 3494 ac
753 3395 1078 3495 circumventos
1114 3395 1362 3496 concidere.
1400 3401 1523 3498 Tum
1556 3395 1593 3500 si
1617 3388 1806 3497 conferti
1831 3395 1972 3498 nostri

517 3536 813 3643 laborantibus
849 3536 1043 3637 subsidio
1081 3539 1408 3678 processissent,
1445 3575 1585 3640 rursus
1619 3539 1817 3640 cedentes
1853 3540 1976 3682 ipso-

518 3723 617 3787 rum
653 3681 869 3821 impetum
906 3678 1231 3822 periculumque
1266 3678 1496 3782 vitabant.
1542 3691 1652 3803 Quo
1688 3721 1844 3824 genere
1889 3721 1977 3823 pu-

396 3951 404 3966 ·
521 3867 633 3970 gnae
667 3823 744 3926 ubi
775 3826 955 3925 Carolus
985 3863 1168 3947 suorum
1199 3824 1406 3926 virtutem
1437 3859 1532 3928 astu
1561 3824 1681 3926 eludi
1715 3827 1979 3929 animadver-

521 3972 606 4088 tit,
629 4003 877 4072 nostrorum
897 4003 1106 4069 conatum
1127 3962 1353 4070 frustrante
1380 3966 1608 4070 hostilium
1641 4007 1861 4112 equorum
1890 4009 1978 4112 per·

519 4111 724 4231 nicitate,
745 4110 893 4212 statuit
912 4111 1113 4252 deinceps
1131 4108 1291 4213 talibus
1311 4110 1477 4254 praeliis
1495 4111 1730 4237 abstinere,
1750 4153 1802 4214 ac
1821 4114 1978 4255 nequis

520 4257 685 4390 injussu
719 4295 800 4355 suo
819 4253 1056 4397 praeliandi
1080 4253 1216 4396 gratia
1243 4255 1432 4356 ecastris
1451 4257 1708 4377 excederet,
1729 4257 1974 4362 interdicitt

521 4438 667 4538 eoque
687 4398 852 4540 magis,
871 4397 996 4539 quod
1017 4396 1291 4539 intelligebat
1316 4397 1459 4499 hostes
1477 4401 1523 4502 id
1552 4439 1702 4543 agere,
1727 4437 1777 4502 ut
1810 4437 1974 4504 nostros

522 4539 613 4643 sine
631 4540 953 4642 intermissione
981 4541 1252 4661 territando,
1269 4542 1638 4685 continenterque
1659 4545 1918 4646 solicitando
1944 4579 1975 4640 a

523 4684 690 4825 reliqua
722 4682 827 4787 belli
849 4684 1031 4830 gerendi
1054 4682 1253 4795 curabis
1273 4685 1433 4831 pugnis
1456 4688 1645 4796 intentos
1672 4723 1716 4794 et
1740 4719 1977 4831 occupatos

525 4861 798 4936 averterent.
