<?xml version="1.0" encoding="UTF-8"?>
<!DOCTYPE html PUBLIC "-//W3C//DTD XHTML 1.0 Transitional//EN"
    "http://www.w3.org/TR/xhtml1/DTD/xhtml1-transitional.dtd">
<html xmlns="http://www.w3.org/1999/xhtml" xml:lang="en" lang="en">
 <head>
  <title>
</title>
<meta http-equiv="Content-Type" content="text/html;charset=utf-8" />
  <meta name='ocr-system' content='tesseract 3.04.00' />
  <meta name='ocr-capabilities' content='ocr_page ocr_carea ocr_par ocr_line ocrx_word'/>
</head>
<body>
  <div class='ocr_page' id='page_1' title='image "./joannisgenesiis02sepgoog_0408.png"; bbox 0 0 4294 5984; ppageno 0'>
   <div class='ocr_carea' id='block_1_1' title="bbox 567 370 1548 536">
    <p class='ocr_par' dir='ltr' id='par_1_1' title="bbox 567 370 1548 536">
     <span class='ocr_line' id='line_1_1' title="bbox 567 370 1548 536; baseline -0.002 -22"><span class='ocrx_word' id='word_1_1' title='bbox 567 423 651 536; x_wconf 77' lang='lat'><strong>164</strong></span> <span class='ocrx_word' id='word_1_2' title='bbox 895 370 898 375; x_wconf 44' lang='grc'><strong>’</strong></span> <span class='ocrx_word' id='word_1_3' title='bbox 955 435 1037 516; x_wconf 78' lang='lat' dir='ltr'><strong>nu</strong></span> <span class='ocrx_word' id='word_1_4' title='bbox 1078 433 1278 516; x_wconf 79' lang='lat' dir='ltr'><strong>nunus</strong></span> <span class='ocrx_word' id='word_1_5' title='bbox 1325 383 1548 515; x_wconf 74' lang='lat' dir='ltr'><strong>cusiis</strong></span> 
     </span>
    </p>
   </div>
   <div class='ocr_carea' id='block_1_2' title="bbox 501 579 1992 5020">
    <p class='ocr_par' dir='ltr' id='par_1_2' title="bbox 501 579 1992 5020">
     <span class='ocr_line' id='line_1_2' title="bbox 518 579 1992 732; baseline -0.003 -35"><span class='ocrx_word' id='word_1_6' title='bbox 518 673 549 721; x_wconf 93' lang='lat'><strong>„</strong></span> <span class='ocrx_word' id='word_1_7' title='bbox 565 594 664 696; x_wconf 87' lang='lat' dir='ltr'><strong>titia</strong></span> <span class='ocrx_word' id='word_1_8' title='bbox 713 579 909 697; x_wconf 83' lang='lat' dir='ltr'><strong>volentes</strong></span> <span class='ocrx_word' id='word_1_9' title='bbox 958 591 1244 712; x_wconf 89' lang='lat' dir='ltr'><strong>amitteretis,</strong></span> <span class='ocrx_word' id='word_1_10' title='bbox 1293 589 1535 732; x_wconf 84' lang='lat' dir='ltr'><strong>turpissime</strong></span> <span class='ocrx_word' id='word_1_11' title='bbox 1586 581 1763 709; x_wconf 89' lang='lat' dir='ltr'><strong>socios,</strong></span> <span class='ocrx_word' id='word_1_12' title='bbox 1813 623 1861 690; x_wconf 87' lang='lat' dir='ltr'><strong>et</strong></span> <span class='ocrx_word' id='word_1_13' title='bbox 1901 600 1992 702; x_wconf 60' lang='lat' dir='ltr'><strong>Iria</strong></span> 
     </span>
     <span class='ocr_line' id='line_1_3' title="bbox 520 734 1985 879; baseline 0.001 -39"><span class='ocrx_word' id='word_1_14' title='bbox 520 819 551 862; x_wconf 93' lang='lat'>„</span> <span class='ocrx_word' id='word_1_15' title='bbox 568 742 674 841; x_wconf 89' lang='lat' dir='ltr'><strong>liam</strong></span> <span class='ocrx_word' id='word_1_16' title='bbox 710 737 909 841; x_wconf 86' lang='lat' dir='ltr'>hostibus</span> <span class='ocrx_word' id='word_1_17' title='bbox 945 774 1083 842; x_wconf 85' lang='lat' dir='ltr'><strong>vestra</strong></span> <span class='ocrx_word' id='word_1_18' title='bbox 1118 735 1399 837; x_wconf 83' lang='lat' dir='ltr'>cunctatione</span> <span class='ocrx_word' id='word_1_19' title='bbox 1447 734 1718 879; x_wconf 86' lang='lat' dir='ltr'>prodentes,</span> <span class='ocrx_word' id='word_1_20' title='bbox 1761 773 1880 876; x_wconf 88' lang='lat' dir='ltr'><strong>quae</strong></span> <span class='ocrx_word' id='word_1_21' title='bbox 1922 779 1985 842; x_wconf 91' lang='lat' dir='ltr'><strong>res</strong></span> 
     </span>
     <span class='ocr_line' id='line_1_4' title="bbox 520 879 1982 1029; baseline 0.003 -45"><span class='ocrx_word' id='word_1_22' title='bbox 520 886 820 1029; x_wconf 90' lang='lat' dir='ltr'><strong>„longissime</strong></span> <span class='ocrx_word' id='word_1_23' title='bbox 855 925 882 985; x_wconf 91' lang='lat' dir='ltr'><strong>a</strong></span> <span class='ocrx_word' id='word_1_24' title='bbox 917 918 1055 989; x_wconf 88' lang='lat' dir='ltr'><strong>vestra</strong></span> <span class='ocrx_word' id='word_1_25' title='bbox 1091 918 1277 1002; x_wconf 88' lang='lat' dir='ltr'><strong>natura,</strong></span> <span class='ocrx_word' id='word_1_26' title='bbox 1313 879 1662 1006; x_wconf 90' lang='lat' dir='ltr'><strong>consuetudine,</strong></span> <span class='ocrx_word' id='word_1_27' title='bbox 1698 913 1742 981; x_wconf 91' lang='lat' dir='ltr'><strong>et</strong></span> <span class='ocrx_word' id='word_1_28' title='bbox 1778 879 1982 988; x_wconf 89' lang='lat' dir='ltr'><strong>instituto</strong></span> 
     </span>
     <span class='ocr_line' id='line_1_5' title="bbox 522 1029 787 1153; baseline 0.008 -25"><span class='ocrx_word' id='word_1_29' title='bbox 522 1107 554 1153; x_wconf 90' lang='lat'><em>„</em></span> <span class='ocrx_word' id='word_1_30' title='bbox 569 1029 736 1130; x_wconf 88' lang='lat' dir='ltr'><strong>absunt.</strong></span> <span class='ocrx_word' id='word_1_31' title='bbox 754 1043 787 1092; x_wconf 77' lang='lat'><strong>‘⁶</strong></span> 
     </span>
     <span class='ocr_line' id='line_1_6' title="bbox 522 1165 1978 1314; baseline 0.003 -40"><span class='ocrx_word' id='word_1_32' title='bbox 522 1165 528 1173; x_wconf 36' lang='lat'>⁵</span> <span class='ocrx_word' id='word_1_33' title='bbox 575 1183 726 1275; x_wconf 89' lang='lat' dir='ltr'><strong>XXV.</strong></span> <span class='ocrx_word' id='word_1_34' title='bbox 786 1168 885 1275; x_wconf 84' lang='lat' dir='ltr'><strong>Hac</strong></span> <span class='ocrx_word' id='word_1_35' title='bbox 920 1171 1123 1278; x_wconf 89' lang='lat' dir='ltr'><strong>oratione</strong></span> <span class='ocrx_word' id='word_1_36' title='bbox 1160 1171 1339 1292; x_wconf 89' lang='lat' dir='ltr'><strong>habita,</strong></span> <span class='ocrx_word' id='word_1_37' title='bbox 1375 1173 1529 1275; x_wconf 84' lang='lat' dir='ltr'><strong>alacres</strong></span> <span class='ocrx_word' id='word_1_38' title='bbox 1565 1165 1790 1314; x_wconf 78' lang='lat' dir='ltr'><strong>Hispani,</strong></span> <span class='ocrx_word' id='word_1_39' title='bbox 1827 1208 1875 1272; x_wconf 91' lang='lat' dir='ltr'><strong>et</strong></span> <span class='ocrx_word' id='word_1_40' title='bbox 1909 1211 1978 1286; x_wconf 74' lang='lat' dir='ltr'><strong>cta-2</strong></span> 
     </span>
     <span class='ocr_line' id='line_1_7' title="bbox 518 1311 1976 1462; baseline 0.002 -46"><span class='ocrx_word' id='word_1_41' title='bbox 518 1311 616 1459; x_wconf 88' lang='lat' dir='ltr'><strong>pidi</strong></span> <span class='ocrx_word' id='word_1_42' title='bbox 653 1318 756 1418; x_wconf 94' lang='lat' dir='ltr'><strong>belli</strong></span> <span class='ocrx_word' id='word_1_43' title='bbox 792 1322 1006 1462; x_wconf 90' lang='lat' dir='ltr'><strong>gerendi,</strong></span> <span class='ocrx_word' id='word_1_44' title='bbox 1044 1357 1220 1461; x_wconf 85' lang='lat' dir='ltr'><strong>operam</strong></span> <span class='ocrx_word' id='word_1_45' title='bbox 1256 1357 1378 1421; x_wconf 90' lang='lat' dir='ltr'><strong>suam</strong></span> <span class='ocrx_word' id='word_1_46' title='bbox 1414 1314 1646 1418; x_wconf 86' lang='lat' dir='ltr'><strong>liberaliter</strong></span> <span class='ocrx_word' id='word_1_47' title='bbox 1684 1313 1976 1455; x_wconf 87' lang='lat' dir='ltr'><strong>pollicentur,</strong></span> 
     </span>
     <span class='ocr_line' id='line_1_8' title="bbox 520 1460 1976 1605; baseline 0.003 -45"><span class='ocrx_word' id='word_1_48' title='bbox 520 1501 652 1604; x_wconf 91' lang='lat' dir='ltr'><strong>seque</strong></span> <span class='ocrx_word' id='word_1_49' title='bbox 688 1464 880 1565; x_wconf 90' lang='lat' dir='ltr'><strong>solidum</strong></span> <span class='ocrx_word' id='word_1_50' title='bbox 922 1503 1115 1569; x_wconf 91' lang='lat' dir='ltr'><strong>mensem</strong></span> <span class='ocrx_word' id='word_1_51' title='bbox 1156 1503 1299 1605; x_wconf 91' lang='lat' dir='ltr'><strong>aequo</strong></span> <span class='ocrx_word' id='word_1_52' title='bbox 1336 1462 1486 1562; x_wconf 91' lang='lat' dir='ltr'><strong>animo</strong></span> <span class='ocrx_word' id='word_1_53' title='bbox 1524 1460 1792 1601; x_wconf 89' lang='lat' dir='ltr'><strong>stipendium</strong></span> <span class='ocrx_word' id='word_1_54' title='bbox 1829 1501 1901 1562; x_wconf 84' lang='lat' dir='ltr'><strong>exs</strong></span> <span class='ocrx_word' id='word_1_55' title='bbox 1931 1506 1976 1565; x_wconf 89' lang='lat' dir='ltr'><strong>e·</strong></span> 
     </span>
     <span class='ocr_line' id='line_1_9' title="bbox 519 1503 1975 1713; baseline 0.003 -7"><span class='ocrx_word' id='word_1_56' title='bbox 519 1641 704 1708; x_wconf 93' lang='lat' dir='ltr'><strong>ctaruros</strong></span> <span class='ocrx_word' id='word_1_57' title='bbox 740 1609 1035 1713; x_wconf 87' lang='lat' dir='ltr'><strong>confirmant.</strong></span> <span class='ocrx_word' id='word_1_58' title='bbox 1111 1613 1235 1708; x_wconf 89' lang='lat' dir='ltr'><strong>Tum</strong></span> <span class='ocrx_word' id='word_1_59' title='bbox 1269 1645 1374 1707; x_wconf 92' lang='lat' dir='ltr'><strong>cum</strong></span> <span class='ocrx_word' id='word_1_60' title='bbox 1416 1604 1642 1708; x_wconf 90' lang='lat' dir='ltr'><strong>Germanis</strong></span> <span class='ocrx_word' id='word_1_61' title='bbox 1687 1605 1851 1707; x_wconf 89' lang='lat' dir='ltr'><strong>eodem</strong></span> <span class='ocrx_word' id='word_1_62' title='bbox 1893 1503 1975 1710; x_wconf 72' lang='lat' dir='ltr'><strong>lire</strong></span> 
     </span>
     <span class='ocr_line' id='line_1_10' title="bbox 515 1744 1973 1896; baseline 0.002 -45"><span class='ocrx_word' id='word_1_63' title='bbox 515 1753 658 1853; x_wconf 91' lang='lat' dir='ltr'><strong>modo</strong></span> <span class='ocrx_word' id='word_1_64' title='bbox 700 1789 845 1855; x_wconf 92' lang='lat' dir='ltr'><strong>actum</strong></span> <span class='ocrx_word' id='word_1_65' title='bbox 886 1794 961 1896; x_wconf 90' lang='lat' dir='ltr'><strong>per</strong></span> <span class='ocrx_word' id='word_1_66' title='bbox 1006 1752 1249 1894; x_wconf 85' lang='lat' dir='ltr'><strong>Georgium</strong></span> <span class='ocrx_word' id='word_1_67' title='bbox 1292 1788 1447 1852; x_wconf 92' lang='lat' dir='ltr'><strong>eorum</strong></span> <span class='ocrx_word' id='word_1_68' title='bbox 1491 1744 1795 1893; x_wconf 86' lang='lat' dir='ltr'><strong>praefectum,</strong></span> <span class='ocrx_word' id='word_1_69' title='bbox 1837 1783 1880 1852; x_wconf 92' lang='lat' dir='ltr'><strong>et</strong></span> <span class='ocrx_word' id='word_1_70' title='bbox 1919 1752 1973 1854; x_wconf 89' lang='lat' dir='ltr'><strong>ab</strong></span> 
     </span>
     <span class='ocr_line' id='line_1_11' title="bbox 517 1894 1971 2038; baseline 0.002 -46"><span class='ocrx_word' id='word_1_71' title='bbox 517 1895 605 2015; x_wconf 90' lang='lat' dir='ltr'><strong>eis,</strong></span> <span class='ocrx_word' id='word_1_72' title='bbox 637 1896 941 2037; x_wconf 84' lang='lat' dir='ltr'><strong>Hispanorum</strong></span> <span class='ocrx_word' id='word_1_73' title='bbox 965 1897 1167 2038; x_wconf 87' lang='lat' dir='ltr'><strong>exemplo</strong></span> <span class='ocrx_word' id='word_1_74' title='bbox 1203 1896 1444 2036; x_wconf 89' lang='lat' dir='ltr'><strong>permotis,</strong></span> <span class='ocrx_word' id='word_1_75' title='bbox 1473 1894 1794 2036; x_wconf 89' lang='lat' dir='ltr'><strong>impetratum,</strong></span> <span class='ocrx_word' id='word_1_76' title='bbox 1824 1929 1872 1995; x_wconf 93' lang='lat' dir='ltr'><strong>ut</strong></span> <span class='ocrx_word' id='word_1_77' title='bbox 1895 1897 1971 1996; x_wconf 87' lang='lat' dir='ltr'><strong>sti-</strong></span> 
     </span>
     <span class='ocr_line' id='line_1_12' title="bbox 516 2037 1971 2180; baseline 0.003 -43"><span class='ocrx_word' id='word_1_78' title='bbox 516 2039 672 2178; x_wconf 89' lang='lat' dir='ltr'><strong>pendii</strong></span> <span class='ocrx_word' id='word_1_79' title='bbox 711 2043 944 2142; x_wconf 88' lang='lat' dir='ltr'><strong>medietate</strong></span> <span class='ocrx_word' id='word_1_80' title='bbox 980 2042 1035 2142; x_wconf 91' lang='lat' dir='ltr'><strong>ad</strong></span> <span class='ocrx_word' id='word_1_81' title='bbox 1070 2077 1267 2180; x_wconf 90' lang='lat' dir='ltr'><strong>praesens</strong></span> <span class='ocrx_word' id='word_1_82' title='bbox 1303 2041 1501 2140; x_wconf 89' lang='lat' dir='ltr'><strong>contenti</strong></span> <span class='ocrx_word' id='word_1_83' title='bbox 1537 2037 1701 2142; x_wconf 88' lang='lat' dir='ltr'><strong>bellum</strong></span> <span class='ocrx_word' id='word_1_84' title='bbox 1735 2079 1884 2180; x_wconf 85' lang='lat' dir='ltr'><strong>gerere</strong></span> <span class='ocrx_word' id='word_1_85' title='bbox 1918 2080 1971 2141; x_wconf 90' lang='lat' dir='ltr'><strong>ne</strong></span> 
     </span>
     <span class='ocr_line' id='line_1_13' title="bbox 515 2181 1970 2326; baseline 0.002 -45"><span class='ocrx_word' id='word_1_86' title='bbox 515 2219 829 2323; x_wconf 87' lang='lat' dir='ltr'><strong>gravarentur.</strong></span> <span class='ocrx_word' id='word_1_87' title='bbox 869 2185 1047 2326; x_wconf 91' lang='lat' dir='ltr'><strong>Equites</strong></span> <span class='ocrx_word' id='word_1_88' title='bbox 1084 2224 1297 2326; x_wconf 88' lang='lat' dir='ltr'><strong>quoque,</strong></span> <span class='ocrx_word' id='word_1_89' title='bbox 1333 2224 1384 2286; x_wconf 91' lang='lat' dir='ltr'><strong>ut</strong></span> <span class='ocrx_word' id='word_1_90' title='bbox 1421 2181 1562 2284; x_wconf 89' lang='lat' dir='ltr'><strong>debiti</strong></span> <span class='ocrx_word' id='word_1_91' title='bbox 1603 2183 1809 2325; x_wconf 88' lang='lat' dir='ltr'><strong>stipendii</strong></span> <span class='ocrx_word' id='word_1_92' title='bbox 1851 2225 1970 2285; x_wconf 90' lang='lat' dir='ltr'><strong>acce-</strong></span> 
     </span>
     <span class='ocr_line' id='line_1_14' title="bbox 514 2323 1971 2472; baseline 0.001 -46"><span class='ocrx_word' id='word_1_93' title='bbox 514 2363 593 2465; x_wconf 87' lang='lat' dir='ltr'><strong>pta</strong></span> <span class='ocrx_word' id='word_1_94' title='bbox 630 2366 747 2468; x_wconf 90' lang='lat' dir='ltr'><strong>parte</strong></span> <span class='ocrx_word' id='word_1_95' title='bbox 783 2371 834 2428; x_wconf 89' lang='lat' dir='ltr'><strong>ex</strong></span> <span class='ocrx_word' id='word_1_96' title='bbox 871 2327 1076 2466; x_wconf 90' lang='lat' dir='ltr'><strong>hybernis</strong></span> <span class='ocrx_word' id='word_1_97' title='bbox 1111 2331 1167 2428; x_wconf 87' lang='lat' dir='ltr'><strong>ad</strong></span> <span class='ocrx_word' id='word_1_98' title='bbox 1204 2330 1326 2472; x_wconf 91' lang='lat' dir='ltr'><strong>signa</strong></span> <span class='ocrx_word' id='word_1_99' title='bbox 1369 2327 1683 2448; x_wconf 89' lang='lat' dir='ltr'><strong>convenirent,</strong></span> <span class='ocrx_word' id='word_1_100' title='bbox 1725 2326 1844 2428; x_wconf 88' lang='lat' dir='ltr'><strong>haud</strong></span> <span class='ocrx_word' id='word_1_101' title='bbox 1883 2323 1971 2428; x_wconf 85' lang='lat' dir='ltr'><strong>dif-</strong></span> 
     </span>
     <span class='ocr_line' id='line_1_15' title="bbox 514 2465 1971 2613; baseline 0.003 -46"><span class='ocrx_word' id='word_1_102' title='bbox 514 2465 683 2572; x_wconf 89' lang='lat' dir='ltr'><strong>ficulter</strong></span> <span class='ocrx_word' id='word_1_103' title='bbox 721 2508 978 2574; x_wconf 89' lang='lat' dir='ltr'><strong>exorantur.</strong></span> <span class='ocrx_word' id='word_1_104' title='bbox 1016 2472 1173 2611; x_wconf 89' lang='lat' dir='ltr'><strong>Copiis</strong></span> <span class='ocrx_word' id='word_1_105' title='bbox 1208 2473 1255 2572; x_wconf 92' lang='lat' dir='ltr'><strong>in</strong></span> <span class='ocrx_word' id='word_1_106' title='bbox 1290 2512 1429 2574; x_wconf 90' lang='lat' dir='ltr'><strong>unum</strong></span> <span class='ocrx_word' id='word_1_107' title='bbox 1465 2469 1658 2592; x_wconf 77' lang='lat' dir='ltr'><strong>coactis,</strong></span> <span class='ocrx_word' id='word_1_108' title='bbox 1692 2472 1885 2613; x_wconf 90' lang='lat' dir='ltr'><strong>primum</strong></span> <span class='ocrx_word' id='word_1_109' title='bbox 1920 2515 1971 2572; x_wconf 81' lang='lat' dir='ltr'><strong>o-</strong></span> 
     </span>
     <span class='ocr_line' id='line_1_16' title="bbox 513 2615 1970 2760; baseline 0.002 -47"><span class='ocrx_word' id='word_1_110' title='bbox 513 2618 690 2716; x_wconf 91' lang='lat' dir='ltr'><strong>mnium</strong></span> <span class='ocrx_word' id='word_1_111' title='bbox 725 2632 929 2716; x_wconf 91' lang='lat' dir='ltr'><strong>Sanctum</strong></span> <span class='ocrx_word' id='word_1_112' title='bbox 966 2615 1188 2758; x_wconf 86' lang='lat' dir='ltr'><strong>Angelum</strong></span> <span class='ocrx_word' id='word_1_113' title='bbox 1224 2655 1480 2760; x_wconf 87' lang='lat' dir='ltr'><strong>oppugnare</strong></span> <span class='ocrx_word' id='word_1_114' title='bbox 1515 2617 1691 2757; x_wconf 89' lang='lat' dir='ltr'><strong>placet,</strong></span> <span class='ocrx_word' id='word_1_115' title='bbox 1732 2617 1855 2756; x_wconf 90' lang='lat' dir='ltr'><strong>quod</strong></span> <span class='ocrx_word' id='word_1_116' title='bbox 1899 2657 1970 2716; x_wconf 81' lang='lat' dir='ltr'><strong>ca-</strong></span> 
     </span>
     <span class='ocr_line' id='line_1_17' title="bbox 514 2755 1969 2900; baseline 0.001 -40"><span class='ocrx_word' id='word_1_117' title='bbox 514 2761 688 2860; x_wconf 89' lang='lat' dir='ltr'><strong>stellum</strong></span> <span class='ocrx_word' id='word_1_118' title='bbox 721 2761 872 2860; x_wconf 91' lang='lat' dir='ltr'><strong>medio</strong></span> <span class='ocrx_word' id='word_1_119' title='bbox 918 2755 1055 2860; x_wconf 88' lang='lat' dir='ltr'><strong>ferme</strong></span> <span class='ocrx_word' id='word_1_120' title='bbox 1097 2760 1237 2900; x_wconf 91' lang='lat' dir='ltr'><strong>spatio</strong></span> <span class='ocrx_word' id='word_1_121' title='bbox 1281 2763 1393 2861; x_wconf 92' lang='lat' dir='ltr'><strong>inter</strong></span> <span class='ocrx_word' id='word_1_122' title='bbox 1435 2761 1663 2879; x_wconf 87' lang='lat' dir='ltr'><strong>Laudem,</strong></span> <span class='ocrx_word' id='word_1_123' title='bbox 1707 2797 1750 2859; x_wconf 88' lang='lat' dir='ltr'><strong>et</strong></span> <span class='ocrx_word' id='word_1_124' title='bbox 1791 2759 1969 2899; x_wconf 89' lang='lat' dir='ltr'><strong>Papiam</strong></span> 
     </span>
     <span class='ocr_line' id='line_1_18' title="bbox 514 2903 1967 3047; baseline 0.003 -45"><span class='ocrx_word' id='word_1_125' title='bbox 514 2904 650 3004; x_wconf 87' lang='lat' dir='ltr'><strong>situm</strong></span> <span class='ocrx_word' id='word_1_126' title='bbox 664 2982 678 3025; x_wconf 93' lang='lat'><strong>,</strong></span> <span class='ocrx_word' id='word_1_127' title='bbox 706 2943 731 3001; x_wconf 91' lang='lat' dir='ltr'><strong>a</strong></span> <span class='ocrx_word' id='word_1_128' title='bbox 758 2903 924 3040; x_wconf 90' lang='lat' dir='ltr'><strong>Pyrrho</strong></span> <span class='ocrx_word' id='word_1_129' title='bbox 953 2917 1164 3046; x_wconf 87' lang='lat' dir='ltr'><strong>Gonzaga</strong></span> <span class='ocrx_word' id='word_1_130' title='bbox 1200 2944 1302 3004; x_wconf 92' lang='lat' dir='ltr'><strong>cum</strong></span> <span class='ocrx_word' id='word_1_131' title='bbox 1337 2905 1555 3047; x_wconf 91' lang='lat' dir='ltr'><strong>praesidio</strong></span> <span class='ocrx_word' id='word_1_132' title='bbox 1583 2903 1735 3005; x_wconf 91' lang='lat' dir='ltr'><strong>Italico</strong></span> <span class='ocrx_word' id='word_1_133' title='bbox 1771 2904 1967 3046; x_wconf 87' lang='lat' dir='ltr'><strong>peditum</strong></span> 
     </span>
     <span class='ocr_line' id='line_1_19' title="bbox 515 3048 1964 3190; baseline 0 -42"><span class='ocrx_word' id='word_1_134' title='bbox 515 3050 906 3190; x_wconf 89' lang='lat' dir='ltr'><strong>octingentorum,</strong></span> <span class='ocrx_word' id='word_1_135' title='bbox 948 3083 990 3148; x_wconf 91' lang='lat' dir='ltr'><strong>et</strong></span> <span class='ocrx_word' id='word_1_136' title='bbox 1032 3050 1320 3150; x_wconf 89' lang='lat' dir='ltr'><strong>ducentorum</strong></span> <span class='ocrx_word' id='word_1_137' title='bbox 1364 3050 1567 3190; x_wconf 90' lang='lat' dir='ltr'><strong>equitum</strong></span> <span class='ocrx_word' id='word_1_138' title='bbox 1607 3048 1743 3188; x_wconf 88' lang='lat' dir='ltr'><strong>Regis</strong></span> <span class='ocrx_word' id='word_1_139' title='bbox 1794 3049 1964 3150; x_wconf 90' lang='lat' dir='ltr'><strong>nomine</strong></span> 
     </span>
     <span class='ocr_line' id='line_1_20' title="bbox 512 3190 1973 3334; baseline -0.003 -44"><span class='ocrx_word' id='word_1_140' title='bbox 512 3191 767 3314; x_wconf 91' lang='lat' dir='ltr'><strong>tenebatur,</strong></span> <span class='ocrx_word' id='word_1_141' title='bbox 814 3196 1094 3334; x_wconf 91' lang='lat' dir='ltr'><strong>multumque</strong></span> <span class='ocrx_word' id='word_1_142' title='bbox 1137 3194 1456 3296; x_wconf 86' lang='lat' dir='ltr'><strong>commeatibus</strong></span> <span class='ocrx_word' id='word_1_143' title='bbox 1501 3193 1547 3294; x_wconf 92' lang='lat' dir='ltr'><strong>in</strong></span> <span class='ocrx_word' id='word_1_144' title='bbox 1593 3190 1852 3294; x_wconf 86' lang='lat' dir='ltr'><strong>Caesariana</strong></span> <span class='ocrx_word' id='word_1_145' title='bbox 1893 3233 1973 3292; x_wconf 90' lang='lat' dir='ltr'><strong>ca-.</strong></span> 
     </span>
     <span class='ocr_line' id='line_1_21' title="bbox 512 3335 1966 3479; baseline -0.002 -42"><span class='ocrx_word' id='word_1_146' title='bbox 512 3375 627 3454; x_wconf 91' lang='lat' dir='ltr'><strong>stra,</strong></span> <span class='ocrx_word' id='word_1_147' title='bbox 662 3339 946 3478; x_wconf 90' lang='lat' dir='ltr'><strong>Laudemque</strong></span> <span class='ocrx_word' id='word_1_148' title='bbox 982 3338 1309 3479; x_wconf 89' lang='lat' dir='ltr'><strong>comportandis</strong></span> <span class='ocrx_word' id='word_1_149' title='bbox 1344 3335 1576 3439; x_wconf 89' lang='lat' dir='ltr'><strong>obstabat.</strong></span> <span class='ocrx_word' id='word_1_150' title='bbox 1614 3347 1787 3476; x_wconf 86' lang='lat' dir='ltr'><strong>Coepta</strong></span> <span class='ocrx_word' id='word_1_151' title='bbox 1822 3375 1966 3478; x_wconf 88' lang='lat' dir='ltr'><strong>oppu-</strong></span> 
     </span>
     <span class='ocr_line' id='line_1_22' title="bbox 512 3480 1966 3623; baseline 0.001 -45"><span class='ocrx_word' id='word_1_152' title='bbox 512 3481 762 3621; x_wconf 86' lang='lat' dir='ltr'><strong>gnatione,</strong></span> <span class='ocrx_word' id='word_1_153' title='bbox 799 3521 1084 3623; x_wconf 88' lang='lat' dir='ltr'><strong>posteaquam</strong></span> <span class='ocrx_word' id='word_1_154' title='bbox 1126 3482 1389 3602; x_wconf 91' lang='lat' dir='ltr'><strong>tormentis,</strong></span> <span class='ocrx_word' id='word_1_155' title='bbox 1431 3519 1474 3582; x_wconf 92' lang='lat' dir='ltr'><strong>et</strong></span> <span class='ocrx_word' id='word_1_156' title='bbox 1517 3480 1747 3621; x_wconf 89' lang='lat' dir='ltr'><strong>scloppetis</strong></span> <span class='ocrx_word' id='word_1_157' title='bbox 1793 3518 1966 3581; x_wconf 91' lang='lat' dir='ltr'><strong>murum</strong></span> 
     </span>
     <span class='ocr_line' id='line_1_23' title="bbox 511 3621 1966 3769; baseline 0 -45"><span class='ocrx_word' id='word_1_158' title='bbox 511 3621 813 3726; x_wconf 88' lang='lat' dir='ltr'><strong>defensoribus</strong></span> <span class='ocrx_word' id='word_1_159' title='bbox 848 3627 1146 3745; x_wconf 90' lang='lat' dir='ltr'><strong>nudaverant,</strong></span> <span class='ocrx_word' id='word_1_160' title='bbox 1183 3664 1315 3769; x_wconf 91' lang='lat' dir='ltr'><strong>atque</strong></span> <span class='ocrx_word' id='word_1_161' title='bbox 1350 3623 1525 3728; x_wconf 89' lang='lat' dir='ltr'><strong>bostem</strong></span> <span class='ocrx_word' id='word_1_162' title='bbox 1552 3623 1823 3765; x_wconf 86' lang='lat' dir='ltr'><strong>repulerant,</strong></span> <span class='ocrx_word' id='word_1_163' title='bbox 1854 3633 1966 3724; x_wconf 82' lang='lat' dir='ltr'><strong>Mat·</strong></span> 
     </span>
     <span class='ocr_line' id='line_1_24' title="bbox 510 3765 1964 3909; baseline 0.001 -42"><span class='ocrx_word' id='word_1_164' title='bbox 510 3767 610 3869; x_wconf 90' lang='lat' dir='ltr'><strong>chio</strong></span> <span class='ocrx_word' id='word_1_165' title='bbox 652 3765 892 3890; x_wconf 78' lang='lat' dir='ltr'><strong>Piscariae„</strong></span> <span class='ocrx_word' id='word_1_166' title='bbox 938 3768 995 3870; x_wconf 91' lang='lat' dir='ltr'><strong>ab</strong></span> <span class='ocrx_word' id='word_1_167' title='bbox 1039 3771 1244 3909; x_wconf 91' lang='lat' dir='ltr'><strong>Hispano</strong></span> <span class='ocrx_word' id='word_1_168' title='bbox 1287 3769 1541 3873; x_wconf 88' lang='lat' dir='ltr'><strong>centurione</strong></span> <span class='ocrx_word' id='word_1_169' title='bbox 1583 3767 1859 3887; x_wconf 88' lang='lat' dir='ltr'><strong>sublevatus,</strong></span> <span class='ocrx_word' id='word_1_170' title='bbox 1904 3809 1964 3868; x_wconf 84' lang='lat' dir='ltr'><strong>se·</strong></span> 
     </span>
     <span class='ocr_line' id='line_1_25' title="bbox 514 3914 1979 4054; baseline 0.001 -44"><span class='ocrx_word' id='word_1_171' title='bbox 514 3915 679 4012; x_wconf 91' lang='lat' dir='ltr'><strong>cundus</strong></span> <span class='ocrx_word' id='word_1_172' title='bbox 717 3951 817 4053; x_wconf 88' lang='lat' dir='ltr'><strong>post</strong></span> <span class='ocrx_word' id='word_1_173' title='bbox 855 3954 958 4015; x_wconf 93' lang='lat' dir='ltr'><strong>eum</strong></span> <span class='ocrx_word' id='word_1_174' title='bbox 995 3948 1038 4014; x_wconf 91' lang='lat' dir='ltr'><strong>et</strong></span> <span class='ocrx_word' id='word_1_175' title='bbox 1073 3953 1249 4016; x_wconf 90' lang='lat' dir='ltr'><strong>murum</strong></span> <span class='ocrx_word' id='word_1_176' title='bbox 1285 3914 1562 4034; x_wconf 90' lang='lat' dir='ltr'><strong>conscendit,</strong></span> <span class='ocrx_word' id='word_1_177' title='bbox 1598 3951 1642 4014; x_wconf 90' lang='lat' dir='ltr'><strong>et</strong></span> <span class='ocrx_word' id='word_1_178' title='bbox 1677 3914 1792 4014; x_wconf 92' lang='lat' dir='ltr'><strong>intra</strong></span> <span class='ocrx_word' id='word_1_179' title='bbox 1834 3914 1979 4054; x_wconf 48' lang='lat' dir='ltr'><strong>oppia¹</strong></span> 
     </span>
     <span class='ocr_line' id='line_1_26' title="bbox 510 4055 1965 4202; baseline 0.003 -48"><span class='ocrx_word' id='word_1_180' title='bbox 510 4058 619 4155; x_wconf 91' lang='lat' dir='ltr'><strong>dum</strong></span> <span class='ocrx_word' id='word_1_181' title='bbox 656 4058 863 4166; x_wconf 76' lang='lat' dir='ltr'><strong>desilivits</strong></span> <span class='ocrx_word' id='word_1_182' title='bbox 888 4058 1013 4193; x_wconf 89' lang='lat' dir='ltr'><strong>hujus</strong></span> <span class='ocrx_word' id='word_1_183' title='bbox 1050 4059 1260 4162; x_wconf 90' lang='lat' dir='ltr'><strong>virtutem</strong></span> <span class='ocrx_word' id='word_1_184' title='bbox 1295 4061 1485 4202; x_wconf 89' lang='lat' dir='ltr'><strong>Hispani</strong></span> <span class='ocrx_word' id='word_1_185' title='bbox 1526 4058 1685 4159; x_wconf 89' lang='lat' dir='ltr'><strong>milites</strong></span> <span class='ocrx_word' id='word_1_186' title='bbox 1728 4055 1965 4175; x_wconf 88' lang='lat' dir='ltr'><strong>laudantes,</strong></span> 
     </span>
     <span class='ocr_line' id='line_1_27' title="bbox 508 4197 1963 4344; baseline 0.002 -47"><span class='ocrx_word' id='word_1_187' title='bbox 508 4235 553 4298; x_wconf 91' lang='lat' dir='ltr'><strong>et</strong></span> <span class='ocrx_word' id='word_1_188' title='bbox 587 4197 771 4302; x_wconf 90' lang='lat' dir='ltr'><strong>libenter</strong></span> <span class='ocrx_word' id='word_1_189' title='bbox 808 4203 1061 4323; x_wconf 91' lang='lat' dir='ltr'><strong>imitantes,</strong></span> <span class='ocrx_word' id='word_1_190' title='bbox 1104 4244 1341 4306; x_wconf 89' lang='lat' dir='ltr'><strong>conscenso</strong></span> <span class='ocrx_word' id='word_1_191' title='bbox 1383 4243 1513 4304; x_wconf 92' lang='lat' dir='ltr'><strong>muto</strong></span> <span class='ocrx_word' id='word_1_192' title='bbox 1555 4205 1603 4303; x_wconf 89' lang='lat' dir='ltr'><strong>in</strong></span> <span class='ocrx_word' id='word_1_193' title='bbox 1645 4199 1867 4344; x_wconf 87' lang='lat' dir='ltr'><strong>oppidum</strong></span> <span class='ocrx_word' id='word_1_194' title='bbox 1909 4202 1963 4300; x_wconf 90' lang='lat' dir='ltr'><strong>ir-</strong></span> 
     </span>
     <span class='ocr_line' id='line_1_28' title="bbox 507 4344 1958 4489; baseline -0.001 -47"><span class='ocrx_word' id='word_1_195' title='bbox 507 4381 760 4481; x_wconf 89' lang='lat' dir='ltr'><strong>ruperunt,</strong></span> <span class='ocrx_word' id='word_1_196' title='bbox 804 4345 1026 4489; x_wconf 90' lang='lat' dir='ltr'><strong>portisque</strong></span> <span class='ocrx_word' id='word_1_197' title='bbox 1078 4344 1266 4450; x_wconf 86' lang='lat' dir='ltr'><strong>refractis</strong></span> <span class='ocrx_word' id='word_1_198' title='bbox 1322 4385 1486 4450; x_wconf 89' lang='lat' dir='ltr'><strong>ceteros</strong></span> <span class='ocrx_word' id='word_1_199' title='bbox 1539 4347 1837 4467; x_wconf 87' lang='lat' dir='ltr'><strong>admiserunt,</strong></span> <span class='ocrx_word' id='word_1_200' title='bbox 1891 4381 1958 4444; x_wconf 89' lang='lat' dir='ltr'><strong>nec</strong></span> 
     </span>
     <span class='ocr_line' id='line_1_29' title="bbox 506 4481 1975 4634; baseline 0.002 -50"><span class='ocrx_word' id='word_1_201' title='bbox 506 4481 591 4584; x_wconf 86' lang='lat' dir='ltr'><strong>fuit</strong></span> <span class='ocrx_word' id='word_1_202' title='bbox 628 4481 803 4584; x_wconf 84' lang='lat' dir='ltr'><strong>difficile</strong></span> <span class='ocrx_word' id='word_1_203' title='bbox 838 4491 1013 4609; x_wconf 90' lang='lat' dir='ltr'><strong>hostes,</strong></span> <span class='ocrx_word' id='word_1_204' title='bbox 1050 4493 1129 4628; x_wconf 92' lang='lat' dir='ltr'><strong>qui</strong></span> <span class='ocrx_word' id='word_1_205' title='bbox 1166 4533 1210 4591; x_wconf 91' lang='lat' dir='ltr'><strong>se</strong></span> <span class='ocrx_word' id='word_1_206' title='bbox 1244 4495 1291 4593; x_wconf 94' lang='lat' dir='ltr'><strong>in</strong></span> <span class='ocrx_word' id='word_1_207' title='bbox 1327 4534 1473 4594; x_wconf 91' lang='lat' dir='ltr'><strong>arcem</strong></span> <span class='ocrx_word' id='word_1_208' title='bbox 1500 4529 1801 4634; x_wconf 84' lang='lat' dir='ltr'><strong>receperant„</strong></span> <span class='ocrx_word' id='word_1_209' title='bbox 1823 4491 1975 4606; x_wconf 48' lang='lat' dir='ltr'><strong>interra,</strong></span> 
     </span>
     <span class='ocr_line' id='line_1_30' title="bbox 503 4630 1960 4779; baseline 0.002 -50"><span class='ocrx_word' id='word_1_210' title='bbox 503 4661 592 4730; x_wconf 88' lang='lat' dir='ltr'><strong>tata</strong></span> <span class='ocrx_word' id='word_1_211' title='bbox 620 4630 954 4775; x_wconf 88' lang='lat' dir='ltr'><strong>oppugnatione</strong></span> <span class='ocrx_word' id='word_1_212' title='bbox 979 4633 1036 4732; x_wconf 87' lang='lat' dir='ltr'><strong>ad</strong></span> <span class='ocrx_word' id='word_1_213' title='bbox 1064 4631 1341 4735; x_wconf 88' lang='lat' dir='ltr'><strong>deditionem</strong></span> <span class='ocrx_word' id='word_1_214' title='bbox 1378 4638 1640 4779; x_wconf 81' lang='lat' dir='ltr'><strong>compellere</strong></span> <span class='ocrx_word' id='word_1_215' title='bbox 1647 4689 1661 4758; x_wconf 75' lang='lat'>3</span> <span class='ocrx_word' id='word_1_216' title='bbox 1699 4639 1960 4778; x_wconf 74' lang='lat' dir='ltr'><strong>quos-Mar-</strong></span> 
     </span>
     <span class='ocr_line' id='line_1_31' title="bbox 501 4771 1969 4929; baseline 0.014 -55"><span class='ocrx_word' id='word_1_217' title='bbox 501 4773 648 4898; x_wconf 90' lang='lat' dir='ltr'><strong>chio,</strong></span> <span class='ocrx_word' id='word_1_218' title='bbox 692 4771 911 4919; x_wconf 84' lang='lat' dir='ltr'><strong>praefecto</strong></span> <span class='ocrx_word' id='word_1_219' title='bbox 959 4813 1003 4880; x_wconf 91' lang='lat' dir='ltr'><strong>et</strong></span> <span class='ocrx_word' id='word_1_220' title='bbox 1045 4776 1370 4910; x_wconf 85' lang='lat' dir='ltr'><strong>centurionibus</strong></span> <span class='ocrx_word' id='word_1_221' title='bbox 1417 4785 1647 4929; x_wconf 76' lang='lat' dir='ltr'><strong>exceptis,</strong></span> <span class='ocrx_word' id='word_1_222' title='bbox 1666 4868 1671 4886; x_wconf 86' lang='grc'><em>,</em></span> <span class='ocrx_word' id='word_1_223' title='bbox 1689 4781 1969 4906; x_wconf 61' lang='lat' dir='ltr'><strong>incolumen</strong></span> 
     </span>
     <span class='ocr_line' id='line_1_32' title="bbox 1897 4957 1964 5020; baseline -0.03 0"><span class='ocrx_word' id='word_1_224' title='bbox 1897 4957 1964 5020; x_wconf 89' lang='lat' dir='ltr'><strong>ar-</strong></span> 
     </span>
    </p>
   </div>
   <div class='ocr_carea' id='block_1_3' title="bbox 0 0 2152 5984">
    <p class='ocr_par' dir='ltr' id='par_1_3' title="bbox 0 0 2152 5984">
     <span class='ocr_line' id='line_1_33' title="bbox 0 0 2152 5984; baseline 0 6"><span class='ocrx_word' id='word_1_225' title='bbox 0 0 2152 5984; x_wconf 95' lang='lat' dir='ltr'><strong> </strong></span> 
     </span>
    </p>
   </div>
  </div>
 </body>
</html>
