4294 5984
561 481 804 566 CAROLI
846 479 899 561 V.
940 480 1056 560 ΠΒ.
1104 479 1184 562 IV.
1490 482 1575 580 '131

155 635 347 788 scripsit,
390 632 538 742 mollis
579 678 631 738 ac
665 638 856 740 minime
890 637 1117 762 resistens,
1152 635 1407 742 missionem
1444 682 1471 744 a
1507 654 1620 751 Lau«

155 824 272 893 tteco
309 783 547 928 efflagitate
583 819 850 926 coeperunt,
886 781 949 885 ita
984 818 1132 884 tamen
1166 821 1217 885 ut
1252 789 1288 888 si
1317 787 1446 889 vellet
1474 785 1618 898 hostes

151 935 314 1078 praelio
348 933 577 1055 lacessere,
613 966 748 1071 atque
784 970 835 1030 ea
871 928 1043 1030 ratione
1079 926 1186 1030 belli
1219 925 1444 1034 fortunam
1482 977 1619 1079 expe-

150 1079 256 1199 riri,
293 1079 477 1184 libenter
512 1115 557 1177 se
592 1076 662 1176 vel
697 1074 857 1216 iniquo
899 1074 1001 1176 loco
1045 1111 1243 1218 pugnam
1280 1075 1465 1177 inituros
1507 1120 1618 1186 con-

148 1223 401 1335 firmarent3
438 1261 550 1366 quos
584 1219 657 1321 ille
680 1237 929 1360 postquam
961 1219 1018 1322 ab
1051 1220 1254 1321 instituto
1284 1259 1486 1324 revocare
1516 1235 1618 1328 nul-

147 1367 189 1467 la
219 1371 385 1470 ratione
420 1367 566 1485 valet,
592 1404 650 1464 ne
677 1363 863 1462 discessu
898 1363 1243 1486 Helvetiorum,
1268 1365 1316 1465 in
1352 1366 1511 1508 quibus
1539 1408 1616 1471 ro-

147 1512 234 1616 bur
275 1509 566 1628 consistebat,
612 1543 787 1652 pugnae
828 1499 1006 1608 fortuna
1057 1549 1149 1611 non
1198 1545 1367 1611 tentata
1410 1515 1615 1616 exercitus

146 1653 409 1758 dilaberetur
421 1734 437 1777 ,
484 1653 637 1755 statuit
686 1651 903 1794 praelium
945 1651 1017 1755 vel
1057 1655 1219 1797 iniquo
1259 1654 1359 1755 loco
1400 1660 1617 1761 commit·

145 1832 259 1921 tere,
295 1837 340 1901 et
374 1831 511 1901 castra
545 1795 774 1918 hostiurn,
811 1838 924 1940 quae
949 1805 1131 1938 Prosper
1166 1798 1389 1902 Columna
1425 1805 1479 1902 ad
1516 1798 1616 1906 fun-

144 1943 285 2063 dum,
320 1943 680 2086 praetoriumque
709 1940 947 2042 Bicocbam
982 1977 1185 2078 posuerat
1218 1941 1353 2043 tribus
1385 1948 1614 2046 aMedio-

68 2133 71 2142 ¹
144 2085 249 2188 lano
275 2127 482 2228 passuum
521 2083 747 2203 millibus,
775 2083 890 2184 intra
916 2075 1078 2203 fossas,
1100 2083 1262 2225 quibus
1287 2086 1489 2228 praealtis
1520 2082 1613 2193 firn-

140 2230 225 2330 dus
272 2232 346 2331 ille
382 2224 696 2346 muniebatur,
734 2263 1006 2369 oppugnare.

207 2381 315 2474 XL.
395 2384 627 2474 Lautrecus
674 2371 811 2510 igitur
851 2410 949 2471 suos
992 2367 1132 2512 pridie
1175 2369 1322 2474 multis
1363 2369 1508 2474 verbis
1556 2377 1612 2479 ad

143 2515 386 2658 praelium,
423 2552 469 2616 et
501 2549 637 2614 castra
674 2511 868 2614 hostium
903 2516 1204 2654 oppugnanda
1244 2513 1532 2637 cohortatur,
1568 2520 1611 2622 i-

142 2697 416 2801 psorumque
445 2658 603 2760 virtute
634 2657 842 2758 omnium
872 2657 1087 2798 quidem,
1125 2658 1201 2759 sed
1237 2658 1429 2761 maxime
1455 2662 1611 2765 Helve-

142 2802 314 2903 tiorum
350 2801 550 2910 laudatas
588 2801 872 2942 vicissimque
907 2799 1105 2906 hostium
1150 2797 1315 2902 viribus
1363 2840 1407 2905 et
1453 2805 1609 2908 animis

142 2947 415 3066 extenuatis,
452 2944 697 3089 Moguntia
732 2945 1006 3089 digreditur;
1051 2981 1094 3044 et
1136 2946 1228 3046 acie
1270 2945 1517 3062 instructa,
1561 2949 1609 3052 in

140 3128 279 3194 castra
319 3089 685 3194 Caesarianorum
721 3089 970 3192 contendit.
1015 3098 1198 3231 Prosper
1240 3128 1316 3231 per
1357 3088 1609 3213 indicium,

140 3271 183 3335 tt
233 3235 530 3379 exploratores
573 3275 679 3337 cum
725 3236 778 3337 de
824 3231 1024 3336 Lautreci
1069 3233 1254 3335 consilio
1297 3235 1607 3377 cognovisset,

140 3377 424 3481 vehementer
465 3380 698 3482 delectatus
746 3413 847 3500 est,
892 3377 1017 3523 quod
1064 3418 1166 3480 eum
1209 3377 1378 3479 videret
1419 3382 1473 3480 ad
1514 3379 1607 3482 ini-

137 3563 280 3666 quam
306 3526 535 3669 pugnandi
562 3524 868 3626 conditionem
898 3524 1135 3625 necessario
1167 3524 1453 3645 descendere,
1481 3563 1605 3625 suos-

139 3707 228 3811 que
266 3669 440 3811 etipse
481 3665 606 3771 bono
652 3668 804 3768 animo
846 3667 902 3768 ad
945 3703 1079 3769 castra
1120 3663 1391 3770 defendenda
1434 3702 1604 3809 paratos

138 3853 229 3911 esse
274 3811 400 3945 jubet
416 3892 431 3934 ,
473 3851 518 3915 et
560 3813 892 3950 Hieronymum
934 3821 1212 3933 Moronum,
1257 3813 1339 3951 qui
1382 3812 1535 3910 missus
1577 3849 1605 3910 a

134 3955 367 4057 Francisco
402 3954 561 4060 Sfortia
595 3971 719 4060 Duce
757 3995 863 4060 tunc
898 3960 954 4058 ad
990 3999 1033 4058 se
1070 3960 1124 4059 de
1168 3995 1213 4056 re
1256 3951 1488 4054 communi
1523 3955 1604 4054 dc-

135 4095 355 4200 liberandi
400 4105 542 4242 gratia
585 4138 790 4224 venerat,
833 4097 1017 4206 Sfortiae
1061 4096 1307 4200 renuntiare
1348 4096 1508 4228 jubet,
1551 4132 1604 4198 ut

136 4239 391 4382 oppidanos
428 4245 484 4346 ad
518 4284 642 4346 arma
676 4285 837 4366 vocet,
875 4243 1062 4385 etquid
1098 4241 1192 4344 fieri
1229 4241 1357 4361 velit,
1393 4239 1601 4343 ostendit.

38 4436 42 4446 ·
137 4443 142 4452 ·
213 4393 330 4486 XLI.
404 4387 545 4524 Jussis
581 4389 721 4531 igitur
763 4387 920 4490 Sfortia
961 4384 1243 4529 popularibus
1284 4382 1492 4486 omnibus
1533 4421 1604 4484 ar·-

137 4569 217 4631 ma
259 4567 463 4651 sumere,
505 4569 668 4636 ceteros
718 4533 836 4635 urbis
883 4533 1099 4672 praesidio
1147 4535 1203 4635 ad
1249 4568 1426 4673 aggeres
1470 4527 1605 4630 telin·

140 4711 316 4813 quem,
353 4676 554 4816 peditum
588 4714 859 4779 armatonrm
882 4718 953 4778 sex
977 4679 1148 4800 millia,
1177 4713 1220 4778 et
1249 4676 1359 4776 item
1395 4672 1606 4814 quadrin⁴

140 4851 301 4956 gentos
338 4821 508 4965 equites
551 4823 727 4934 educit,
768 4861 874 4928 curn
918 4821 985 4922 lris
1026 4825 1081 4922 ad
1125 4816 1363 4922 Bicocham
1409 4817 1457 4920 in
1499 4817 1608 4934 via,

1085 4975 1174 5066 Ra
1496 4997 1609 5102 quae
