<?xml version="1.0" encoding="UTF-8"?>
<!DOCTYPE html PUBLIC "-//W3C//DTD XHTML 1.0 Transitional//EN"
    "http://www.w3.org/TR/xhtml1/DTD/xhtml1-transitional.dtd">
<html xmlns="http://www.w3.org/1999/xhtml" xml:lang="en" lang="en">
 <head>
  <title>
</title>
<meta http-equiv="Content-Type" content="text/html;charset=utf-8" />
  <meta name='ocr-system' content='tesseract 3.04.00' />
  <meta name='ocr-capabilities' content='ocr_page ocr_carea ocr_par ocr_line ocrx_word'/>
</head>
<body>
  <div class='ocr_page' id='page_1' title='image "./joannisgenesiis02sepgoog_0472.png"; bbox 0 0 4298 5980; ppageno 0'>
   <div class='ocr_carea' id='block_1_1' title="bbox 525 410 1521 510">
    <p class='ocr_par' dir='ltr' id='par_1_1' title="bbox 525 410 1521 510">
     <span class='ocr_line' id='line_1_1' title="bbox 525 410 1521 510; baseline 0.005 -7"><span class='ocrx_word' id='word_1_1' title='bbox 525 410 614 503; x_wconf 68' lang='lat'>228</span> <span class='ocrx_word' id='word_1_2' title='bbox 921 425 1004 510; x_wconf 88' lang='lat' dir='ltr'>DE</span> <span class='ocrx_word' id='word_1_3' title='bbox 1049 422 1255 506; x_wconf 86' lang='lat' dir='ltr'>REBUS</span> <span class='ocrx_word' id='word_1_4' title='bbox 1301 419 1521 508; x_wconf 71' lang='lat' dir='ltr'>Gnsms</span> 
     </span>
    </p>
   </div>
   <div class='ocr_carea' id='block_1_2' title="bbox 367 577 2045 4329">
    <p class='ocr_par' dir='ltr' id='par_1_2' title="bbox 367 577 2045 4329">
     <span class='ocr_line' id='line_1_2' title="bbox 486 577 1965 731; baseline -0.001 -36"><span class='ocrx_word' id='word_1_5' title='bbox 486 615 698 731; x_wconf 82' lang='lat' dir='ltr'>&#39;sextoque</span> <span class='ocrx_word' id='word_1_6' title='bbox 734 621 836 731; x_wconf 90' lang='lat' dir='ltr'>post</span> <span class='ocrx_word' id='word_1_7' title='bbox 868 577 944 690; x_wconf 80' lang='lat' dir='ltr'>&#39;die</span> <span class='ocrx_word' id='word_1_8' title='bbox 979 583 1170 728; x_wconf 87' lang='lat' dir='ltr'>Hispani</span> <span class='ocrx_word' id='word_1_9' title='bbox 1204 584 1261 689; x_wconf 87' lang='lat' dir='ltr'>ab</span> <span class='ocrx_word' id='word_1_10' title='bbox 1279 586 1532 709; x_wconf 72' lang='lat' dir='ltr'>Almone,</span> <span class='ocrx_word' id='word_1_11' title='bbox 1561 594 1685 716; x_wconf 87' lang='lat' dir='ltr'>cujus</span> <span class='ocrx_word' id='word_1_12' title='bbox 1719 617 1825 690; x_wconf 90' lang='lat' dir='ltr'>tunc</span> <span class='ocrx_word' id='word_1_13' title='bbox 1865 626 1965 694; x_wconf 87' lang='lat' dir='ltr'>erat</span> 
     </span>
     <span class='ocr_line' id='line_1_3' title="bbox 491 731 1967 857; baseline 0.001 -19"><span class='ocrx_word' id='word_1_14' title='bbox 491 736 683 846; x_wconf 84' lang='lat' dir='ltr'>maxima</span> <span class='ocrx_word' id='word_1_15' title='bbox 719 733 766 837; x_wconf 90' lang='lat' dir='ltr'>in</span> <span class='ocrx_word' id='word_1_16' title='bbox 801 733 994 836; x_wconf 89' lang='lat' dir='ltr'>exercitu</span> <span class='ocrx_word' id='word_1_17' title='bbox 1028 731 1292 857; x_wconf 84' lang='lat' dir='ltr'>auctoritas,</span> <span class='ocrx_word' id='word_1_18' title='bbox 1328 733 1502 838; x_wconf 88' lang='lat' dir='ltr'>evocati</span> <span class='ocrx_word' id='word_1_19' title='bbox 1537 733 1724 854; x_wconf 81' lang='lat' dir='ltr'>adsunt,</span> <span class='ocrx_word' id='word_1_20' title='bbox 1758 768 1809 836; x_wconf 93' lang='lat' dir='ltr'>ut</span> <span class='ocrx_word' id='word_1_21' title='bbox 1845 747 1967 840; x_wconf 87' lang='lat' dir='ltr'>Get-</span> 
     </span>
     <span class='ocr_line' id='line_1_4' title="bbox 493 877 1967 1022; baseline -0.003 -35"><span class='ocrx_word' id='word_1_22' title='bbox 493 882 667 1000; x_wconf 89' lang='lat' dir='ltr'>manis,</span> <span class='ocrx_word' id='word_1_23' title='bbox 704 879 740 980; x_wconf 88' lang='lat' dir='ltr'>si</span> <span class='ocrx_word' id='word_1_24' title='bbox 775 880 995 1022; x_wconf 89' lang='lat' dir='ltr'>stipendio</span> <span class='ocrx_word' id='word_1_25' title='bbox 1031 879 1169 980; x_wconf 87' lang='lat' dir='ltr'>dilato</span> <span class='ocrx_word' id='word_1_26' title='bbox 1212 878 1416 999; x_wconf 82' lang='lat' dir='ltr'>Urbem,</span> <span class='ocrx_word' id='word_1_27' title='bbox 1466 877 1593 1020; x_wconf 91' lang='lat' dir='ltr'>quod</span> <span class='ocrx_word' id='word_1_28' title='bbox 1634 916 1760 1019; x_wconf 84' lang='lat' dir='ltr'>saepe</span> <span class='ocrx_word' id='word_1_29' title='bbox 1798 879 1967 984; x_wconf 90' lang='lat' dir='ltr'>minati</span> 
     </span>
     <span class='ocr_line' id='line_1_5' title="bbox 493 1023 1963 1148; baseline -0.003 -15"><span class='ocrx_word' id='word_1_30' title='bbox 493 1024 694 1141; x_wconf 84' lang='lat' dir='ltr'>fuerant,</span> <span class='ocrx_word' id='word_1_31' title='bbox 727 1023 955 1128; x_wconf 86' lang='lat' dir='ltr'>incendere</span> <span class='ocrx_word' id='word_1_32' title='bbox 984 1061 1275 1148; x_wconf 88' lang='lat' dir='ltr'>conarentur,</span> <span class='ocrx_word' id='word_1_33' title='bbox 1303 1023 1583 1127; x_wconf 89' lang='lat' dir='ltr'>obsisterent.</span> <span class='ocrx_word' id='word_1_34' title='bbox 1619 1037 1834 1130; x_wconf 87' lang='lat' dir='ltr'>Ceterum</span> <span class='ocrx_word' id='word_1_35' title='bbox 1859 1039 1963 1129; x_wconf 88' lang='lat' dir='ltr'>Ger·</span> 
     </span>
     <span class='ocr_line' id='line_1_6' title="bbox 495 1166 1964 1316; baseline 0 -42"><span class='ocrx_word' id='word_1_36' title='bbox 495 1172 636 1274; x_wconf 87' lang='lat' dir='ltr'>manis</span> <span class='ocrx_word' id='word_1_37' title='bbox 688 1167 959 1312; x_wconf 89' lang='lat' dir='ltr'>stipendium</span> <span class='ocrx_word' id='word_1_38' title='bbox 1006 1166 1393 1316; x_wconf 83' lang='lat' dir='ltr'>efflagitantibus,</span> <span class='ocrx_word' id='word_1_39' title='bbox 1446 1205 1490 1269; x_wconf 84' lang='lat' dir='ltr'>et</span> <span class='ocrx_word' id='word_1_40' title='bbox 1549 1168 1798 1291; x_wconf 84' lang='lat' dir='ltr'>Pontifice,</span> <span class='ocrx_word' id='word_1_41' title='bbox 1851 1172 1964 1274; x_wconf 92' lang='lat' dir='ltr'>dum</span> 
     </span>
     <span class='ocr_line' id='line_1_7' title="bbox 497 1308 1964 1461; baseline -0.001 -43"><span class='ocrx_word' id='word_1_42' title='bbox 497 1351 766 1461; x_wconf 84' lang='lat' dir='ltr'>praesentem</span> <span class='ocrx_word' id='word_1_43' title='bbox 801 1316 1002 1458; x_wconf 88' lang='lat' dir='ltr'>inopiam</span> <span class='ocrx_word' id='word_1_44' title='bbox 1039 1351 1244 1434; x_wconf 87' lang='lat' dir='ltr'>excusat,</span> <span class='ocrx_word' id='word_1_45' title='bbox 1287 1311 1515 1416; x_wconf 86' lang='lat' dir='ltr'>differente</span> <span class='ocrx_word' id='word_1_46' title='bbox 1532 1389 1548 1434; x_wconf 99' lang='lat'>,</span> <span class='ocrx_word' id='word_1_47' title='bbox 1567 1395 1571 1408; x_wconf 90' lang='lat'>.</span> <span class='ocrx_word' id='word_1_48' title='bbox 1591 1308 1762 1415; x_wconf 86' lang='lat' dir='ltr'>obsides</span> <span class='ocrx_word' id='word_1_49' title='bbox 1805 1314 1864 1419; x_wconf 89' lang='lat' dir='ltr'>ab</span> <span class='ocrx_word' id='word_1_50' title='bbox 1908 1355 1964 1417; x_wconf 88' lang='lat' dir='ltr'>eo</span> 
     </span>
     <span class='ocr_line' id='line_1_8' title="bbox 497 1458 1964 1604; baseline 0 -42"><span class='ocrx_word' id='word_1_51' title='bbox 497 1460 745 1602; x_wconf 83' lang='lat' dir='ltr'>promissae</span> <span class='ocrx_word' id='word_1_52' title='bbox 786 1461 997 1602; x_wconf 88' lang='lat' dir='ltr'>pecuniae</span> <span class='ocrx_word' id='word_1_53' title='bbox 1046 1461 1359 1604; x_wconf 85' lang='lat' dir='ltr'>postulantur,</span> <span class='ocrx_word' id='word_1_54' title='bbox 1404 1459 1718 1598; x_wconf 88' lang='lat' dir='ltr'>tradunturque</span> <span class='ocrx_word' id='word_1_55' title='bbox 1765 1458 1964 1599; x_wconf 92' lang='lat' dir='ltr'>primum</span> 
     </span>
     <span class='ocr_line' id='line_1_9' title="bbox 501 1601 1964 1746; baseline 0 -40"><span class='ocrx_word' id='word_1_56' title='bbox 501 1605 741 1724; x_wconf 87' lang='lat' dir='ltr'>Alarconi,</span> <span class='ocrx_word' id='word_1_57' title='bbox 777 1643 881 1706; x_wconf 85' lang='lat' dir='ltr'>mox</span> <span class='ocrx_word' id='word_1_58' title='bbox 916 1603 974 1707; x_wconf 88' lang='lat' dir='ltr'>ab</span> <span class='ocrx_word' id='word_1_59' title='bbox 1010 1606 1108 1746; x_wconf 92' lang='lat' dir='ltr'>ipso</span> <span class='ocrx_word' id='word_1_60' title='bbox 1143 1605 1191 1706; x_wconf 91' lang='lat' dir='ltr'>in</span> <span class='ocrx_word' id='word_1_61' title='bbox 1226 1641 1388 1744; x_wconf 90' lang='lat' dir='ltr'>campo</span> <span class='ocrx_word' id='word_1_62' title='bbox 1422 1601 1569 1704; x_wconf 85' lang='lat' dir='ltr'>Florae</span> <span class='ocrx_word' id='word_1_63' title='bbox 1603 1603 1854 1704; x_wconf 88' lang='lat' dir='ltr'>Germanis.</span> <span class='ocrx_word' id='word_1_64' title='bbox 1898 1605 1964 1706; x_wconf 89' lang='lat' dir='ltr'>Hi</span> 
     </span>
     <span class='ocr_line' id='line_1_10' title="bbox 502 1739 2045 1891; baseline -0.001 -41"><span class='ocrx_word' id='word_1_65' title='bbox 502 1783 646 1850; x_wconf 86' lang='lat' dir='ltr'>autem</span> <span class='ocrx_word' id='word_1_66' title='bbox 682 1743 861 1852; x_wconf 90' lang='lat' dir='ltr'>fuerunt</span> <span class='ocrx_word' id='word_1_67' title='bbox 894 1749 1182 1891; x_wconf 89' lang='lat' dir='ltr'>Sipontinus,</span> <span class='ocrx_word' id='word_1_68' title='bbox 1219 1746 1299 1888; x_wconf 92' lang='lat' dir='ltr'>qui</span> <span class='ocrx_word' id='word_1_69' title='bbox 1334 1781 1486 1887; x_wconf 85' lang='lat' dir='ltr'>postea</span> <span class='ocrx_word' id='word_1_70' title='bbox 1521 1739 1608 1846; x_wconf 85' lang='lat' dir='ltr'>fuit</span> <span class='ocrx_word' id='word_1_71' title='bbox 1635 1742 1838 1846; x_wconf 80' lang='lat' dir='ltr'>Pontifex</span> <span class='ocrx_word' id='word_1_72' title='bbox 1865 1757 1964 1848; x_wconf 85' lang='lat' dir='ltr'>Ma·</span> <span class='ocrx_word' id='word_1_73' title='bbox 2042 1865 2045 1874; x_wconf 26' lang='grc' dir='ltr'>Ι</span> 
     </span>
     <span class='ocr_line' id='line_1_11' title="bbox 502 1887 1959 2031; baseline -0.003 -36"><span class='ocrx_word' id='word_1_74' title='bbox 502 1893 646 1995; x_wconf 89' lang='lat' dir='ltr'>ximus</span> <span class='ocrx_word' id='word_1_75' title='bbox 683 1895 830 2027; x_wconf 85' lang='lat' dir='ltr'>Julius</span> <span class='ocrx_word' id='word_1_76' title='bbox 864 1894 1042 1992; x_wconf 85' lang='lat' dir='ltr'>Tertius</span> <span class='ocrx_word' id='word_1_77' title='bbox 1078 1892 1250 2010; x_wconf 89' lang='lat' dir='ltr'>dictus,</span> <span class='ocrx_word' id='word_1_78' title='bbox 1296 1926 1340 1989; x_wconf 88' lang='lat' dir='ltr'>et</span> <span class='ocrx_word' id='word_1_79' title='bbox 1382 1888 1558 1992; x_wconf 88' lang='lat' dir='ltr'>Pisanus</span> <span class='ocrx_word' id='word_1_80' title='bbox 1608 1887 1959 2031; x_wconf 83' lang='lat' dir='ltr'>Archiepiscopi,</span> 
     </span>
     <span class='ocr_line' id='line_1_12' title="bbox 503 2030 1961 2176; baseline -0.003 -38"><span class='ocrx_word' id='word_1_81' title='bbox 503 2035 773 2138; x_wconf 88' lang='lat' dir='ltr'>Pistoriensis</span> <span class='ocrx_word' id='word_1_82' title='bbox 820 2071 864 2136; x_wconf 91' lang='lat' dir='ltr'>et</span> <span class='ocrx_word' id='word_1_83' title='bbox 899 2035 1163 2138; x_wconf 91' lang='lat' dir='ltr'>Veronensis</span> <span class='ocrx_word' id='word_1_84' title='bbox 1206 2031 1440 2176; x_wconf 89' lang='lat' dir='ltr'>Episcopi,</span> <span class='ocrx_word' id='word_1_85' title='bbox 1482 2030 1678 2168; x_wconf 89' lang='lat' dir='ltr'>Jacobus</span> <span class='ocrx_word' id='word_1_86' title='bbox 1714 2033 1961 2156; x_wconf 83' lang='lat' dir='ltr'>Salviams,</span> 
     </span>
     <span class='ocr_line' id='line_1_13' title="bbox 505 2173 1963 2319; baseline -0.001 -40"><span class='ocrx_word' id='word_1_87' title='bbox 505 2178 762 2280; x_wconf 85' lang='lat' dir='ltr'>Laurentius</span> <span class='ocrx_word' id='word_1_88' title='bbox 797 2176 1063 2319; x_wconf 88' lang='lat' dir='ltr'>Rodulphus</span> <span class='ocrx_word' id='word_1_89' title='bbox 1098 2178 1231 2280; x_wconf 91' lang='lat' dir='ltr'>amici</span> <span class='ocrx_word' id='word_1_90' title='bbox 1259 2214 1302 2277; x_wconf 91' lang='lat' dir='ltr'>et</span> <span class='ocrx_word' id='word_1_91' title='bbox 1337 2177 1560 2278; x_wconf 84' lang='lat' dir='ltr'>necessarii</span> <span class='ocrx_word' id='word_1_92' title='bbox 1590 2173 1843 2279; x_wconf 87' lang='lat' dir='ltr'>Pontificis.</span> <span class='ocrx_word' id='word_1_93' title='bbox 1880 2179 1963 2280; x_wconf 92' lang='lat' dir='ltr'>His</span> 
     </span>
     <span class='ocr_line' id='line_1_14' title="bbox 505 2321 1964 2465; baseline 0.001 -42"><span class='ocrx_word' id='word_1_94' title='bbox 505 2359 673 2425; x_wconf 90' lang='lat' dir='ltr'>novem</span> <span class='ocrx_word' id='word_1_95' title='bbox 710 2324 881 2426; x_wconf 88' lang='lat' dir='ltr'>dierum</span> <span class='ocrx_word' id='word_1_96' title='bbox 917 2321 1109 2465; x_wconf 89' lang='lat' dir='ltr'>spatium</span> <span class='ocrx_word' id='word_1_97' title='bbox 1143 2323 1199 2423; x_wconf 91' lang='lat' dir='ltr'>ad</span> <span class='ocrx_word' id='word_1_98' title='bbox 1232 2355 1395 2423; x_wconf 87' lang='lat' dir='ltr'>certam</span> <span class='ocrx_word' id='word_1_99' title='bbox 1463 2321 1638 2424; x_wconf 85' lang='lat' dir='ltr'>ecuniae</span> <span class='ocrx_word' id='word_1_100' title='bbox 1671 2358 1846 2463; x_wconf 88' lang='lat' dir='ltr'>partem</span> <span class='ocrx_word' id='word_1_101' title='bbox 1881 2360 1964 2424; x_wconf 88' lang='lat' dir='ltr'>nu·-</span> 
     </span>
     <span class='ocr_line' id='line_1_15' title="bbox 506 2359 1965 2609; baseline 0.001 -42"><span class='ocrx_word' id='word_1_102' title='bbox 506 2465 765 2568; x_wconf 90' lang='lat' dir='ltr'>metandam</span> <span class='ocrx_word' id='word_1_103' title='bbox 800 2509 826 2568; x_wconf 87' lang='lat' dir='ltr'>a</span> <span class='ocrx_word' id='word_1_104' title='bbox 861 2467 1087 2569; x_wconf 88' lang='lat' dir='ltr'>Germanis</span> <span class='ocrx_word' id='word_1_105' title='bbox 1122 2468 1308 2585; x_wconf 89' lang='lat' dir='ltr'>datum,</span> <span class='ocrx_word' id='word_1_106' title='bbox 1343 2359 1506 2609; x_wconf 68' lang='lat' dir='ltr'>quibus</span> <span class='ocrx_word' id='word_1_107' title='bbox 1542 2465 1727 2607; x_wconf 89' lang='lat' dir='ltr'>elapsis,</span> <span class='ocrx_word' id='word_1_108' title='bbox 1768 2505 1852 2568; x_wconf 91' lang='lat' dir='ltr'>nec</span> <span class='ocrx_word' id='word_1_109' title='bbox 1892 2503 1965 2567; x_wconf 84' lang='lat' dir='ltr'>so-</span> 
     </span>
     <span class='ocr_line' id='line_1_16' title="bbox 507 2607 1962 2751; baseline 0.002 -43"><span class='ocrx_word' id='word_1_110' title='bbox 507 2608 598 2710; x_wconf 87' lang='lat' dir='ltr'>luta</span> <span class='ocrx_word' id='word_1_111' title='bbox 635 2611 846 2751; x_wconf 89' lang='lat' dir='ltr'>pecunia,</span> <span class='ocrx_word' id='word_1_112' title='bbox 875 2607 1050 2709; x_wconf 88' lang='lat' dir='ltr'>obsides</span> <span class='ocrx_word' id='word_1_113' title='bbox 1073 2608 1120 2708; x_wconf 92' lang='lat' dir='ltr'>in</span> <span class='ocrx_word' id='word_1_114' title='bbox 1144 2646 1353 2748; x_wconf 89' lang='lat' dir='ltr'>campum</span> <span class='ocrx_word' id='word_1_115' title='bbox 1387 2617 1533 2710; x_wconf 85' lang='lat' dir='ltr'>Florae</span> <span class='ocrx_word' id='word_1_116' title='bbox 1557 2607 1670 2743; x_wconf 89' lang='lat' dir='ltr'>(huc</span> <span class='ocrx_word' id='word_1_117' title='bbox 1704 2609 1827 2711; x_wconf 87' lang='lat' dir='ltr'>enim</span> <span class='ocrx_word' id='word_1_118' title='bbox 1860 2620 1962 2711; x_wconf 83' lang='lat' dir='ltr'>Get-</span> 
     </span>
     <span class='ocr_line' id='line_1_17' title="bbox 507 2751 1966 2856; baseline 0 -2"><span class='ocrx_word' id='word_1_119' title='bbox 507 2752 632 2854; x_wconf 89' lang='lat' dir='ltr'>mani</span> <span class='ocrx_word' id='word_1_120' title='bbox 666 2753 823 2853; x_wconf 88' lang='lat' dir='ltr'>armati</span> <span class='ocrx_word' id='word_1_121' title='bbox 858 2751 978 2855; x_wconf 86' lang='lat' dir='ltr'>velut</span> <span class='ocrx_word' id='word_1_122' title='bbox 1013 2752 1106 2852; x_wconf 88' lang='lat' dir='ltr'>acie</span> <span class='ocrx_word' id='word_1_123' title='bbox 1139 2753 1348 2855; x_wconf 88' lang='lat' dir='ltr'>instructa</span> <span class='ocrx_word' id='word_1_124' title='bbox 1389 2793 1468 2853; x_wconf 93' lang='lat' dir='ltr'>suo</span> <span class='ocrx_word' id='word_1_125' title='bbox 1509 2791 1633 2854; x_wconf 89' lang='lat' dir='ltr'>more</span> <span class='ocrx_word' id='word_1_126' title='bbox 1673 2789 1966 2856; x_wconf 85' lang='lat' dir='ltr'>convenerant</span> 
     </span>
     <span class='ocr_line' id='line_1_18' title="bbox 510 2894 1966 3042; baseline 0.003 -48"><span class='ocrx_word' id='word_1_127' title='bbox 510 2929 554 2994; x_wconf 87' lang='lat' dir='ltr'>et</span> <span class='ocrx_word' id='word_1_128' title='bbox 596 2894 848 3035; x_wconf 91' lang='lat' dir='ltr'>patibulum</span> <span class='ocrx_word' id='word_1_129' title='bbox 888 2901 1146 3032; x_wconf 85' lang='lat' dir='ltr'>erexerant)</span> <span class='ocrx_word' id='word_1_130' title='bbox 1189 2898 1517 3038; x_wconf 90' lang='lat' dir='ltr'>producuntur.</span> <span class='ocrx_word' id='word_1_131' title='bbox 1560 2896 1736 3018; x_wconf 91' lang='lat' dir='ltr'>Quibus</span> <span class='ocrx_word' id='word_1_132' title='bbox 1781 2937 1966 3042; x_wconf 87' lang='lat' dir='ltr'>conspe·-</span> 
     </span>
     <span class='ocr_line' id='line_1_19' title="bbox 508 3037 1968 3158; baseline 0.003 -22"><span class='ocrx_word' id='word_1_133' title='bbox 508 3037 619 3155; x_wconf 90' lang='lat' dir='ltr'>ctis,</span> <span class='ocrx_word' id='word_1_134' title='bbox 642 3041 811 3158; x_wconf 73' lang='lat' dir='ltr'>occide,</span> <span class='ocrx_word' id='word_1_135' title='bbox 857 3043 980 3140; x_wconf 83' lang='lat' dir='ltr'>occide</span> <span class='ocrx_word' id='word_1_136' title='bbox 1026 3039 1187 3142; x_wconf 87' lang='lat' dir='ltr'>clamat</span> <span class='ocrx_word' id='word_1_137' title='bbox 1227 3053 1547 3144; x_wconf 89' lang='lat' dir='ltr'>Germanorum</span> <span class='ocrx_word' id='word_1_138' title='bbox 1583 3041 1861 3151; x_wconf 72' lang='lat' dir='ltr'>multitudos</span> <span class='ocrx_word' id='word_1_139' title='bbox 1896 3043 1968 3142; x_wconf 87' lang='lat' dir='ltr'>sed</span> 
     </span>
     <span class='ocr_line' id='line_1_20' title="bbox 508 3176 1964 3324; baseline 0.004 -44"><span class='ocrx_word' id='word_1_140' title='bbox 508 3176 736 3282; x_wconf 90' lang='lat' dir='ltr'>obsidibus</span> <span class='ocrx_word' id='word_1_141' title='bbox 777 3179 860 3283; x_wconf 92' lang='lat' dir='ltr'>sub</span> <span class='ocrx_word' id='word_1_142' title='bbox 902 3180 1150 3324; x_wconf 89' lang='lat' dir='ltr'>patibulum</span> <span class='ocrx_word' id='word_1_143' title='bbox 1194 3184 1393 3287; x_wconf 87' lang='lat' dir='ltr'>adductis</span> <span class='ocrx_word' id='word_1_144' title='bbox 1428 3221 1485 3285; x_wconf 86' lang='lat' dir='ltr'>et</span> <span class='ocrx_word' id='word_1_145' title='bbox 1533 3185 1813 3308; x_wconf 90' lang='lat' dir='ltr'>constitutis,</span> <span class='ocrx_word' id='word_1_146' title='bbox 1850 3186 1964 3286; x_wconf 87' lang='lat' dir='ltr'>inter</span> 
     </span>
     <span class='ocr_line' id='line_1_21' title="bbox 508 3324 1968 3471; baseline 0.003 -45"><span class='ocrx_word' id='word_1_147' title='bbox 508 3363 553 3426; x_wconf 84' lang='lat' dir='ltr'>se</span> <span class='ocrx_word' id='word_1_148' title='bbox 588 3324 802 3425; x_wconf 90' lang='lat' dir='ltr'>collocuti</span> <span class='ocrx_word' id='word_1_149' title='bbox 838 3327 1035 3468; x_wconf 91' lang='lat' dir='ltr'>quinque</span> <span class='ocrx_word' id='word_1_150' title='bbox 1071 3328 1241 3432; x_wconf 91' lang='lat' dir='ltr'>dierum</span> <span class='ocrx_word' id='word_1_151' title='bbox 1283 3328 1473 3471; x_wconf 89' lang='lat' dir='ltr'>spatium</span> <span class='ocrx_word' id='word_1_152' title='bbox 1514 3331 1725 3452; x_wconf 88' lang='lat' dir='ltr'>addunt,</span> <span class='ocrx_word' id='word_1_153' title='bbox 1766 3365 1809 3430; x_wconf 91' lang='lat' dir='ltr'>et</span> <span class='ocrx_word' id='word_1_154' title='bbox 1853 3363 1968 3430; x_wconf 84' lang='lat' dir='ltr'>cate-</span> 
     </span>
     <span class='ocr_line' id='line_1_22' title="bbox 509 3463 1970 3616; baseline 0.005 -50"><span class='ocrx_word' id='word_1_155' title='bbox 509 3465 575 3566; x_wconf 91' lang='lat' dir='ltr'>nis</span> <span class='ocrx_word' id='word_1_156' title='bbox 610 3468 668 3569; x_wconf 91' lang='lat' dir='ltr'>ad</span> <span class='ocrx_word' id='word_1_157' title='bbox 703 3463 881 3570; x_wconf 85' lang='lat' dir='ltr'>brachia</span> <span class='ocrx_word' id='word_1_158' title='bbox 918 3469 1120 3604; x_wconf 86' lang='lat' dir='ltr'>injectis,</span> <span class='ocrx_word' id='word_1_159' title='bbox 1156 3471 1284 3574; x_wconf 90' lang='lat' dir='ltr'>binos</span> <span class='ocrx_word' id='word_1_160' title='bbox 1320 3472 1642 3595; x_wconf 86' lang='lat' dir='ltr'>convinciunt,</span> <span class='ocrx_word' id='word_1_161' title='bbox 1676 3473 1726 3575; x_wconf 88' lang='lat' dir='ltr'>in</span> <span class='ocrx_word' id='word_1_162' title='bbox 1767 3475 1970 3616; x_wconf 83' lang='lat' dir='ltr'>aedisque</span> 
     </span>
     <span class='ocr_line' id='line_1_23' title="bbox 434 3615 1971 3760; baseline 0.007 -51"><span class='ocrx_word' id='word_1_163' title='bbox 434 3651 437 3658; x_wconf 45' lang='lat'>¹</span> <span class='ocrx_word' id='word_1_164' title='bbox 509 3615 761 3712; x_wconf 67' lang='lat' dir='ltr'>cancellariae</span> <span class='ocrx_word' id='word_1_165' title='bbox 816 3649 998 3716; x_wconf 84' lang='lat' dir='ltr'>vocatae</span> <span class='ocrx_word' id='word_1_166' title='bbox 1050 3616 1338 3719; x_wconf 85' lang='lat' dir='ltr'>munitiorem</span> <span class='ocrx_word' id='word_1_167' title='bbox 1401 3617 1859 3760; x_wconf 87' lang='lat' dir='ltr'>propinquioremque</span> <span class='ocrx_word' id='word_1_168' title='bbox 1913 3618 1971 3720; x_wconf 88' lang='lat' dir='ltr'>lo</span> 
     </span>
     <span class='ocr_line' id='line_1_24' title="bbox 509 3755 1967 3902; baseline 0.008 -48"><span class='ocrx_word' id='word_1_169' title='bbox 509 3793 619 3854; x_wconf 86' lang='lat' dir='ltr'>cum</span> <span class='ocrx_word' id='word_1_170' title='bbox 660 3755 895 3860; x_wconf 89' lang='lat' dir='ltr'>traducunt</span> <span class='ocrx_word' id='word_1_171' title='bbox 923 3798 935 3867; x_wconf 78' lang='lat'>3</span> <span class='ocrx_word' id='word_1_172' title='bbox 979 3760 1052 3858; x_wconf 92' lang='lat' dir='ltr'>sed</span> <span class='ocrx_word' id='word_1_173' title='bbox 1093 3800 1148 3859; x_wconf 90' lang='lat' dir='ltr'>ne</span> <span class='ocrx_word' id='word_1_174' title='bbox 1189 3796 1295 3862; x_wconf 91' lang='lat' dir='ltr'>tunc</span> <span class='ocrx_word' id='word_1_175' title='bbox 1371 3763 1522 3864; x_wconf 89' lang='lat' dir='ltr'>uidem</span> <span class='ocrx_word' id='word_1_176' title='bbox 1566 3762 1706 3898; x_wconf 88' lang='lat' dir='ltr'>soluta</span> <span class='ocrx_word' id='word_1_177' title='bbox 1752 3759 1967 3902; x_wconf 86' lang='lat' dir='ltr'>pecunia,</span> 
     </span>
     <span class='ocr_line' id='line_1_25' title="bbox 510 3803 1971 4043; baseline 0.005 -45"><span class='ocrx_word' id='word_1_178' title='bbox 510 3893 676 4000; x_wconf 88' lang='lat' dir='ltr'>iterum</span> <span class='ocrx_word' id='word_1_179' title='bbox 707 3936 751 4004; x_wconf 88' lang='lat' dir='ltr'>et</span> <span class='ocrx_word' id='word_1_180' title='bbox 785 3900 916 4002; x_wconf 88' lang='lat' dir='ltr'>tertio</span> <span class='ocrx_word' id='word_1_181' title='bbox 952 3902 1006 4001; x_wconf 90' lang='lat' dir='ltr'>ad</span> <span class='ocrx_word' id='word_1_182' title='bbox 1042 3900 1291 4043; x_wconf 88' lang='lat' dir='ltr'>patibulum</span> <span class='ocrx_word' id='word_1_183' title='bbox 1327 3803 1499 4008; x_wconf 84' lang='lat' dir='ltr'>‹ibsides</span> <span class='ocrx_word' id='word_1_184' title='bbox 1535 3905 1667 4010; x_wconf 86' lang='lat' dir='ltr'>simili</span> <span class='ocrx_word' id='word_1_185' title='bbox 1702 3905 1875 4008; x_wconf 88' lang='lat' dir='ltr'>ratione</span> <span class='ocrx_word' id='word_1_186' title='bbox 1909 3943 1971 4006; x_wconf 87' lang='lat' dir='ltr'>at-</span> 
     </span>
     <span class='ocr_line' id='line_1_26' title="bbox 367 4041 1972 4192; baseline 0.007 -51"><span class='ocrx_word' id='word_1_187' title='bbox 367 4167 369 4172; x_wconf 23' lang='grc'>,</span> <span class='ocrx_word' id='word_1_188' title='bbox 509 4077 600 4182; x_wconf 90' lang='lat' dir='ltr'>que</span> <span class='ocrx_word' id='word_1_189' title='bbox 636 4041 769 4146; x_wconf 90' lang='lat' dir='ltr'>minis</span> <span class='ocrx_word' id='word_1_190' title='bbox 814 4080 918 4144; x_wconf 91' lang='lat' dir='ltr'>cum</span> <span class='ocrx_word' id='word_1_191' title='bbox 953 4046 1151 4146; x_wconf 86' lang='lat' dir='ltr'>maximo</span> <span class='ocrx_word' id='word_1_192' title='bbox 1187 4048 1386 4190; x_wconf 89' lang='lat' dir='ltr'>ipsorum</span> <span class='ocrx_word' id='word_1_193' title='bbox 1423 4085 1626 4152; x_wconf 90' lang='lat' dir='ltr'>metuet</span> <span class='ocrx_word' id='word_1_194' title='bbox 1662 4088 1828 4191; x_wconf 87' lang='lat' dir='ltr'>angore</span> <span class='ocrx_word' id='word_1_195' title='bbox 1863 4088 1972 4192; x_wconf 90' lang='lat' dir='ltr'>pto-</span> 
     </span>
     <span class='ocr_line' id='line_1_27' title="bbox 509 4185 1545 4329; baseline 0.01 -43"><span class='ocrx_word' id='word_1_196' title='bbox 509 4185 762 4309; x_wconf 91' lang='lat' dir='ltr'>ducuntur,</span> <span class='ocrx_word' id='word_1_197' title='bbox 800 4185 1037 4329; x_wconf 88' lang='lat' dir='ltr'>spatiisque</span> <span class='ocrx_word' id='word_1_198' title='bbox 1073 4189 1216 4292; x_wconf 86' lang='lat' dir='ltr'>dilatis</span> <span class='ocrx_word' id='word_1_199' title='bbox 1251 4193 1545 4296; x_wconf 88' lang='lat' dir='ltr'>reducuntur.</span> 
     </span>
    </p>
   </div>
   <div class='ocr_carea' id='block_1_3' title="bbox 507 4334 1975 5022">
    <p class='ocr_par' dir='ltr' id='par_1_3' title="bbox 507 4334 1975 4919">
     <span class='ocr_line' id='line_1_28' title="bbox 510 4334 1971 4481; baseline 0.004 -48"><span class='ocrx_word' id='word_1_200' title='bbox 510 4407 518 4416; x_wconf 82' lang='lat'>-</span> <span class='ocrx_word' id='word_1_201' title='bbox 599 4339 723 4434; x_wconf 88' lang='lat' dir='ltr'><strong>XIX.</strong></span> <span class='ocrx_word' id='word_1_202' title='bbox 821 4343 870 4432; x_wconf 88' lang='lat' dir='ltr'>In</span> <span class='ocrx_word' id='word_1_203' title='bbox 912 4366 1034 4442; x_wconf 83' lang='lat' dir='ltr'>tanta</span> <span class='ocrx_word' id='word_1_204' title='bbox 1077 4370 1225 4436; x_wconf 89' lang='lat' dir='ltr'>retum</span> <span class='ocrx_word' id='word_1_205' title='bbox 1267 4337 1502 4479; x_wconf 85' lang='lat' dir='ltr'>iniquitate</span> <span class='ocrx_word' id='word_1_206' title='bbox 1545 4373 1589 4452; x_wconf 86' lang='lat' dir='ltr'>et</span> <span class='ocrx_word' id='word_1_207' title='bbox 1629 4373 1793 4481; x_wconf 89' lang='lat' dir='ltr'>angore</span> <span class='ocrx_word' id='word_1_208' title='bbox 1836 4334 1971 4446; x_wconf 85' lang='lat' dir='ltr'>animi</span> 
     </span>
     <span class='ocr_line' id='line_1_29' title="bbox 510 4463 1970 4626; baseline 0.01 -58"><span class='ocrx_word' id='word_1_209' title='bbox 510 4463 684 4578; x_wconf 86' lang='lat' dir='ltr'>obsides</span> <span class='ocrx_word' id='word_1_210' title='bbox 719 4471 831 4574; x_wconf 91' lang='lat' dir='ltr'>hanc</span> <span class='ocrx_word' id='word_1_211' title='bbox 868 4476 1014 4576; x_wconf 86' lang='lat' dir='ltr'>salutis</span> <span class='ocrx_word' id='word_1_212' title='bbox 1052 4477 1268 4582; x_wconf 89' lang='lat' dir='ltr'>rationem</span> <span class='ocrx_word' id='word_1_213' title='bbox 1303 4483 1527 4602; x_wconf 83' lang='lat' dir='ltr'>inierunt,</span> <span class='ocrx_word' id='word_1_214' title='bbox 1562 4483 1711 4606; x_wconf 81' lang='lat' dir='ltr'>lintis,</span> <span class='ocrx_word' id='word_1_215' title='bbox 1745 4523 1853 4626; x_wconf 87' lang='lat' dir='ltr'>quas</span> <span class='ocrx_word' id='word_1_216' title='bbox 1889 4485 1970 4584; x_wconf 59' lang='lat' dir='ltr'>dos</span> 
     </span>
     <span class='ocr_line' id='line_1_30' title="bbox 511 4612 1972 4774; baseline 0.01 -62"><span class='ocrx_word' id='word_1_217' title='bbox 511 4612 684 4726; x_wconf 83' lang='lat' dir='ltr'>mestici</span> <span class='ocrx_word' id='word_1_218' title='bbox 719 4617 853 4752; x_wconf 85' lang='lat' dir='ltr'>(uam</span> <span class='ocrx_word' id='word_1_219' title='bbox 888 4615 955 4718; x_wconf 89' lang='lat' dir='ltr'>his</span> <span class='ocrx_word' id='word_1_220' title='bbox 991 4619 1134 4732; x_wconf 75' lang='lat' dir='ltr'>afdit&#39;us</span> <span class='ocrx_word' id='word_1_221' title='bbox 1169 4627 1226 4726; x_wconf 88' lang='lat' dir='ltr'>ad</span> <span class='ocrx_word' id='word_1_222' title='bbox 1275 4666 1347 4725; x_wconf 91' lang='lat' dir='ltr'>eos</span> <span class='ocrx_word' id='word_1_223' title='bbox 1391 4624 1604 4767; x_wconf 85' lang='lat' dir='ltr'>patebat)</span> <span class='ocrx_word' id='word_1_224' title='bbox 1642 4661 1972 4774; x_wconf 84' lang='lat' dir='ltr'>suggesserant,</span> 
     </span>
     <span class='ocr_line' id='line_1_31' title="bbox 507 4759 1975 4919; baseline 0.008 -53"><span class='ocrx_word' id='word_1_225' title='bbox 507 4792 681 4872; x_wconf 83' lang='lat' dir='ltr'>catenas</span> <span class='ocrx_word' id='word_1_226' title='bbox 715 4759 801 4906; x_wconf 84' lang='lat' dir='ltr'>ipsi</span> <span class='ocrx_word' id='word_1_227' title='bbox 832 4789 1010 4891; x_wconf 84' lang='lat' dir='ltr'>secant,</span> <span class='ocrx_word' id='word_1_228' title='bbox 1041 4768 1304 4916; x_wconf 81' lang='lat' dir='ltr'>contiguum</span> <span class='ocrx_word' id='word_1_229' title='bbox 1330 4770 1506 4881; x_wconf 87' lang='lat' dir='ltr'>camino</span> <span class='ocrx_word' id='word_1_230' title='bbox 1541 4775 1755 4919; x_wconf 82' lang='lat' dir='ltr'>parietem</span> <span class='ocrx_word' id='word_1_231' title='bbox 1789 4769 1975 4882; x_wconf 79' lang='lat' dir='ltr'>familia-</span> 
     </span>
    </p>

    <p class='ocr_par' dir='ltr' id='par_1_4' title="bbox 1905 4949 1969 5022">
     <span class='ocr_line' id='line_1_32' title="bbox 1905 4949 1969 5022; baseline -0.094 0"><span class='ocrx_word' id='word_1_232' title='bbox 1905 4949 1969 5022; x_wconf 59' lang='lat'>128</span> 
     </span>
    </p>
   </div>
   <div class='ocr_carea' id='block_1_4' title="bbox 0 0 2172 5972">
    <p class='ocr_par' dir='ltr' id='par_1_5' title="bbox 0 0 2172 5972">
     <span class='ocr_line' id='line_1_33' title="bbox 0 0 2172 5972; baseline 0 0"><span class='ocrx_word' id='word_1_233' title='bbox 0 0 2172 5972; x_wconf 95' lang='lat' dir='ltr'> </span> 
     </span>
    </p>
   </div>
  </div>
 </body>
</html>
