4326 5986
511 493 514 500 ·
572 482 657 604 406
963 502 1046 588 ort
1087 500 1295 586 aeuus
1345 500 1574 585 crsrrs
1724 447 1727 454 ’

525 661 779 785 bebantur,
813 661 1049 765 coemendi
1084 661 1262 804 gratia,
1295 661 1377 802 qui
1412 660 1557 764 olivae
1592 657 1789 768 ramulos
1814 698 1988 812 propa

526 809 588 918 cis
624 806 792 953 insigni
825 806 971 949 capite
1008 800 1345 956 praeferebant.

597 963 722 1059 XIX.
798 961 878 1056 Per
913 952 961 1054 id
997 989 1172 1092 tempus
1208 945 1407 1054 Adamus
1444 949 1693 1071 Centurio,
1728 984 1774 1054 et
1808 991 1914 1060 cum
1939 996 1982 1062 to

524 1097 823 1240 Joannetinus
870 1095 1013 1200 Doria
1062 1097 1326 1262 Hipponem
1369 1096 1614 1261 Regium
1621 1096 1680 1200 ad
1729 1135 1989 1243 oppugnan-

521 1249 598 1349 das
633 1245 871 1348 duodecim
905 1229 1149 1346 Cbaradini
1185 1243 1414 1364 triremes,
1454 1281 1569 1385 quae
1601 1240 1649 1344 in
1675 1243 1988 1384 praeterlaben-

524 1426 571 1493 te
606 1389 792 1492 flumine
828 1388 1205 1510 continebantur,
1242 1385 1465 1530 proficisci
1499 1385 1713 1519 jubetur,
1752 1427 1989 1534 expugnata

524 1535 646 1639 enim
682 1535 839 1638 Goleta
873 1533 1059 1635 Carolus
1095 1571 1201 1636 cum
1238 1534 1439 1634 nondum
1466 1534 1521 1635 ad
1548 1531 1737 1634 Tunetis
1765 1572 1987 1701 oppugna

524 1680 700 1785 tionem
742 1678 1099 1841 processisset,
1104 1679 1334 1782 Andream
1377 1677 1601 1800 Doriam,
1637 1716 1689 1780 ut
1731 1713 1821 1780 crat
1864 1682 1987 1784 totius

522 1815 666 1928 classis
703 1819 1016 1966 praefectus,
1000 1821 1151 1956 jussit,
1173 1860 1224 1924 ut
1261 1816 1537 1965 praefectum
1568 1822 1765 1968 aliquem
1791 1864 1894 1929 cum
1922 1823 1990 1938 fir,

521 1971 668 2076 miore
702 1969 830 2072 classe
864 1969 1058 2070 mitteret
1070 2046 1084 2091 ,
1106 1967 1187 2110 qui
1222 2008 1291 2070 eas
1325 1965 1570 2071 Charadini
1605 2007 1736 2070 naves
1768 1969 1841 2070 vel
1860 2007 1980 2111 capt

520 2151 602 2239 re,
640 2112 711 2215 vel
745 2113 975 2218 incendere
1009 2147 1204 2216 curaret.
1238 2113 1317 2216 Ad
1351 2113 1459 2216 haec
1495 2115 1569 2216 ille
1603 2111 1985 2258 respondit:mr-

519 2256 616 2360 lites
651 2259 852 2362 nauticos
888 2258 1216 2402 oppugnationi
1249 2259 1482 2363 Tenetis
1470 2296 1673 2362 interesse
1709 2259 1981 2400 cupientesa

521 2400 776 2507 triremibus
810 2405 1074 2526 discessisse,
1115 2443 1229 2547 quos
1266 2440 1375 2507 esset
1411 2402 1652 2547 perdificile
1687 2443 1713 2502 a
1749 2439 1868 2505 terta
1897 2439 1986 2508 ante

521 2549 910 2690 oppugnationem
944 2587 1177 2670 revocare,
1213 2585 1259 2651 ct
1294 2550 1394 2651 satis
1430 2588 1555 2713 posse
1590 2547 1856 2650 hostiles
1802 2583 1981 2650 triremes

519 2729 579 2792 ne
614 2692 792 2794 interim
827 2693 876 2794 in
909 2685 1049 2795 altum
1086 2694 1348 2814 exirent,a
1322 2693 1609 2817 atotidem,
1645 2732 1752 2836 quas
1781 2729 1889 2796 cum
1912 2694 1983 2794 du

520 2874 572 2937 cc
609 2836 761 2939 statim
795 2837 972 2941 mittere
1007 2837 1165 2960 vellet,
1201 2836 1456 2983 prohiberis
1492 2873 1538 2940 et
1562 2838 1623 2942 sic
1655 2877 1720 2941 res
1752 2839 1889 2942 dilata
1908 2873 1985 2961 est,

520 3017 604 3083 nec
640 2982 838 3086 Adamus
873 3021 974 3088 ante
1009 2985 1198 3147 missus,
1237 3022 1376 3126 quam
1410 2988 1566 3085 Tunes
1601 3019 1953 3126 expugnaretur.

561 3137 703 3227 XX.
778 3129 1026 3254 Adamus
1015 3128 1187 3292 rgimr,
1225 3164 1270 3230 et
1316 3128 1615 3265 Joannetinus
1652 3153 1754 3230 cum
1800 3125 1984 3269 quindt

520 3265 614 3372 cim
655 3309 815 3436 parum
857 3273 1054 3374 milite
1041 3272 1261 3375 mstmctis
1300 3270 1558 3374 triremibus
1603 3271 1758 3374 missus
1810 3272 1986 3517 Hippo.

521 3455 627 3518 nem
662 3417 923 3560 navigavit,
962 3419 1037 3520 sed
1072 3453 1193 3520 extra
1238 3416 1448 3520 tormenti
1489 3425 1657 3549 jactum
1699 3417 1749 3518 in
1790 3457 1878 3520 ane
1909 3454 1988 3518 ons

521 3597 676 3662 contra
722 3561 915 3663 {luminis
963 3563 1131 3664 ostium
1182 3561 1336 3666 diebus
1381 3557 1519 3662 tribus
1571 3559 1808 3686 constitit,
1857 3564 1992 3664 donec

521 3700 794 3808 Charadinus
829 3711 1006 3806 Tunete
1040 3705 1188 3808 relicta
1229 3701 1491 3849 fugiensque
1524 3745 1631 3809 cum
1674 3707 1760 3808 suis
1777 3708 1993 3872 Hippo·

520 3884 627 3950 nem
663 3849 895 3990 pervenits
930 3861 1054 3984 cujus
1082 3851 1276 3952 adventu
1308 3891 1362 3951 ex
1390 3848 1647 3953 Christianis
1675 3850 1886 3993 captivis,
1920 3849 1996 3995 qui

520 3993 580 4094 ad
614 4029 780 4096 nostras
817 4033 946 4096 naves
981 3989 1298 4140 configerent,
1335 3995 1522 4137 cognito
1559 3995 1757 4098 Adamus
1793 4003 1995 4134 Joanne

521 4136 729 4304 tinusque
765 4138 884 4242 haud
926 4181 971 4242 se
1010 4179 1221 4304 suamque
1264 4140 1441 4242 classem
1477 4178 1638 4302 parem·
1663 4138 1867 4243 hostibus
1903 4135 1997 4242 fore

403 4311 404 4314 ‘
524 4283 862 4407 existimantes,
884 4287 1015 4387 missa
1050 4285 1228 4388 trireme
1264 4286 1491 4388 Andream
1527 4283 1719 4388 Doriam
1755 4285 1993 4387 certiorem

448 4541 459 4564 ·
523 4419 692 4531 faciunt
724 4429 1167 4573 supplementumque
1202 4430 1405 4535 submitti
1429 4429 1679 4572 postulant.
1716 4427 1993 4532 Charadinus

522 4607 675 4678 autem
710 4574 1007 4718 spectantibus
1043 4577 1236 4698 nostris,
1273 4615 1355 4679 nec
1390 4575 1656 4678 tentantibus
1693 4576 1838 4678 modo
1886 4613 1987 4716 pro-

526 4713 681 4820 hibere
717 4760 808 4823 suas
846 4719 1037 4825 triremes
1075 4656 1300 4844 deduxit,
1334 4721 1619 4823 armamentis
1669 4717 1993 4884 tormentisque

526 4863 745 4991 munivit,
782 4898 826 4970 et
860 4869 1023 4972 ceteris
1053 4865 1182 4976 rebus
1223 4865 1507 4992 necessariis,
1542 4903 1593 4971 ut
1640 4866 1726 4972 suis
1770 4864 1992 5008 impositu

1907 5011 1992 5112 As.
